3180 5470
578 475 662 536 1350
680 482 797 536 nrtntn.
891 521 893 526 -
953 542 957 552 ,
1186 481 1250 541 423

112 651 279 718 hominem
295 675 355 738 pro
372 654 565 733 testimonio,
581 675 645 736 quo
661 661 811 738 presente
835 654 991 722 Nicolaus
1016 655 1102 723 filius
1127 659 1252 726 Micha-

113 759 176 825 elis
193 762 233 826 de
249 760 377 828 Sarouu
393 763 443 827 vel
460 763 603 828 Michael
619 763 705 829 filius
721 763 747 829 J
748 764 883 830 ohannis
900 765 939 831 de
956 764 1073 833 Gudur
1089 767 1253 834 autNico-

112 869 190 936 leus
205 870 292 936 lilius
309 872 491 938 Salamonis
517 873 555 937 de
575 872 708 937 Endred
733 875 798 939 sive
824 873 1010 958 Stephanus
1035 877 1074 940 de
1090 877 1251 944 Zilualruz

112 982 191 1046 aliis
207 981 393 1048 absentibus
419 983 513 1047 homo
538 988 654 1062 noster,
671 982 713 1048 ad
736 982 850 1048 faciem
874 983 1018 1068 predicte
1038 987 1247 1070 possessionis

112 1087 252 1174 Mykala
268 1140 299 1155 ..
324 1091 512 1169 accedenda
551 1091 730 1156 reambulet
761 1093 888 1177 ipsam.
914 1145 921 1159 .
945 1093 1246 1179 reambulatemque

112 1205 145 1262 et
154 1199 200 1263 ab
210 1199 350 1264 aliorum
366 1199 619 1283 possessionibus
635 1199 745 1265 metali
763 1199 971 1265 distinccione
988 1207 1182 1286 separatam,
1199 1225 1247 1268 re-

113 1308 245 1391 linquat
260 1328 332 1373 eam
348 1306 492 1390 predicto
508 1306 640 1372 Andree
666 1307 731 1372 filio
751 1307 842 1372 Petri
860 1329 897 1372 eo
912 1309 982 1374 iure
999 1329 1063 1392 quo
1080 1309 1121 1374 ad
1145 1310 1250 1394 ipsum

113 1416 298 1483 dinoscitur
314 1417 484 1501 pertinere,
501 1421 658 1500 perpetuo
683 1415 909 1498 possidendam
926 1417 953 1481 si
979 1437 1041 1482 non
1065 1417 1163 1482 fuerit
1179 1439 1250 1483 con-

75 1539 79 1552 ·
112 1525 302 1606 tradictum,
319 1524 569 1591 contradictores
586 1525 703 1588 verosi
721 1525 776 1607 qui
793 1523 921 1608 suerint,
942 1527 1019 1591 citet
1035 1527 1121 1609 ipsos
1138 1533 1250 1592 centra

112 1633 254 1698 eundem
269 1633 439 1699 Andream
455 1633 496 1698 ad
512 1638 654 1698 nostram
681 1632 881 1717 presenciam
906 1633 947 1698 ad
971 1634 1144 1700 terminum
1165 1655 1248 1702 oom-

111 1749 288 1825 petentem.
312 1740 360 1808 Et
374 1747 447 1826 post
462 1743 521 1808 hec
538 1743 651 1808 seriem
678 1741 778 1826 ipsius
813 1741 1080 1809 reambulooionis
1097 1795 1103 1808 .
1121 1795 1127 1808 .
1153 1742 1244 1808 nobis

110 1850 255 1916 fideliter
269 1850 465 1917 rescribatis.
495 1851 618 1916 Datum
644 1851 747 1928 Bude,
771 1851 805 1915 in
824 1851 905 1915 festo
931 1857 1042 1916 sancte
1068 1851 1249 1929 Trinitatis,

111 1979 199 2024 anno
216 1958 339 2024 domini
355 1958 532 2024 Millesimo
549 1957 669 2025 000Πιο
686 1959 752 2023 Lm⁰
770 1955 801 2042 (.
819 2007 825 2022 .
843 1957 874 2041 .)
891 1956 959 2022 Nos
976 1959 1078 2041 igitur
1095 2011 1101 2023 .
1118 2011 1124 2023 .
1160 1981 1238 2026 una-

110 2089 192 2132 rum·
211 2066 351 2133 Nicolao
376 2065 443 2130 filio
463 2065 634 2131 Michaelis
660 2067 787 2132 homine
813 2073 918 2131 vestro
934 2067 1088 2150 predicto,
1105 2068 1247 2134 Paulum

110 2175 331 2260 presbiterum
347 2175 386 2239 de
404 2174 501 2240 choro
518 2173 604 2240 dicte
629 2179 737 2240 nostre
762 2174 894 2239 ecclesie
918 2175 1079 2239 hominem
1103 2182 1248 2242 nostrum

109 2306 171 2368 pro
188 2283 373 2349 testimonio
399 2283 441 2348 ad
464 2283 610 2367 predicta
635 2283 839 2366 exsequenda
865 2283 1013 2349 duximus
1029 2285 1249 2350 transmitten-

110 2395 206 2475 dum;
232 2392 349 2476 quibus
366 2392 495 2458 tandem
512 2393 554 2458 ad
579 2414 637 2458 nos
662 2393 805 2471 reversis,
821 2391 906 2457 idem
925 2392 1021 2458 homo
1046 2401 1150 2458 vester
1177 2416 1248 2477 pre·

109 2508 203 2568 sente
229 2501 316 2567 dicto
341 2507 453 2566 nostro
478 2502 663 2566 testimonio
688 2501 779 2566 nobis
811 2501 923 2566 retulit
947 2503 980 2566 in
1005 2501 1091 2568 hunc
1109 2503 1248 2582 modum,

110 2609 198 2692 quod
215 2612 285 2693 ipse
303 2609 437 2674 sabbato
453 2611 599 2692 proximo
617 2591 691 2674 ante
717 2609 835 2674 festum
853 2609 941 2674 beati
967 2609 992 2674 J
993 2608 1083 2674 acobi
1111 2611 1247 2694 apostoli
1293 2599 1294 2603 ¹

110 2719 259 2803 proxime
276 2720 467 2803 preteritum
494 2718 675 2784 adfaciem
700 2717 843 2803 predicte
869 2718 1078 2800 possessionis
1094 2717 1248 2802 Mychala
1276 2769 1281 2778 .

110 2827 303 2905 accedendo,
319 2825 523 2910 presentibus
539 2826 651 2891 vicinis
668 2831 699 2888 et
714 2826 940 2890 commetaneis
965 2825 1107 2891 eiusdem
1123 2827 1247 2892 unirer-

110 2937 165 3014 sis,
174 2936 254 3000 dum
270 2934 406 3000 eandem
422 2934 463 3000 ab
479 2935 552 3000 aliis
569 2932 821 3018 possessionibus
838 2932 1072 2998 reambulasset
1088 2953 1247 3016 perieras

109 3051 214 3110 metas
232 3065 318 3127 suas,
328 3049 361 3108 et
376 3064 474 3109 novas
490 3043 582 3108 iuxta
596 3049 720 3108 ueteres
736 3041 792 3108 uhi
811 3063 938 3108 necesse
955 3043 1066 3109 suisset
1082 3045 1245 3122 erexisset,

109 3160 142 3218 et
174 3153 216 3217 ad
248 3157 352 3216 metas
384 3150 593 3234 possessionis
618 3149 709 3214 Zedc
740 3150 1029 3234 appropinquando
1060 3149 1246 3231 devenisset,

108 3259 221 3346 tunc(
224 3309 399 3326 ........
410 3309 423 3322 r.
440 3258 462 3344 .)
486 3279 506 3324 a
531 3257 799 3336 reambulacione,
823 3265 1018 3323 nontamen
1043 3279 1063 3322 a
1087 3265 1247 3326 metarum

108 3372 277 3437 erecoione
303 3366 551 3434 contradicendo
576 3365 803 3449 prohibuisset,
828 3365 971 3446 dicendo,
988 3367 1075 3450 quod
1100 3387 1165 3432 non
1188 3388 1246 3451 per

108 3499 226 3544 cursus
242 3497 375 3543 suarum
391 3481 551 3540 metarum
567 3495 623 3538 sen
640 3473 750 3539 ordine
771 3475 948 3540 transirent
966 3527 971 3540 .
998 3527 1004 3540 .
1044 3477 1070 3541 si
1087 3495 1144 3558 per
1161 3476 1245 3542 ordi-

108 3608 184 3651 nem
200 3592 234 3651 et
250 3585 425 3650 secundum
441 3603 554 3649 cursus
570 3587 728 3650 metarum
749 3591 882 3647 suarum
897 3584 1037 3649 transire
1053 3585 1173 3649 vellent
1189 3583 1246 3668 qui

109 3701 199 3760 reete
210 3691 417 3758 ostenderent
428 3691 468 3756 ed
479 3691 690 3774 propositum,
700 3711 763 3755 non
774 3690 1026 3772 contradiceret3
1041 3688 1125 3775 ubi(
1126 3739 1228 3758 .....
1231 3689 1244 3776 )

108 3802 276 3868 racionem
296 3821 352 3865 sue
371 3797 637 3864 contradiccionis
654 3804 767 3864 contra
792 3805 1004 3864 memoratum
1020 3797 1189 3866 Andream
1205 3799 1244 3865 de

107 3909 257 3995 Myhala,
274 3909 315 3973 ad
340 3908 539 3991 presenciam
571 3913 710 3973 vestram
736 3906 778 3973 ad
804 3907 982 3989 quindenas
1007 3908 1146 3992 predicti
1171 3908 1244 3973 festi

108 4019 198 4084 beati
215 4018 241 4084 J
242 4015 335 4084 acobi
352 4017 489 4100 apostoli
506 4015 699 4081 citavissent.
724 4013 850 4082 Datum
875 4017 974 4082 tercio
993 4015 1043 4081 die
1059 4016 1135 4082 festi
1150 4015 1245 4082 beate

108 4127 209 4193 Anne
225 4126 342 4192 matris
357 4123 472 4204 Mario,
489 4146 573 4190 anno
589 4124 760 4190 antedicto.

220 4287 352 4340 zarlatrin
365 4289 456 4354 pecset
478 4288 672 4338 teredekeivsl.
698 4289 722 4337 A
736 4287 848 4351 paplrra
871 4288 908 4338 irt
931 4287 1051 4350 okrndny
1075 4289 1242 4354 igenfoltoa

107 4383 190 4434 innet
203 4398 219 4432 a
231 4380 374 4444 hisinyok5
394 4377 524 4443 eredetije
538 4395 570 4430 az
585 4393 652 4428 orsz.
667 4380 699 4428 lt.
712 4377 812 4428 kincst.
827 4383 893 4428 cszt.
916 4379 949 4428 N.
963 4379 995 4428 R.
1010 4377 1042 4427 A.
1059 4381 1117 4428 943.
1133 4383 1157 4428 3.
1177 4379 1243 4442 dipl.

108 4479 179 4523 oszt.
193 4477 272 4522 4139.
292 4469 391 4520 Kozri:
410 4471 518 4522 Kentos
531 4471 564 4521 N.

598 4651 710 4658 b———-
726 4651 757 4658 ..-
