3180 5466
320 445 384 507 504
669 462 857 507 usionnosr
874 450 1089 508 ouiilnrrln.

318 645 390 687 rum
406 625 438 686 in
454 623 608 706 personis,
633 622 675 688 ud
701 631 808 688 nostre
834 626 1017 689 serenitatis
1044 625 1222 690 :resedendo
1240 629 1463 710 presenciam,

319 732 535 798 exhibuerunt
550 732 642 797 nobis
658 732 814 815 quasdem
840 733 953 799 literas
970 741 1119 815 patentes
1146 736 1309 816 quondam
1327 789 1333 800 .
1352 788 1358 800 .
1384 734 1460 800 Ka-

319 841 404 905 roli.
423 889 428 901 .
451 842 584 924 regis..
610 862 682 906 eum
708 840 808 904 tercio
834 848 866 906 et
891 837 1005 908 ultimo
1024 842 1129 924 sigillo
1153 865 1210 908 sno
1235 845 1460 928 consignatas.

322 970 418 1032 super
433 948 641 1014 libertatibus
657 947 800 1030 ipsorum
816 949 986 1028 confectae,
1012 971 1069 1032 per
1096 951 1230 1016 eundem
1256 961 1385 1038 petrem
1403 975 1462 1016 1ο-

321 1063 424 1122 strnm
441 1055 560 1120 eisdem
577 1054 670 1122 detes
681 1061 714 1120 et
724 1077 899 1134 concessae,
910 1059 1031 1122 tenoris
1041 1057 1249 1142 infrascripti,
1266 1067 1436 1144 petentes.
1455 1109 1461 1120 .

322 1148 359 1231 ut
375 1163 502 1230 easdem
519 1163 558 1227 de
574 1167 671 1230 verbo
688 1165 729 1230 ed
746 1165 878 1230 verbum
888 1165 1008 1232 nostris
1025 1167 1128 1230 literis
1144 1166 1336 1252 patentibus
1354 1176 1463 1234 trans·

323 1273 419 1339 scribi
435 1272 540 1338 faeere
551 1280 583 1338 et
599 1271 788 1338 confirmare
800 1273 1024 1354 dignaremur3
1042 1297 1179 1357 querum
1190 1284 1284 1342 tenor
1296 1277 1376 1340 talis
1392 1284 1442 1342 est
1456 1301 1462 1338 :

324 1380 358 1466 (l.
390 1382 437 1447 Π.
469 1381 533 1448 litt.
569 1383 640 1446 527.
682 1379 719 1466 l.)
753 1379 821 1446 Nos
858 1384 969 1463 itaque
996 1383 1184 1448 humillimis
1210 1385 1462 1470 supplicationi-

323 1491 384 1555 bus
400 1489 618 1574 predictorum
646 1489 776 1556 Nicolsi
800 1490 914 1555 iudicis
940 1490 978 1554 de
1005 1491 1135 1557 civitate
1153 1500 1265 1558 nostra
1291 1492 1463 1557 Borsiensi

323 1597 476 1682 predicta,
492 1599 570 1664 item
586 1597 725 1664 Msrkus
741 1598 800 1663 filii
815 1595 952 1677 Nicolsi,
963 1600 1055 1664 Petri
1075 1598 1133 1663 filii
1150 1600 1237 1666 Both
1254 1606 1288 1664 et
1305 1599 1460 1664 Henehel

324 1704 383 1770 filii
399 1705 502 1772 Terus
519 1707 634 1772 civium
651 1709 832 1774 iuratorum
857 1707 896 1772 de
914 1709 1033 1786 eadem,
1054 1709 1142 1791 regio
1158 1709 1306 1773 inclinati
1323 1729 1399 1772 curn
1416 1709 1431 1772 f
1451 1743 1463 1754 -
1579 1773 1580 1780 χ

325 1835 408 1893 vere,
419 1815 582 1900 predictas
597 1816 709 1881 literas
735 1823 889 1899 paternas
900 1837 995 1900 super
1011 1815 1215 1882 libertatibus
1232 1818 1380 1899 ipsorum
1392 1837 1466 1880 eon·
1579 1791 1580 1874 l

326 1922 436 2014 sectas,
452 1943 510 2006 per
526 1923 707 2006 predictum
729 1931 857 2006 patrem
876 1931 1022 1990 nostrum
1033 1922 1152 1987 eisdem
1163 1922 1284 1987 civibus
1302 1945 1342 1989 ee
1358 1925 1466 2009 hospi·
1579 1923 1580 1986 3

325 2032 414 2099 tibus
430 2031 469 2096 de
486 2031 631 2116 predicte
646 2031 730 2097 Bors
748 2032 842 2098 detes
859 2039 891 2098 et
907 2053 1081 2110 concessas,
1099 2031 1137 2096 de
1153 2031 1251 2096 verbo
1268 2033 1311 2096 ad
1328 2032 1463 2097 verbnm
1579 2097 1580 2100 ,

327 2140 531 2224 presentibus
546 2140 693 2218 insertas,
719 2146 853 2205 eatenus
881 2148 1040 2221 quatenus
1057 2141 1140 2207 vires
1166 2141 1353 2206 earumdem
1381 2142 1464 2204 reri·

328 2251 391 2316 tati
409 2249 637 2331 suffragantur,
654 2255 686 2313 et
701 2257 799 2334 prout
815 2249 924 2314 eedem
941 2271 1037 2335 super
1056 2249 1150 2314 dictis
1176 2248 1385 2314 libertatibus
1403 2251 1467 2312 rite
1579 2243 1580 2316 i

329 2365 361 2422 et
377 2357 521 2440 legitime
538 2359 681 2423 existunt
697 2366 853 2440 emunate,
871 2359 999 2424 eusdem
1015 2358 1134 2424 uostris
1150 2357 1253 2422 literis
1273 2357 1466 2442 patentibus
1579 2393 1580 2450 3

330 2465 521 2531 transscribi
548 2465 682 2530 fecimus
708 2465 941 2532 confirmantes.
970 2467 1095 2533 Datum
1114 2465 1215 2542 Bude
1242 2465 1384 2529 seeundo
1413 2465 1468 2529 die

330 2572 405 2640 festi
421 2575 600 2640 nativitatis
615 2574 701 2638 besti
718 2574 879 2639 Johannis
905 2575 1063 2658 Baptiste,
1090 2595 1173 2639 suno
1203 2573 1324 2637 domini
1357 2572 1468 2636 Mille-

332 2684 412 2746 simo
428 2680 549 2750 OOOffl⁰
566 2684 831 2766 quinquagesimo
848 2684 959 2766 primo.

439 2845 592 2910 Httlepjtn
605 2865 621 2896 a
634 2862 707 2912 nagy
730 2847 832 2910 kirtlyi
856 2846 948 2909 peeset
971 2845 1072 2909 helyen
1095 2861 1106 2893 s
1128 2847 1201 2894 beuti
1226 2861 1258 2894 az
1278 2844 1387 2894 oklevel
1408 2845 1472 2894 alst
1579 2813 1580 2866 l

333 2935 425 2985 sze'len
439 2950 453 2984 e
468 2936 570 2986 szevak
583 2937 764 2987 olveshatbk:
778 2937 895 2988 »relacio
908 2936 1015 2986 Nicolai
1030 2935 1139 2986 Alberti
1153 2951 1199 2999 per
1207 2936 1369 2984 Ladislaum
1383 2949 1472 2984 eann-
1579 2989 1580 2992 Ἴ

334 3025 428 3074 uiuum
441 3030 566 3076 nostrum
580 3026 612 3077 de
625 3029 785 3078 Zathmar«.
805 3026 944 3090 Eredetije
958 3041 989 3075 az
1001 3040 1070 3076 orsz.
1085 3027 1115 3076 lt.
1129 3025 1228 3076 kinest.
1252 3031 1319 3074 oszt.
1335 3025 1368 3073 N.
1384 3025 1416 3074 1³..
1437 3027 1474 3073 A.

337 3117 398 3163 872.
413 3117 436 3163 8.
450 3114 516 3180 dipl.
531 3123 598 3167 oszt.
613 3123 690 3169 2651.
702 3119 785 3167 Ktzli
797 3135 802 3167 :
816 3117 925 3167 Kovtes
938 3117 971 3166 N.

860 3462 932 3521 304.

338 3619 434 3682 1351.
452 3619 560 3698 Beda,
570 3624 641 3703 jun.
661 3621 712 3684 27.
730 3620 758 3682 I.
779 3619 872 3704 Lajos
898 3619 1007 3706 kirtly
1038 3621 1139 3702 dtirjn
1156 3641 1192 3680 az
1210 3619 1277 3701 egri
1301 3615 1476 3701 1111ιί11-

336 3727 402 3790 nult
420 3729 514 3792 1349.
524 3730 596 3811 juri.
614 3729 713 3792 2-kntn
729 3727 791 3791 tet
807 3727 977 3812 jelente'stt
1004 3726 1084 3812 mely
1110 3725 1223 3789 suerint
1255 3723 1479 3808 Tellesprunni
1579 3733 1580 3792 ζ

341 3835 484 3916 Otto'fiai
499 3837 530 3898 es
557 3835 680 3922 lednya,
697 3835 794 3900 Anna
819 3838 922 3902 Ja‘nos
946 3836 1070 3921 911ιὸνί
1093 3836 1124 3898 es
1148 3833 1316 3928 esonqrddi
1334 3829 1477 3916 fbispu'n

338 3947 413 4026 beje,
429 3942 577 4029 Somofyyi
591 3953 671 4008 neur’t
688 3943 797 4030 Abauj
813 3945 993 4028 udrmeqyei
1008 3941 1152 4008 histob-ba
1168 3941 1399 4018 beittatrauat,
1411 3963 1478 4002 τηε-
1579 3933 1580 3938 ’

338 4050 401 4135 lyet
412 4073 433 4114 a
449 4051 602 4137 tirutyttt
617 4051 747 4136 De‘utny
763 4054 891 4116 edraert
916 4053 946 4116 es
963 4075 984 4113 a
999 4052 1092 4115 ἠθικά
1116 4047 1394 4131 tartozefaluktrt
1411 4071 1478 4111 cse-
1579 4063 1580 4126 j

792 4160 862 4224 rebe
887 4159 1016 4244 kaptak.
1579 4167 1580 4176 ’

447 4319 516 4384 Nos
541 4321 719 4386 Lodovieus
738 4370 768 4386 ..
792 4344 892 4385 rer..
918 4319 1134 4404 significemus
1151 4371 1181 4385 ..
1206 4317 1291 4402 quod
1316 4318 1477 4399 magister

339 4428 507 4494 lohannes
532 4427 618 4494 filius
635 4426 817 4495 Alexandri
843 4430 902 4495 filii
928 4428 1027 4494 Oelen
1052 4449 1156 4493 eomes
1181 4426 1418 4494 Gwmuriensis
1443 4433 1479 4488 et
1579 4429 1580 4492 ἶ

340 4536 621 4620 Changrndiensis‚
647 4540 714 4603 viee
741 4547 774 4605 et
800 4538 980 4604 nominibus
1005 4535 1158 4602 Pernoldi
1178 4534 1363 4600 Eberhardi
1380 4533 1480 4596 ll'eel

340 4649 373 4707 et
394 4643 419 4708 J
421 4643 535 4708 ensliui
551 4645 689 4710 filiorum
707 4643 846 4712 Othonis
863 4645 901 4710 de
929 4643 1130 4728 'l'elyesprun
1155 4665 1192 4708 se
1217 4640 1333 4706 nobilis
1349 4640 1480 4703 domine
1579 4683 1580 4698 i
