3180 5466
356 485 421 548 488
716 503 902 548 1111111111
919 489 1132 548 0111111111.

351 663 530 745 aquilonis;
555 667 633 729 item
658 663 689 727 in
716 667 915 748 possessione
944 664 1087 748 ipsorum
1122 668 1264 748 aquisita
1289 664 1492 748 Myhaliolra

351 776 465 837 vocata
481 793 501 836 a
517 777 611 858 parte
627 771 831 837 meridionali
856 772 948 838 iuxta
973 771 1106 837 fluvium
1133 771 1225 854 Saar,
1250 774 1313 838 due
1329 777 1488 840 sessiones

352 882 523 946 cessissent
538 879 704 958 Miohaeli,
722 881 813 945 iuxta
839 899 920 960 quas
945 879 1103 946 consimili
1122 881 1217 944 modo
1242 881 1305 946 due
1329 881 1488 946 sessiones

353 991 509 1072 magistro
525 987 672 1066 Nicolao,
689 1009 709 1052 a
725 987 843 1070 quibus
859 988 900 1054 ad
916 993 1042 1074 partem
1063 989 1224 1072 aquilonis
1245 989 1406 1054 tendendo
1423 1011 1488 1054 una

355 1099 455 1162 sessio
470 1095 636 1174 Miohaeli,
653 1102 719 1161 tres
730 1117 804 1160 vero
815 1099 971 1162 sessiones
982 1095 1119 1162 Nicolao
1129 1091 1267 1162 fuissent
1282 1069 1490 1178 devolutefer

353 1208 445 1271 iuxta
461 1207 545 1270 viam
558 1224 623 1285 qna
638 1207 704 1269 itur
715 1207 749 1270 11
760 1205 909 1280 Telekus,
920 1227 985 1272 una
994 1209 1150 1289 magistro
1167 1205 1331 1286 Miohaeli,
1342 1206 1406 1270 due
1416 1227 1491 1270 vero

355 1315 510 1396 magistro
542 1312 679 1378 Nicolao
711 1316 957 1394 remansissent;
988 1315 1066 1378 item
1098 1315 1187 1380 ultra
1217 1314 1357 1380 rivulum
1390 1335 1493 1396 prope

357 1442 479 1504 aquam
496 1419 537 1485 ab
554 1425 694 1503 utraque
709 1427 804 1505 parte
820 1422 927 1506 platee
943 1421 1007 1487 dne
1023 1424 1180 1488 sessiones
1197 1423 1363 1500 Miohaeli,
1380 1428 1414 1486 et
1430 1445 1495 1487 uua

359 1529 399 1593 de
415 1529 478 1593 fine
495 1527 536 1593 ad
552 1528 795 1595 meridionalem
811 1530 961 1616 plagam3
985 1533 1062 1596 item
1079 1531 1141 1596 dne
1159 1533 1323 1596 sessiones
1343 1529 1494 1594 devoluto

356 1639 445 1702 intra
461 1639 565 1723 ipsam
581 1637 711 1702 finalem
727 1641 901 1704 sessionem
916 1641 1019 1723 posite
1030 1638 1167 1705 fuissent
1177 1639 1334 1722 magistro
1345 1637 1494 1717 Nicolao,

355 1750 388 1809 et
412 1766 432 1809 a
457 1745 555 1830 plaga
579 1746 740 1829 aquilonis
765 1746 909 1811 eiusdem
924 1746 1030 1831 platee
1056 1747 1118 1812 due
1136 1749 1293 1812 sessiones
1318 1749 1492 1813 cessissent

357 1853 521 1932 Miohaeli,
537 1859 569 1918 et
584 1853 703 1920 ibidem
736 1875 801 1920 una
826 1857 983 1937 magistro
1008 1853 1153 1934 Nicolao‚
1179 1853 1244 1920 alia
1265 1875 1341 1920 vero
1367 1855 1408 1919 de
1432 1854 1494 1918 fine

358 1964 513 2045 magistro
530 1960 687 2028 Miohaeli
703 1963 934 2027 remansissent
948 1962 1159 2046 possidende;
1184 1969 1327 2028 ceterum
1352 1962 1417 2028 due
1433 1985 1494 2028 ses·

358 2070 464 2134 siones
474 2076 551 2136 sunt
560 2073 653 2136 iuxta
664 2070 796 2138 11111111
812 2070 993 2136 Saarintra
1003 2071 1231 2152 molendinum,
1242 2093 1385 2155 quarum
1395 2093 1492 2137 unani

359 2176 400 2240 ad
417 2177 582 2243 meridiem
598 2181 754 2262 magistro
770 2177 934 2263 Miohaeli,
961 2181 1058 2246 aliam
1084 2183 1241 2264 magistro
1265 2179 1407 2245 Nicolao
1431 2201 1493 2245 ces-

361 2286 439 2350 sisse
456 2283 682 2364 affirmassent,
697 2287 917 2354 molendinum
933 2307 1006 2354 vero
1022 2287 1142 2353 ibidem
1157 2289 1191 2352 in
1207 2287 1411 2372 Myhalfalva
1430 2309 1492 2352 rna-

360 2391 461 2474 gistro
476 2393 643 2472 Miohaeli,
659 2394 751 2461 aliud
766 2415 840 2460 vero
852 2395 1072 2461 molendinum
1087 2396 1122 2460 in
1137 2395 1211 2460 Lak
1226 2398 1385 2478 magistro
1401 2395 1493 2460 Nico·

360 2498 412 2564 lao
428 2499 586 2566 dixissent
607 2502 809 2583 devolutum3
826 2510 974 2590 preterea
999 2505 1124 2569 vineam
1140 2506 1288 2587 magistri
1308 2503 1440 2569 Nicolai
1462 2507 1491 2568 in

361 2610 524 2673 territorio
540 2609 612 2675 Lalr
639 2631 696 2695 per
717 2610 852 2676 eundem
878 2610 1053 2676 Nicolaum
1078 2611 1258 2696 plantatam
1291 2617 1361 2676 tam
1394 2613 1439 2677 ibi
1463 2615 1491 2676 iu

361 2715 516 2782 divisione
532 2739 629 2800 quam
646 2721 679 2784 in
696 2723 862 2805 presencia
878 2721 955 2786 dicti
972 2720 1116 2806 capituli,
1133 2720 1238 2786 dictus
1258 2721 1418 2802 magister
1434 2719 1492 2785 Mi·

361 2824 453 2890 ohael
470 2825 573 2890 eidem
588 2831 744 2911 magistro
759 2827 896 2895 Nicolao
911 2829 1006 2894 fratri
1023 2849 1081 2895 suo
1098 2831 1166 2894 sine
1190 2829 1348 2894 divisione
1363 2827 1491 2914 pacifice

360 2936 560 3016 permisisset
575 2941 608 3002 et
623 2937 806 3020 reliquisset
821 2938 994 3024 possidere,
1010 2940 1037 3002 si
1053 2940 1121 3022 ipse
1137 2937 1280 3004 Miohael
1300 2937 1401 3003 vellet
1423 2959 1489 3004 oon·

361 3041 458 3107 simili
474 3042 544 3108 loco
560 3045 592 3109 in
608 3047 771 3110 territorio
796 3045 967 3128 plantandi
992 3066 1050 3130 pro
1076 3065 1109 3110 se
1134 3048 1260 3111 vineam
1286 3045 1424 3112 liberam
1439 3047 1487 3111 ba·

361 3149 453 3215 beret
467 3150 673 3233 facultatem3
699 3155 776 3218 item
792 3157 824 3218 in
843 3175 927 3219 anno
946 3155 1067 3220 domini
1088 3153 1264 3218 Millesimo
1288 3151 1391 3221 000⁰
1406 3153 1487 3218 XX⁰

362 3267 461 3338 sexto,
477 3261 655 3327 secundnm
671 3263 906 3327 continenciam
922 3265 1067 3348 priorum
1086 3261 1257 3328 literarum
1274 3262 1418 3327 eiusdem
1441 3282 1484 3328 ca·
1580 3325 1581 3360 ,

361 3368 458 3452 pituli
475 3365 680 3434 Oestriferrei
706 3371 738 3434 in
764 3373 885 3436 octavis
901 3369 974 3436 festi
999 3373 1102 3436 sancti
1127 3368 1244 3435 Jacobi
1261 3369 1411 3453 apostoli,
1426 3389 1483 3434 ma·
1580 3367 1581 3378 ‘

363 3478 463 3559 gister
478 3476 635 3542 Nicolaus
652 3483 685 3541 et
700 3478 843 3543 Miohael
858 3476 918 3544 filii
933 3478 1037 3562 Elley,
1062 3477 1214 3544 Andreas
1242 3477 1331 3542 filius
1348 3478 1483 3546 Martini,

363 3583 482 3648 Petrus
498 3585 622 3650 Paulus
639 3591 672 3649 et
687 3585 799 3650 Bedur
814 3585 931 3650 fratres
948 3588 1006 3668 sui,
1033 3587 1265 3669 possessionem
1281 3587 1424 3669 ipsorum
1438 3585 1483 3650 he

364 3690 553 3757 reditariam
569 3695 603 3758 in
619 3693 764 3777 Hydweg
782 3696 981 3771 existentem,
997 3692 1073 3758 olim
1089 3713 1146 3778 per
1162 3692 1293 3758 Elleum
1303 3692 1482 3758 Martinam.

364 3804 397 3864 et
412 3797 606 3866 Marcellum
623 3801 755 3867 Andree
771 3802 811 3866 de
827 3802 938 3868 eadem
964 3802 1116 3885 Hydweg
1142 3801 1327 3885 obligatam,
1344 3822 1402 3886 pro
1416 3801 1481 3866 duo·

364 3907 467 3972 decim
482 3912 601 3975 marcis
617 3909 823 3974 denariorum
840 3909 881 3973 ab
898 3910 1008 3974 eodem
1025 3907 1161 3974 Andros
1176 3908 1243 3974 filio
1259 3908 1371 3974 Endre
1386 3927 1481 3973 ooran

363 4017 434 4100 ipso
460 4018 600 4100 capitulo
632 4019 787 4083 redimere
813 4015 1007 4096 debuissent,
1038 4018 1226 4083 adveniente
1257 4020 1327 4102 ipso
1358 4019 1481 4083 termino

365 4124 470 4192 dictus
485 4129 638 4209 magister
653 4125 809 4192 Nicolaus
825 4125 911 4191 filius
927 4126 1021 4211 Elley
1036 4147 1075 4190 ex
1091 4127 1300 4211 permissione
1315 4133 1348 4191 et
1360 4125 1481 4192 licencia

365 4233 504 4301 fratrum
520 4255 651 4301 suorum
666 4237 919 4318 prescriptorum
935 4255 1008 4300 cum
1025 4236 1157 4318 propria
1173 4255 1233 4300 sua
1248 4235 1391 4319 pecunia,
1405 4230 1480 4297 ride-

365 4344 442 4410 lioet
457 4345 491 4409 in
507 4341 673 4409 duodecim
690 4346 816 4422 marcis,
832 4344 952 4426 partim
969 4345 1002 4408 in
1018 4343 1305 4428 denariiapromtis
1320 4341 1481 4407 111111111-

366 4451 527 4532 nensibus,
544 4454 663 4534 partim
679 4453 798 4517 veroin
809 4453 1015 4517 estimaoione
1031 4471 1188 4535 equorum
1199 4448 1355 4516 ethorum
1370 4449 1477 4513 dictam

366 4561 597 4642 possessionem
614 4580 724 4625 eornm
740 4559 885 4644 Hydweg
901 4564 1047 4624 vocatam
1071 4558 1261 4624 redemisset
1285 4577 1388 4624 coram
1402 4555 1480 4635 oapi-

368 4669 437 4734 tulo
453 4675 630 4754 prenotato,
648 4668 759 4734 eadem
776 4670 933 4752 possessio
950 4690 1022 4732 cum
1048 4670 1114 4732 suis
1134 4665 1332 4732 utilitatibus
1347 4668 1378 4729 in
1391 4665 1434 4728 ius
1448 4668 1482 4724 et
