3226 5462
523 434 617 495 1347.
635 436 706 496 utu.
726 435 775 495 la.
1174 439 1215 499 65

100 607 215 671 domino
230 607 382 674 Johanne
398 609 476 673 olim
501 609 620 674 lectore
646 609 778 676 ecclesie
804 613 947 695 predicte
973 619 1004 678 et
1031 614 1149 680 vicario
1165 615 1219 679 do·

100 712 203 798 mini(
204 766 302 782 .....
303 713 317 800 )
343 717 487 800 predicti,
512 723 546 782 et
563 719 695 784 tandem
720 719 921 786 diversarum
948 724 1217 807 prorogacionum

100 822 217 888 cautelis
234 826 532 910 supervenientibus
549 825 608 892 suh
628 850 684 912 spe
695 829 783 912 pacis
793 831 878 895 inter
891 851 925 896 se
941 831 1092 898 habende
1109 854 1217 898 eoram

103 931 181 998 nobis
195 933 283 998 accio
299 954 355 999 seu
372 936 489 1018 peticio
505 936 673 1022 proposita
688 938 868 1004 exstitisset
884 961 981 1024 super
997 947 1115 1024 quarta
1126 940 1219 1008 filiali

102 1043 190 1123 ipsam
204 1041 369 1110 dominam
385 1051 421 1109 ut
437 1045 467 1110 d.
483 1041 497 1130 (
500 1095 627 1112 ......
629 1043 643 1131 )
658 1047 691 1112 in
702 1047 901 1130 possessione
918 1049 1061 1132 ipsorum
1077 1048 1217 1115 filiorum

101 1152 224 1216 Haunns
250 1152 413 1238 Redyolcu
437 1161 551 1222 vocata
576 1160 609 1220 et
634 1155 871 1238 pertinentibus
895 1155 1149 1241 possessionibus
1176 1156 1218 1222 ad

100 1261 217 1326 eandem
234 1262 443 1347 contingente
460 1269 493 1328 et
509 1262 550 1329 ab
566 1262 701 1329 adversa
717 1271 810 1348 parte
836 1285 895 1350 per
920 1264 1103 1348 negativam
1128 1265 1219 1332 litem

100 1375 294 1454 contestante,
312 1370 533 1437 dictedomine
544 1372 585 1438 ad
597 1369 619 1456 s.
637 1425 644 1438 .
661 1421 667 1438 .
686 1425 691 1438 .
709 1370 825 1458 .).dum
841 1373 902 1440 sihi
918 1375 951 1440 in
967 1373 1079 1440 eadem
1095 1395 1219 1458 posses-

101 1479 176 1542 sione
199 1477 316 1544 dehere
342 1484 492 1562 quartam
518 1478 659 1563 filialem,
690 1478 786 1546 dictis
811 1489 899 1546 vero
912 1479 987 1546 filiis
1012 1480 1152 1547 Hannus
1177 1483 1219 1548 ad

102 1585 323 1669 reprobandam
339 1587 552 1653 intenoionem
569 1587 696 1652 domine
707 1588 858 1667 eiusdem,
874 1588 1052 1654 volentibus
1068 1589 1216 1673 partibus

103 1715 152 1776 per
173 1715 227 1760 nos
252 1695 369 1760 fuisset
385 1696 544 1762 terminus
560 1697 753 1780 peremtoria
779 1694 902 1782 assig(
903 1746 1028 1764 ......
1031 1696 1044 1782 )
1070 1699 1214 1781 ipsorum

101 1804 285 1868 munimenta
311 1805 461 1870 universa
486 1811 519 1870 et
543 1805 679 1889 singula,
706 1826 768 1890 que
794 1811 828 1870 et
852 1806 969 1890 quihus
995 1806 1029 1870 in
1055 1807 1216 1872 causanti

101 1911 206 1977 vellent
235 1913 441 1996 supradicta;
473 1913 543 1998 ipso
575 1914 705 1978 tandem
737 1914 875 1979 termino
905 1914 1104 1997 adveniente,
1130 1913 1216 1979 dicta

103 2020 218 2085 domina
233 2021 345 2086 literas
371 2021 590 2106 privilegiales
614 2021 772 2106 Stephani
798 2023 876 2088 olim
898 2023 984 2107 regis
1002 2075 1008 2087 .
1025 2073 1031 2087 .
1049 2021 1108 2087 sub
1134 2043 1219 2088 anuo

99 2129 207 2194 domini
222 2130 274 2195 Μο
298 2127 391 2197 0οΜ
408 2130 655 2214 septuagesimo,
672 2131 785 2215 quinto
801 2130 956 2197 kalendas
967 2129 1118 2198 Octobris
1131 2152 1216 2196 ema·

102 2246 185 2304 natas
200 2239 354 2319 exhibuit,
371 2261 410 2305 ex
426 2238 542 2324 quibus
558 2245 723 2324 repertum
740 2241 857 2324 extitit,
874 2241 960 2324 quod
974 2241 1059 2306 idem
1074 2262 1132 2306 rex
1148 2240 1219 2306 Ste-

102 2347 216 2430 phanus
241 2345 502 2432 concambium(
505 2397 633 2415 ......
634 2349 648 2433 )
674 2348 738 2413 sive
765 2348 1037 2432 permutationem
1063 2347 1216 2414 dedicta

100 2457 284 2537 possessione
300 2455 462 2542 Redyoloz
480 2456 601 2522 feoerat
615 2478 687 2522 aum
703 2457 832 2542 Phyaoz
852 2478 912 2541 pro
928 2457 1069 2540 quadam
1085 2457 1169 2522 turri
1185 2459 1217 2522 iu

101 2569 196 2627 castro
213 2561 426 2648 Scepusiensi,
453 2564 508 2648 qui
534 2562 662 2650 Phyacz
687 2584 764 2628 avus
791 2569 861 2629 erat
885 2561 1014 2629 domine
1040 2563 1216 2630 Scolastice

99 2671 240 2754 predicte,
263 2671 344 2738 dicti
368 2691 442 2736 vero
467 2669 527 2736 filii
552 2671 692 2737 Hannus
717 2671 830 2736 literas
855 2671 1073 2757 privilegiales
1089 2723 1096 2736 .
1113 2720 1120 2736 .
1137 2671 1217 2738 Bele

98 2759 165 2845 olim
180 2833 186 2846 .
204 2832 210 2846 .
227 2783 311 2866 regis
328 2831 335 2846 .
353 2833 360 2846 .
377 2781 530 2846 subanno
541 2781 662 2846 domini
671 2781 723 2847 Μο
752 2783 845 2850 OCmo
861 2781 966 2862 LX0,
992 2783 1128 2867 septimo
1144 2781 1216 2848 idus

98 2888 272 2956 Decembris
283 2890 673 2970 emanataadonacionem
683 2891 827 2956 eiusdem
836 2891 1046 2976 possessionis
1056 2890 1216 2976 Redyolcz

97 3019 147 3080 per
161 2999 263 3084 ipsum
280 2998 399 3065 factam
417 2997 582 3064 Anthaleo
601 2998 696 3064 fratri
721 2999 848 3066 Mathie
864 2999 1019 3085 prepositi
1035 2999 1074 3066 de
1091 2998 1214 3083 Soepus

97 3113 125 3171 et
139 3109 201 3174 suis
225 3106 397 3172 heredibus
422 3107 641 3192 heredumque
667 3109 904 3174 successoribus
929 3108 1154 3192 exprimentes,
1177 3129 1216 3173 ac

97 3214 212 3280 demum
228 3215 310 3280 alias
330 3215 442 3281 literas
458 3215 685 3300 ¹privilegiales
702 3268 708 3282 .
726 3265 733 3280 .
765 3215 883 3283 Karoli
900 3217 976 3282 olim
993 3217 1078 3299 regis
1094 3265 1100 3282 .
1119 3267 1125 3281 .
1143 3237 1215 3280 con·

96 3321 248 3389 firmantes
264 3323 468 3408 privilegium
484 3321 634 3389 Ladizlai
659 3323 736 3389 olim
751 3324 837 3408 regis
854 3373 860 3390 .
878 3377 883 3388 .
901 3322 961 3390 suh
986 3345 1070 3389 anno
1095 3323 1215 3388 domini

97 3431 141 3497 Μο
161 3431 250 3498 eor
275 3430 488 3500 ΙιΧΧῙῘΠΙο
503 3438 636 3515 ‚quarto
670 3431 826 3496 kalendas
853 3429 1003 3496 Octobris
1019 3436 1215 3514 emanatum,

97 3561 223 3622 quarum
247 3541 356 3626 vigore
381 3539 542 3623 apparuit,
568 3539 688 3605 dictam
713 3539 945 3622 possessionem
970 3537 1130 3622 Redyolou
1154 3560 1213 3622 per

95 3646 276 3714 Anthelium
292 3646 374 3734 (igy)
390 3647 445 3731 qui
470 3653 547 3713 tunc
562 3646 693 3734 pacifice
719 3647 862 3732 possedit
878 3647 1022 3727 eandem,
1048 3647 1212 3714 venditam

95 3757 209 3824 daoobo
218 3759 333 3823 lectori
343 3753 474 3822 ecclesie
484 3757 587 3821 sancti
597 3753 734 3821 Martini
745 3756 784 3821 de
795 3754 916 3840 Scepus
927 3776 966 3820 aa
975 3753 1130 3820 fratribus
1143 3756 1209 3822 suis

96 3872 123 3929 et
135 3888 239 3931 corum
246 3865 419 3932 heredibus
438 3865 656 3948 heredumque
666 3863 909 3942 successoribus,
927 3885 1024 3946 quarn
1035 3864 1211 3929 emcionem

95 3980 123 4038 et
136 3975 349 4040 vendicionem
375 3973 480 4038 dictus
499 3995 555 4038 rex
571 3973 746 4040 Ladislaus
770 3993 828 4057 per
852 3973 966 4037 literas
991 3965 1212 4055 privilegiales

94 4083 276 4166 approbavit
291 4089 324 4147 at
338 4081 484 4147 Karalus
510 4081 729 4162 confirmavit3
753 4101 791 4145 ex
807 4081 925 4164 quihus
942 4079 1105 4145 evidenter
1120 4080 1212 4145 elioe-

94 4187 187 4270 hatur,
210 4192 299 4275 quod
314 4191 416 4256 frater
431 4191 457 4256 J
458 4191 550 4256 aoobi
566 4189 696 4256 lectoris
713 4197 785 4256 erat
800 4190 939 4256 Hannus
965 4195 1059 4274 pater
1085 4209 1212 4254 reorum

97 4299 312 4380 predictorum,
323 4299 364 4364 ad
375 4319 469 4382 quem
481 4319 536 4363 seu
547 4299 588 4364 ad
599 4319 678 4382 quos
689 4299 777 4363 dicta
787 4298 944 4382 possessio
959 4297 1043 4362 iusto
1060 4297 1211 4362 emoionis

93 4406 177 4472 titulo
193 4413 321 4473 constat
337 4428 404 4472 esse
421 4406 589 4488 devoluta,
612 4406 662 4471 his
679 4428 753 4472 vero
769 4406 976 4471 munimentis
993 4425 1100 4471 coram
1117 4403 1209 4470 nohis

93 4513 120 4576 in
135 4513 249 4580 iudicio
264 4513 440 4600 productis,
456 4513 603 4596 utrisque
620 4514 767 4596 partibus
783 4533 841 4598 per
851 4533 909 4577 nos
919 4531 958 4575 ex
978 4510 1082 4576 officio
1099 4518 1210 4579 nostro

94 4624 245 4704 requisitis
262 4629 374 4688 utrum
401 4622 548 4706 pluribus
564 4621 597 4685 in
615 4643 712 4688 causa
737 4621 857 4686 vellent
872 4622 919 4686 uti
936 4621 1160 4686 instrumentis
1177 4631 1208 4687 et

135 4757 281 4795 asuouuonr
299 4745 472 4794 oduluvrlu.
489 4758 515 4792 r.
534 4747 626 4791 uorsa.
