3180 5466
346 547 409 606 52ss
709 561 887 606 nunouxosr
903 547 1106 602 ouulurrlu.

345 721 603 787 sanctimoniales
620 720 801 803 inquietare
817 720 985 800 niteretur,
1001 719 1062 802 ipsi
1090 727 1123 784 et
1148 739 1259 782 eorum
1276 737 1470 781 successores

345 807 515 894 defendere
532 833 564 892 et
581 827 730 910 expedire
747 847 857 892 eorum
873 827 1012 909 propriis
1039 825 1205 890 laboribus
1221 831 1253 889 et
1270 826 1417 908 expensis
1433 830 1473 888 te

244 1015 246 1023 Ι
345 924 498 1002 nerentur
516 990 521 1000 .
542 987 543 992 η
569 937 693 1003 Datum
710 957 768 1019 per
786 957 901 1001 manus
918 937 1065 1017 magistri
1084 935 1225 1000 Dionisii
1234 935 1366 1000 lectoris
1382 934 1473 998 eccle·

346 1047 392 1110 sie
408 1053 524 1123 nostre,
542 1051 661 1125 quarte
677 1044 759 1108 ferie
775 1045 921 1128 proxime
946 1049 1022 1108 ante
1047 1043 1163 1108 festum
1185 1043 1279 1108 beate
1295 1041 1471 1106 Katherine

345 1155 477 1236 virginis
494 1160 526 1216 et
541 1152 693 1230 martiris,
719 1174 803 1216 anno
828 1152 948 1215 domini
973 1151 1048 1216 M¹¹¹⁰
1065 1149 1185 1216 000Πιο
1211 1150 1472 1232 quinquagesimo

345 1263 466 1346 primo;
491 1261 743 1344 presentibus.
766 1261 931 1342 magistris
956 1261 1055 1324 Petro
1071 1265 1210 1337 cantore,
1236 1258 1390 1322 Jchsnne
1405 1279 1472 1320 nus-

344 1372 428 1447 tode‚
444 1369 607 1450 Ladislao,
633 1369 791 1446 Emerica
817 1369 924 1450 Petro,
941 1369 1112 1447 Michaele‚
1138 1365 1264 1446 Oosma,
1289 1367 1416 1431 Joanne
1440 1372 1470 1428 et

344 1481 418 1543 aliis
445 1477 606 1542 canonicis
637 1478 670 1540 in
696 1477 808 1542 eadem
833 1477 968 1541 eeclesia
994 1483 1102 1540 nostre
1127 1476 1186 1541 deo
1220 1475 1336 1539 devote
1373 1473 1470 1538 lamu-

346 1587 497 1650 lantibus.

453 1750 476 1798 A
500 1747 591 1811 penset
614 1761 689 1796 veres
712 1747 814 1809 selyenr
839 1747 970 1796 sodraton
993 1749 1068 1812 siigg,
1088 1749 1157 1796 folrss
1177 1747 1472 1810 chyrographummsl;

321 1847 325 1852 '
345 1837 519 1900 credetijeaz
539 1852 606 1886 orsz.
629 1838 660 1885 lt.
684 1837 781 1885 kincst.
805 1842 870 1886 oszt.
895 1837 1008 1888 Monial.
1032 1839 1094 1886 Vet.
1117 1837 1186 1886 Bud.
1207 1841 1248 1886 20.
1273 1841 1298 1885 5.
1321 1835 1387 1899 dipl.
1410 1840 1471 1884 oszt.

346 1936 423 1981 4230.
444 1930 544 1994 Ugyen
558 1943 572 1978 e
586 1929 700 1992 ttrgyra
713 1928 882 1978 vonatkozilr
898 1929 1001 1977 »frater
1015 1927 1191 1978 Sebastianus
1205 1928 1280 1990 prior
1293 1929 1411 1976 fratrum
1430 1927 1472 1974 he·

344 2021 507 2072 semitarum
521 2019 554 2067 de
567 2020 688 2067 elaustro
702 2020 791 2068 sancti
813 2017 936 2068 Ladislei
958 2018 1029 2083 regis
1052 2024 1080 2067 et
1102 2019 1280 2068 confessoris«
1302 2031 1355 2082 egy
1378 2017 1472 2078 neppal

346 2111 483 2159 kesdbben
497 2107 608 2158 kiadott
621 2107 737 2157 hasoulb
760 2111 879 2172 snbvegtl
902 2105 1058 2157 fassionalis
1080 2109 1175 2172 lovels,
1198 2107 1328 2169 melynek
1348 2104 1473 2168 credetije

346 2214 464 2264 megvsu
491 2197 599 2247 sziuten
613 2213 645 2246 az
658 2212 726 2246 orsz.
740 2198 772 2247 lt.
786 2198 885 2247 kinest.
900 2203 967 2247 oszt.
990 2198 1106 2248 Monial.
1132 2197 1164 2246 V.
1179 2197 1249 2246 Bud.
1274 2202 1316 2248 20.
1344 2203 1385 2246 50.
1410 2194 1473 2256 dipl.

346 2297 413 2338 oszt.
440 2293 518 2339 4231.
551 2289 650 2337 Kl'rzli:
682 2289 790 2336 Kourias
827 2289 860 2336 N.
892 2288 983 2338 Rcvid
1016 2288 1163 2337 kivonatelt
1192 2287 1257 2352 adjs
1277 2286 1361 2350 Fejer
1391 2287 1408 2334 i.
1440 2299 1472 2333 m.

345 2381 393 2428 IX.
418 2385 442 2429 2.
464 2384 522 2428 128.

866 2757 939 2818 324.

348 2916 442 2978 1351.
467 2939 537 2979 rico.
567 2917 619 2978 30.
654 2914 683 2978 A
710 2917 877 2980 curtbaosr'
902 2926 1048 2980 szcrzetcs
1073 2917 1155 2979 reurl
1171 2917 1294 3000 fdub'be
1324 2917 1473 2980 Lecbur'cz
1553 2935 1557 2942 ·

346 3031 426 3086 rreolt
456 3024 594 3087 lsi-riolcurt
619 3048 638 3086 u
665 3034 749 3087 secu-t
784 3022 1009 3111 Ausul-vclppr·
1033 3027 1200 3090 curtlruusi
1230 3036 1379 3090 szcrzems
1402 3026 1473 3087 luiz·

820 3133 887 3196 bak
910 3133 985 3198 e'telo'.

452 3310 522 3375 Nos
553 3311 671 3374 Petrus
697 3311 828 3378 Ohnrde
852 3312 945 3376 vellis
971 3312 1073 3376 sancti
1098 3312 1254 3378 Mauricii
1282 3311 1344 3396 (et)
1368 3316 1473 3380 throni

346 3424 455 3483 sancte
472 3417 578 3482 Murie
605 3418 771 3482 domorum
796 3419 919 3504 priores
945 3420 1066 3485 ordinis
1082 3419 1301 3486 Oartueiensis
1327 3430 1473 3504 protunc

345 3527 521 3592 Almunnie
538 3527 712 3610 superioris
728 3529 920 3606 visitatores
937 3530 1091 3594 universis
1108 3532 1274 3612 presencie
1290 3537 1473 3613 conspectu-

346 3638 390 3700 ris
407 3635 629 3718 publicetenus
646 3636 842 3714 confitemur,
876 3637 961 3718 quod
978 3659 1109 3704 causam
1128 3641 1213 3703 inter
1231 3641 1365 3705 domum
1381 3640 1474 3723 Lapi-

346 3744 394 3808 dis
411 3743 542 3826 Refugii
568 3751 601 3808 et
616 3744 745 3810 domum
758 3745 852 3810 vallis
872 3747 976 3810 sancti
1001 3746 1161 3812 Anthonii
1188 3749 1332 3814 eiusdem
1357 3749 1473 3832 profes-

346 3851 452 3932 sionis,
470 3873 567 3934 super
581 3854 780 3935 possessione
805 3853 969 3917 cuiusdam
995 3854 1071 3918 ville
1087 3853 1259 3938 Lechnych
1282 3865 1474 3941 nuncupate,

346 3980 417 4022 cum
433 3959 581 4024 omnibus
598 3962 664 4024 suis
681 3961 889 4043 appendiciis,
905 3961 996 4026 nobis
1013 3983 1032 4025 a
1048 3968 1158 4026 nostro
1174 3963 1318 4045 generali
1334 3967 1475 4048 capitulo

346 4065 387 4130 ad
405 4065 648 4148 disbrigsndum
674 4070 884 4144 commissam,
910 4067 1083 4150 diligenter
1108 4069 1310 4135 discuciendo
1327 4073 1473 4138 determi-

346 4153 490 4238 navimus
507 4174 602 4238 finem
619 4175 761 4240 debitum
786 4175 993 4258 imponend0;
1019 4179 1196 4260 perspectis
1222 4179 1381 4262 siquidem
1413 4188 1474 4246 stu-

346 4282 433 4345 diose
449 4281 551 4346 literis
567 4283 734 4366 utriusque
750 4285 863 4349 domus
874 4305 967 4366 super
986 4285 1159 4351 donacione
1176 4286 1259 4351 dicte
1276 4287 1352 4352 ville
1369 4289 1474 4354 confe-

345 4389 414 4469 ctis,
428 4389 512 4453 iusto
523 4392 658 4454 racionis
669 4390 840 4456 libramine
849 4393 1053 4474 cognovimus
1063 4393 1295 4478 perpendentes
1315 4395 1474 4478 prefatam

345 4496 453 4560 villam
470 4521 489 4562 a
505 4498 618 4564 Kolias
635 4502 750 4564 comite
765 4500 832 4564 filio
850 4501 999 4584 Ricolphi
1016 4503 1117 4585 priori
1133 4508 1166 4566 et
1184 4501 1338 4567 fratribus
1354 4503 1395 4568 de
1412 4506 1473 4570 Le·

345 4605 419 4686 pide
436 4605 533 4670 fuisse
550 4605 679 4686 quidem
696 4607 845 4686 oblatam,
871 4608 928 4672 sed
952 4631 1010 4692 pro
1035 4609 1225 4676 fundacione
1249 4611 1385 4676 claustri
1402 4635 1475 4676 non·

346 4713 421 4776 ‹lum
440 4712 563 4778 fundati
580 4721 692 4796 postea
708 4715 799 4780 vallis
816 4717 920 4781 sancti
936 4716 1095 4782 Anthonii
1112 4721 1288 4801 nuncupati
1304 4719 1476 4800 (lunatauu
