3192 5466
546 479 640 542 1348.
658 497 731 542 nuc.
749 480 800 542 20.

634 807 707 867 109.

104 981 202 1044 1348.
227 1004 300 1066 any.
326 980 379 1042 20.
409 979 556 1044 Atudni
579 979 735 1066 kdptalon
751 983 898 1065 jetenttse
922 984 1042 1050 Mikros
1066 987 1235 1064 nddorbcz,

100 1089 181 1171 boqy
200 1088 355 1152 Hasznosi
370 1087 465 1174 Napy
490 1087 662 1151 Dornokost
676 1087 788 1170 tsfirtt
799 1091 924 1175 pdsztdi
940 1090 1134 1170 birtokulcori,
1154 1091 1236 1157 Coet-

408 1196 482 1259 nobi
498 1197 590 1260 Puer
604 1195 683 1259 ellen
699 1197 934 1280 mepide‘ztettdk.

212 1425 218 1439 .
236 1429 243 1442 .
260 1375 396 1442 Nicolso
412 1377 556 1461 palatino
573 1384 605 1442 et
621 1379 721 1444 iudici
746 1399 953 1446 comanorum
975 1381 1152 1466 capitulum
1169 1382 1234 1447 Bu-

100 1483 211 1548 ‹lensis
236 1485 370 1550 ecclesie
395 1538 402 1552 .
419 1537 426 1552 .
452 1486 565 1550 literas
582 1535 588 1547 .
605 1535 612 1550 .
628 1487 785 1552 Lndorici
801 1537 808 1551 .
826 1537 832 1550 .
849 1491 934 1572 regis
951 1539 957 1553 .
975 1540 981 1553 .
998 1491 1176 1575 recepimus
1202 1492 1235 1556 in

99 1593 161 1657 hec
188 1593 303 1658 verba:
327 1593 510 1659 Ludovious
527 1645 533 1658 .
551 1645 557 1660 .
574 1615 631 1658 rex
649 1644 655 1658 .
673 1643 679 1658 .
701 1595 841 1678 capitulo
867 1597 999 1661 ecclesie
1025 1597 1186 1662 Budensis
1204 1649 1210 1662 .
1228 1650 1235 1664 .

99 1698 253 1764 fidelitati
268 1705 375 1764 vestre
391 1699 527 1765 firmiter
552 1701 757 1784 precipiendo
782 1703 982 1780 mandamus,
1008 1709 1168 1784 quatenus
1185 1729 1235 1770 ve·

99 1813 208 1871 strum
225 1809 364 1874 mittatis
389 1809 552 1874 hominem
567 1831 625 1894 pro
641 1810 825 1875 testimonio
842 1859 848 1872 .
866 1861 872 1874 .
890 1831 997 1876 eorem
1023 1833 1087 1896 quo
1112 1813 1235 1880 Paulus

99 1915 141 1978 de
158 1913 268 1980 Suran
282 1917 331 1980 vel
349 1915 503 1982 Nicolons
528 1916 613 1982 filius
631 1918 753 1983 Thome
779 1919 817 1983 de
834 1919 964 1984 Beohke
989 1927 1048 1984 aut
1073 1918 1235 2006 Georgius

99 2023 141 2086 de
166 2023 304 2106 Fugach
334 2025 407 2088 aliis
441 2024 626 2090 absentibus
657 2026 752 2091 homo
777 2033 895 2104 noster,
926 2028 1004 2092 citet
1028 2027 1235 2094 Dominicum

98 2155 256 2216 magnum
272 2139 305 2198 et
320 2133 522 2218 Stephanum
537 2133 641 2199 filiurn
658 2157 750 2199 suum
766 2135 805 2199 de
822 2136 958 2216 Poztnh,
975 2143 1087 2202 contra
1100 2137 1234 2204 Petrum

100 2241 208 2306 filium
223 2243 393 2308 Benedicti
410 2242 449 2307 de
465 2243 637 2327 Chythnek
661 2245 694 2308 iu
720 2245 920 2327 presenciam
937 2296 943 2308 .
960 2297 966 2309 .
981 2232 1113 2310 'Nicolai
1131 2295 1137 2308 .
1155 2295 1161 2308 .
1178 2267 1234 2328 pa·

97 2350 196 2414 latini
221 2351 264 2414 ad
289 2353 462 2416 terminum
487 2358 741 2436 competentem3
766 2359 798 2416 et
813 2359 887 2436 post
902 2353 961 2417 hec
980 2353 1066 2416 diem
1083 2354 1235 2420 stlocum

99 2459 280 2540 citationis,
294 2461 425 2525 nomino
442 2461 631 2542 citatorum,
657 2467 688 2525 et
714 2461 888 2526 terminum
913 2462 1112 2544 assignatum
1130 2463 1234 2526 eidem

98 2567 249 2648 palatino
270 2565 410 2632 fideliter
435 2569 629 2634 rescribatis.
653 2568 777 2633 Datum
792 2569 896 2646 Bude,
922 2569 1060 2634 secundo
1085 2569 1136 2633 die
1162 2569 1234 2634 festi

96 2673 326 2738 Assumcionis
351 2675 484 2758 virginis
509 2675 655 2758 gloriose,
671 2698 756 2760 anno
781 2675 900 2740 domini
917 2675 968 2740 M⁰
993 2675 1113 2743 OOOm⁰
1130 2677 1234 2741 XL¹¹¹⁰

97 2789 222 2846 «ictam.
257 2781 328 2847 Nos
359 2783 459 2866 igitur
485 2835 491 2850 .
517 2836 524 2850 .
550 2807 623 2849 oum
654 2786 799 2868 predicto
840 2784 977 2850 Nicolao
1012 2785 1079 2850 filio
1111 2785 1234 2850 Thome

97 2893 140 2956 dc
165 2893 298 2958 Beohke
324 2945 355 2958 ..
381 2902 525 2960 nostrum
550 2896 712 2960 hominem
739 2947 769 2960 ..
795 2897 988 2962 Michaelem
1018 2895 1234 2979 presbiterum

96 3001 191 3066 chori
208 3002 342 3067 ecclesie
368 3009 476 3073 nostre
492 3003 534 3067 ad
550 3003 741 3086 premissum
767 3004 954 3068 citscionem
980 3002 1158 3068 btoieurlam
1176 3024 1234 3086 pro

95 3110 284 3175 testimonio
300 3111 450 3176 duximus
466 3111 701 3190 destinandum,
727 3113 782 3193 qui
799 3163 806 3176 .
822 3162 828 3176 .
846 3112 1034 3190 retulerunt,
1051 3113 1136 3194 quod
1153 3113 1235 3176 ferio

95 3219 242 3283 secunda
267 3220 415 3302 proxima
440 3226 513 3302 post
543 3220 662 3284 festum
687 3219 910 3285 Assumcionis
934 3220 1067 3303 virginis
1094 3220 1231 3303 gloriose

95 3328 247 3408 proxime
262 3328 455 3410 preteritum
472 3325 631 3410 predictos
648 3328 840 3410 magistrum
857 3327 1063 3392 Dominicum
1080 3349 1233 3411 magnum

95 3435 138 3498 de
156 3433 293 3498 Haznus
310 3438 342 3496 et
352 3432 553 3517 Stephanum
569 3432 671 3498 filium
687 3433 829 3498 eiusdem
846 3435 878 3496 in
895 3433 1146 3516 possessionaria
1162 3455 1233 3516 por·

95 3545 191 3608 eione
207 3564 319 3608 eorum
335 3545 369 3607 in
385 3542 514 3608 Poztnh
529 3541 651 3620 habito,
676 3542 718 3606 ad
734 3543 934 3625 presenciam
959 3547 1062 3607 vestre
1088 3541 1233 3624 magnifi-

95 3653 210 3716 cencie
226 3653 269 3716 ad
286 3652 465 3732 quindenas
481 3651 555 3716 festi
581 3651 668 3716 beati
694 3649 852 3734 Stephani
877 3652 962 3734 regis
988 3657 1020 3714 et
1044 3651 1233 3716 confessoris

95 3761 245 3842 proxime
261 3759 420 3825 affuturas
436 3759 631 3824 citavissent.
655 3759 780 3824 Datum
805 3759 838 3822 in
863 3757 945 3822 festo
971 3758 1058 3822 beuti
1075 3757 1233 3840 Stephani

95 3868 186 3950 regis
202 3873 383 3951 prenotato,
400 3889 483 3931 anno
500 3865 621 3931 domini
637 3866 831 3949 supradicto.

212 4049 342 4112 Paphon,
357 4048 482 4098 ztrlsttn
495 4048 588 4112 pectet
601 4048 805 4112 tdredtksive13
819 4047 949 4111 eredetije
959 4063 991 4098 az
1003 4061 1070 4096 orsn.
1082 4049 1113 4097 lt.
1134 4048 1233 4097 kinest.

96 4147 170 4188 oszt.
184 4140 218 4188 N.
232 4141 265 4188 R.
279 4139 313 4187 A.
330 4143 405 4187 1537.
423 4143 462 4189 19.
476 4138 543 4201 dipl.
558 4143 625 4187 oszt.
640 4143 717 4188 4003.
732 4140 832 4188 szli:
852 4139 960 4187 Kortcs
973 4139 1007 4187 N.
