3180 5470
365 504 428 566 392
720 518 907 564 nurouuour
931 504 1145 563 ouuturrhu.

366 681 482 766 quinto
499 681 552 746 die
568 681 698 748 termini
724 681 896 765 prenotati,
923 694 1007 746 anuo
1030 679 1155 748 domini
1179 680 1233 746 Μ0
1257 678 1379 748 000Μο
1407 681 1482 761 qnin-
1561 763 1562 778 ,

366 809 561 874 quagesrmo.

472 970 600 1035 Pupiron,
615 970 741 1020 sarlaten
754 970 846 1034 peoset
858 970 1062 1035 tdredekeivel;
1085 969 1216 1034 eredetije
1230 985 1261 1020 az
1275 985 1345 1020 orsu.
1369 971 1401 1020 lt.
1426 970 1480 1036 dipl.

366 1065 433 1112 oszt.
448 1065 543 1113 26559.
562 1060 662 1111 Kozli:
681 1060 790 1111 Kovdcs
802 1061 836 1110 N.

369 1603 462 1668 1350.
488 1600 602 1681 Ko'rds,
619 1600 684 1686 jod.
709 1601 739 1665 5.
764 1601 868 1672 Ko'r'o's
899 1604 1064 1688 curmeppc
1089 1604 1217 1687 ispo‘ojo
1242 1601 1315 1666 elate
1341 1601 1483 1664 Breztdczi

368 1711 459 1774 Pe'ter
490 1710 542 1792 fio
583 1709 721 1798 Gyb'rpp,
759 1710 957 1776 birtokreszer
998 1712 1181 1777 testvdrdnek
1222 1709 1414 1776 Acdrdsnob
1442 1715 1482 1773 ια’-

830 1817 918 1903 lopba
941 1817 1028 1904 adju.

473 1997 542 2064 Nos
558 1999 713 2082 magister
727 1995 873 2062 Jacobus
890 2017 994 2063 comes
1005 1997 1176 2066 Orisiensis
1193 2005 1225 2063 et
1245 1999 1435 2064 castellanus
1449 1999 1482 2062 dc
1564 1993 1565 2022 ³

365 2107 479 2172 maiori
498 2105 643 2172 Kemluk
659 2156 689 2172 ..
723 2104 940 2188 significamus
957 2155 986 2170 ..
1012 2105 1098 2188 quod
1117 2103 1280 2190 Georgius
1295 2106 1381 2172 filius
1403 2107 1481 2172 Petri

366 2221 460 2298 parte
486 2215 527 2280 ab
552 2236 626 2292 une,
658 2213 699 2278 ab
731 2213 835 2279 altera
866 2234 940 2278 vero
967 2210 1117 2279 Andreas
1142 2215 1244 2280 frater
1277 2213 1415 2280 eiusdem
1437 2235 1482 2278 no

366 2321 447 2387 biles
472 2323 511 2387 de
536 2319 749 2405 Breztouch(
760 2371 908 2387 .......
920 2319 933 2404 )
967 2323 1182 2405 personaliter
1213 2323 1388 2400 constituti,
1409 2321 1481 2388 idem

367 2431 529 2515 Georgius
545 2429 631 2496 filius
649 2430 748 2507 Petri,
764 2431 841 2513 quia
856 2451 915 2513 per
926 2431 1081 2510 quosdam
1093 2431 1214 2498 vicinos
1234 2432 1358 2497 nobiles
1368 2431 1481 2497 iniecto
1565 2445 1566 2488 ἕ

368 2539 528 2605 calumnie
544 2559 603 2621 pro
623 2536 816 2621 quibusdam
841 2536 976 2616 causis(
988 2589 1114 2604 ......
1127 2543 1137 2616 )
1162 2546 1194 2603 et
1218 2539 1313 2604 dictis
1338 2537 1482 2605 nobilibus

369 2645 627 2712 satisfaccionem
644 2666 707 2710 non
723 2644 890 2712 habuisset
906 2645 989 2710 unde
1006 2647 1199 2730 impendere,
1215 2647 1288 2712 ideo
1303 2647 1387 2714 idem
1396 2644 1482 2712 Geor·

367 2755 438 2838 gius
472 2753 558 2818 filius
592 2753 684 2818 Petri
717 2752 846 2818 dixit..
870 2753 1034 2836 quandam
1065 2749 1258 2839 particulam
1292 2754 1482 2838 possessionis

366 2883 422 2926 sue
438 2863 471 2926 in
487 2861 668 2926 Breztouch
684 2862 883 2938 existentem,
899 2861 1005 2944 ipsum
1030 2863 1063 2926 in
1079 2863 1230 2946 porcione
1247 2863 1481 2946 contingentem,
1566 2855 1567 2888 ³

366 2969 511 3054 predicto
536 2967 670 3034 Andree
696 2968 791 3033 fratri
815 2990 881 3047 suo,
908 2969 1127 3053 quadraginta
1155 2971 1273 3036 marcis
1292 2971 1481 3036 denariorum

364 3076 493 3168 pignori
524 3077 692 3160 obligasse,
726 3077 867 3159 exceptis
901 3077 1031 3160 proprio
1069 3075 1169 3144 fundo
1194 3084 1225 3143 et
1260 3079 1368 3146 decem
1399 3077 1481 3144 dictis

269 3205 272 3210 ’
369 3182 452 3270 (igy)
469 3191 555 3250 terre
571 3184 705 3266 arabili;
721 3186 767 3248 ita
786 3191 903 3263 tamen,
920 3186 1006 3268 quod
1022 3187 1279 3270 quandocunque
1298 3188 1331 3252 in
1347 3207 1481 3272 processu

365 3301 548 3376 temporum
564 3293 634 3377 ipso
652 3292 793 3376 Georgio
810 3292 876 3358 filio
892 3294 983 3359 Petri
1000 3295 1050 3358 vel
1067 3295 1132 3359 suis
1148 3294 1321 3360 heredibus
1337 3316 1421 3378 posse
1439 3315 1481 3357 as·

368 3399 477 3482 seruit,
494 3419 566 3464 cum
592 3397 702 3466 eadem
728 3421 852 3465 summa
876 3400 1009 3483 pecunie
1035 3400 1077 3465 ab
1102 3401 1212 3467 eodem
1232 3399 1366 3467 Andrea
1381 3408 1409 3466 et
1423 3400 1480 3464 suis

367 3507 541 3572 heredibus
566 3507 702 3573 liberam
727 3507 893 3574 habebunt
930 3508 1051 3590 absque
1083 3491 1169 3574 omni
1202 3511 1385 3591 gravamine
1407 3507 1480 3571 redi·

368 3613 476 3681 mendi
493 3613 679 3680 facultatem
691 3639 698 3697 ;
714 3613 747 3678 in
763 3636 899 3698 quorum
911 3617 1052 3681 omnium
1066 3617 1283 3682 testimonium
1295 3615 1480 3700 presentibus

368 3722 510 3806 sigillum
525 3729 673 3789 nostrum
689 3723 838 3790 duximus
850 3723 1083 3808 apponendum.
1094 3723 1220 3790 Datum
1236 3725 1269 3789 in
1287 3723 1394 3802 Grisio,
1408 3724 1481 3788 seria

367 3831 507 3896 secunda
523 3831 669 3914 proxima
685 3836 760 3896 ente
785 3837 914 3897 octavas
939 3831 1011 3898 sesti
1036 3831 1205 3898 beatorum
1230 3833 1321 3898 Petri
1345 3839 1375 3896 et
1394 3829 1480 3896 Pauli

368 3939 596 4022 apostolorum,
613 3959 697 4003 anno
714 3938 834 4004 domini
860 3937 912 4004 Μο
941 3938 1062 4007 COO'¹¹⁰
1088 3942 1362 4024 quinquagesimo.

474 4118 604 4182 Papiron,
617 4105 763 4184 hbtlupjan
776 4120 868 4184 pecset
881 4122 1057 4185 nyomaivel;
1076 4121 1207 4185 eredetije
1220 4137 1237 4171 a
1249 4123 1284 4172 N.
1297 4121 1480 4173 Muzeumbau.

853 4389 1012 4398 ..μη-υ*-
