3188 5476
558 570 652 646 rasr.
670 587 741 630 aaa
759 571 809 632 ar.
895 535 898 544 “
1192 571 1255 632 aaa

122 769 178 814 cus
195 798 201 812 .
219 796 225 809 .
249 767 306 812 rex
323 795 330 812 .
348 795 355 811 .
379 745 521 830 capitulo
545 746 676 813 ecclesie
692 747 853 814 Budensis
870 795 877 811 .
895 797 901 810 .
926 770 998 814 eum
1025 769 1081 814 nos
1107 750 1256 816 universa

122 856 193 920 iura
211 855 371 938 reginalia
387 855 585 939 temporibus
615 856 784 940 impacatis
799 857 833 921 in
849 878 926 922 usus
945 855 1096 938 profanos
1111 855 1256 923 indebite

121 965 272 1043 alienata,
288 965 381 1030 iuxta
397 964 488 1048 regni
514 965 615 1030 nostri
632 965 892 1031 consuetudinem
916 965 1062 1048 legitima
1077 966 1255 1050 recaptiva-

121 1075 211 1138 cione
228 1073 391 1139 mediante
407 1072 555 1139 manibus
573 1072 770 1156 reginalibus
787 1073 826 1138 de
836 1073 907 1138 iure
922 1079 1093 1139 annectere
1110 1074 1254 1148 velimus,

122 1235 127 1246 .
145 1233 151 1246 .
168 1181 319 1248 fidelitati
335 1189 439 1248 vestre
456 1230 463 1243 .
480 1229 488 1244 .
507 1180 707 1260 mandamus,
717 1187 877 1264 quatenus
891 1187 1033 1246 vestrum
1049 1182 1189 1250 mittatis
1200 1185 1255 1250 ho·

121 1292 241 1358 minem
257 1290 319 1356 lide
336 1289 478 1374 dignum,
496 1310 560 1373 quo
575 1294 724 1372 presente
740 1289 940 1356 Laurencius
957 1287 1044 1356 lilius
1061 1289 1195 1356 Emirici
1207 1293 1256 1357 vel

123 1399 310 1484 Stephanus
327 1397 411 1463 filius
427 1397 453 1462 J
454 1397 544 1462 aoobi
561 1397 601 1462 de
617 1396 724 1464 Tetun
750 1397 854 1462 altero
873 1399 1007 1463 absente
1024 1397 1119 1464 bomo
1135 1405 1254 1478 noster,

122 1509 163 1573 ad
181 1508 280 1574 facies
297 1507 534 1590 possessionum
559 1511 597 1570 ut
623 1505 727 1570 fertur
750 1505 952 1588 reginalium,
972 1505 1088 1572 Ladan
1106 1505 1199 1572 Kezu
1224 1514 1257 1574 ot

122 1616 272 1682 Arkulcb
290 1618 322 1680 in
339 1616 493 1680 comitatu
509 1611 657 1692 Albensi,
673 1635 732 1678 nec
742 1635 806 1679 non
816 1615 934 1681 Elwren
945 1621 977 1678 et
988 1614 1058 1682 uon
1069 1623 1256 1683 vocatarum

121 1726 213 1790 iuxta
241 1723 373 1790 fluvium
389 1723 533 1789 Danubii
559 1723 778 1802 existentium,
796 1743 858 1806 que
883 1746 903 1790 a
928 1725 1064 1808 reginali
1087 1727 1255 1791 maiestate

121 1856 181 1918 per
194 1855 305 1900 earum
323 1853 407 1898 nunc
422 1831 607 1914 importune
632 1835 870 1896 conservatores
894 1852 957 1895 non
974 1831 1014 1900 de
1029 1831 1100 1896 iure
1115 1831 1255 1898 alienate

122 1943 222 2006 luisse
239 1939 426 2006 referuntur
443 1988 449 2003 .
468 1987 475 2002 .
500 1937 689 2018 accedendo,
700 1939 829 2004 easdem
846 1941 973 2006 nomine
996 1940 1115 2004 iurium
1130 1941 1255 2026 regina·

122 2050 202 2115 lium
221 2100 228 2113 .
247 2101 253 2113 .
278 2048 508 2115 inambulando
534 2051 687 2132 recapiat,
703 2049 983 2134 recaptivatasque
1000 2100 1030 2115 ..
1054 2048 1158 2115 eidem
1174 2051 1255 2134 regi-

123 2159 191 2223 nali
208 2159 371 2223 maiestati
387 2158 514 2222 nomine
531 2157 609 2222 iuris
627 2157 769 2224 eiusdem
785 2163 909 2224 statuat
923 2164 1078 2242 perpetuo
1094 2157 1256 2241 possiden-

123 2269 182 2334 das
200 2317 206 2329 .
225 2319 231 2331 .
255 2265 531 2332 contradictores.
550 2315 556 2328 .
581 2273 695 2332 contra
710 2267 872 2332 dominam
898 2269 1041 2350 reginam
1068 2267 1256 2352 genitricem

122 2381 268 2440 nostram
286 2377 486 2442 carissimam
510 2377 544 2440 in
569 2382 714 2442 nostram
739 2378 817 2442 citet
836 2378 1083 2460 presenciam..
1108 2383 1182 2462 post
1197 2377 1256 2442 hee

122 2485 239 2550 seriem
256 2485 410 2567 premisse
435 2484 686 2567 possessionarie
711 2486 977 2569 recaptivacionis
993 2535 1000 2549 .
1017 2535 1024 2548 .
1050 2486 1140 2551 nobis
1155 2485 1256 2550 fideli·

121 2599 173 2658 ter
203 2592 398 2658 rescribatis.
431 2592 556 2657 Datum
582 2591 684 2671 Bude,
709 2593 742 2658 in
768 2592 848 2658 festo
869 2593 1098 2678 Ooncepeionis
1123 2593 1256 2676 virginis

122 2701 270 2785 gloriose,
282 2721 366 2765 anno
376 2700 497 2765 domini
512 2699 586 2763 Μῃω
602 2701 724 2768 OOO¹¹¹⁰
740 2701 1006 2784 quinquagesimo
1023 2704 1168 2769 seeundo.
1185 2701 1218 2766 N
1220 2724 1255 2767 os

121 2810 270 2892 igitur..
295 2830 367 2873 cum
393 2808 537 2892 predicto
562 2807 743 2873 laurencio
770 2809 809 2873 de
835 2809 965 2874 Thetun
987 2810 1115 2874 homine
1142 2816 1255 2891 vestro,

122 2923 270 2982 nostrum
285 2916 446 2982 hominem
463 2965 469 2979 .
487 2967 494 2980 .
519 2917 654 2982 Petrum
666 2917 787 2982 socium
798 2921 832 2981 et
842 2918 1093 2984 concanonicum
1109 2925 1254 2983 nostrum

122 3079 128 3092 .
146 3079 153 3092 .
178 3047 239 3109 pro
254 3027 437 3090 testimonio
453 3025 602 3090 duximus
619 3077 625 3089 .
643 3074 649 3088 .
674 3024 908 3104 destinandum,
934 3027 989 3110 qui
1005 3025 1134 3092 demum
1150 3076 1180 3091 ..
1206 3047 1254 3092 re·

123 3135 281 3216 tulerunt,
297 3133 383 3217 quod
400 3135 462 3216 ipsi
478 3135 592 3217 quinta
616 3133 698 3198 feria
716 3133 864 3217 proxima
889 3141 963 3217 post
987 3133 1104 3200 festum
1135 3131 1254 3201 Conce-

120 3243 245 3328 pcionis
262 3241 395 3324 virginis
406 3241 543 3325 gloriose
554 3241 755 3324 preteritum,
766 3243 808 3307 ad
819 3241 916 3308 facies
933 3243 1170 3327 possessionum
1179 3243 1254 3326 Egh

121 3360 155 3415 et
170 3348 321 3416 Arkuleh
336 3355 532 3428 vocatarum,
542 3351 576 3414 in
593 3357 685 3416 sexta
700 3349 781 3416 feria
798 3352 944 3434 sequenti
961 3351 1002 3417 ad
1018 3351 1116 3417 facies
1132 3372 1254 3435 posses·

121 3461 250 3524 sionum
264 3457 380 3526 Ladan
396 3466 428 3525 et
443 3459 538 3524 Keau
553 3465 749 3538 vocatarum,
775 3461 854 3526 item
879 3461 1016 3527 sabbato
1042 3460 1190 3526 similiter
1207 3483 1255 3526 se·

121 3567 236 3651 quenti
251 3567 293 3632 ad
308 3566 422 3633 faciem
439 3569 648 3651 possessionis
666 3568 786 3632 Ewren
803 3576 923 3646 vocate,
939 3569 1051 3633 ricinis
1069 3575 1103 3633 et
1119 3590 1253 3634 comme·

121 3677 227 3742 tanais
242 3675 425 3740 earumdem
452 3676 595 3759 legitime
621 3679 802 3742 convocatis
828 3683 860 3741 et
885 3676 1088 3760 presentibus
1105 3679 1253 3742 accessis-

122 3791 204 3861 sent,
221 3792 254 3849 et
269 3785 356 3867 ipsas
374 3806 432 3868 per
448 3805 560 3850 earum
575 3806 667 3851 veras
683 3791 785 3850 metas
802 3790 835 3849 et
850 3786 1004 3868 antiquas
1023 3784 1254 3850 reambulando

123 3899 157 3958 et
175 3892 414 3976 recaptivando,
430 3914 468 3957 ac
484 3892 526 3956 ab
541 3893 679 3958 aliorum
695 3892 818 3957 iuribus
843 3892 954 3958 metali
978 3890 1187 3957 distinooione
1207 3913 1253 3958 se-

121 4000 277 4085 parand0,
294 4022 366 4065 curn
384 4001 487 4065 eidem
512 4002 649 4084 reginali
666 4001 830 4066 maiestati
855 4001 981 4066 nomine
1007 4001 1086 4065 iuris
1111 4001 1253 4066 eiusdem

121 4114 266 4174 statuere
292 4107 466 4174 voluissent
492 4107 619 4173 easdem
645 4117 802 4191 perpetuo
827 4107 1046 4192 possidendae,
1071 4129 1167 4190 super
1183 4129 1253 4191 pos·

122 4215 318 4282 sessionibus
335 4215 410 4298 Egh
427 4221 461 4280 et
476 4215 626 4280 Arkuleh
641 4217 763 4280 vocatis
785 4215 954 4281 Johannes
974 4224 1088 4295 sartor,
1104 4215 1182 4279 item
1198 4239 1252 4280 su·

122 4347 183 4409 per
198 4326 399 4408 possessione
415 4323 531 4388 Ladan
556 4331 667 4388 uocata
693 4321 829 4389 Gabriel
854 4323 977 4389 villicus
994 4325 1026 4389 in
1042 4344 1180 4408 persona
1195 4323 1220 4388 J
1222 4347 1253 4390 o·

122 4434 241 4498 hannis
258 4432 317 4497 filii
333 4432 462 4497 Herreh
479 4431 518 4496 de
534 4431 619 4498 Bala
635 4438 667 4498 et
682 4431 851 4498 ‹lohannes
866 4431 952 4498 filius
969 4431 1097 4498 Nicolai
1113 4431 1253 4498 famulus

122 4540 288 4627 magnifici
302 4541 363 4607 viri
387 4539 544 4624 Stephani
570 4541 645 4606 bani
670 4541 703 4605 in
729 4561 867 4624 persona
892 4539 1034 4606 eiusdem
1050 4540 1171 4606 domini
1195 4541 1253 4621 sui,

122 4653 201 4717 item
218 4669 315 4734 super
331 4648 529 4733 possessione
544 4648 639 4715 Kezu
654 4647 679 4714 J
680 4648 821 4714 ohannes
838 4649 923 4714 filius
938 4649 1067 4734 Veytyh
1080 4655 1113 4714 et
1128 4649 1153 4715 J
1154 4650 1252 4715 ohan·

123 4779 181 4825 nes
197 4757 284 4824 filius
299 4756 431 4836 Benete,
448 4757 526 4822 item
543 4778 638 4841 super
662 4757 860 4842 possessione
885 4757 1005 4824 aaran
1022 4762 1136 4825 vocata
1151 4759 1251 4845 magi-
