3188 5470
368 549 431 615 292
714 541 1131 610 rnroosonronulrrrln.

368 731 450 795 dixit
466 749 543 794 casu
561 727 727 792 accidente
743 724 944 808 perdidisset,
969 722 1154 802 ubicunque
1180 724 1296 796 essent,
1321 710 1456 781 frivolas
1472 759 1500 778 ..

368 837 509 905 reddidit
519 857 628 903 coram
638 834 738 900 nobis.
749 834 791 900 In
803 835 894 900 cuius
904 833 951 897 rei
961 831 1150 896 memoriam
1167 881 1173 895 .
1191 879 1197 894 .
1213 832 1380 912 presentes
1389 823 1500 888 literas

367 953 494 1012 nostras
510 943 736 1029 privilegiales,
761 939 925 1024 sigillique
949 938 1053 1004 nostri
1069 937 1246 1003 munimine
1261 935 1442 1011 roboratas,
1458 929 1499 994 sl-

368 1053 509 1137 phabeto
526 1053 704 1132 intercisas,
720 1053 812 1116 iuxta
828 1049 1057 1116 confessionem
1076 1047 1222 1131 predicte
1238 1043 1384 1110 mulieris
1400 1039 1498 1111 iudeo,

368 1162 517 1227 duximus
534 1158 763 1225 concedendas.
779 1157 904 1224 Datum
920 1155 1059 1222 secundo
1069 1153 1207 1220 diesesti
1222 1153 1394 1218 beatorum
1410 1149 1498 1214 Petri

368 1277 401 1335 et
425 1269 522 1336 Pauli
548 1268 777 1352 apostolorum,
802 1286 886 1330 anno
911 1264 1033 1330 domini
1058 1258 1381 1329 M0000m⁰x1r¹0
1400 1276 1498 1334 nono;

368 1377 571 1462 presentibus
588 1428 594 1442 .
612 1428 618 1439 .
635 1375 797 1458 magistris
813 1375 913 1440 Petro
929 1379 1069 1452 cantore,
1085 1370 1111 1435 J
1111 1371 1240 1436 ohanne
1255 1367 1398 1444 custode,
1419 1364 1498 1431 une

368 1507 430 1564 ma,
455 1485 617 1564 Lcdislao,
642 1483 793 1549 Emerieo
819 1489 852 1548 et
876 1481 949 1547 aliis
975 1479 1138 1546 canonicis
1164 1479 1198 1544 in
1223 1476 1335 1542 eadem
1367 1472 1498 1539 ecclesie

369 1600 480 1660 nostra
496 1593 555 1658 deo
571 1592 682 1659 devote
698 1590 938 1658 famulantibus.

476 1757 501 1806 Α
513 1756 605 1820 pecstt
617 1755 750 1819 szederjes
763 1755 791 1804 ts
804 1755 878 1819 piros
896 1752 1132 1817 sslyemsodratcn
1145 1753 1221 1816 f'dgg,
1243 1766 1260 1800 a
1272 1747 1494 1814 chyrographum

374 1849 442 1898 seldl
455 1846 651 1911 szemlelhsto;
671 1845 802 1909 credetije
815 1861 847 1894 az
861 1859 929 1894 orsz.
952 1845 984 1894 lt.
1007 1843 1106 1893 kincst.
1126 1847 1194 1894 oszt.
1208 1841 1240 1890 V.
1254 1839 1375 1890 Budens.
1388 1839 1497 1889 Moninl.

377 1943 417 1987 18.
432 1943 456 1988 6.
470 1937 536 2000 dipl.
550 1941 617 1986 oszt.
631 1941 708 1986 4057.
723 1937 823 1985 Kozli:
844 1935 952 1986 Kovdcs
965 1935 999 1984 N.

891 2264 971 2326 159.

376 2408 470 2474 1349.
478 2405 541 2492 jol.
558 2407 590 2469 3.
611 2403 641 2469 A
660 2403 759 2470 dadai
774 2403 929 2488 ka'ptabro
946 2402 1016 2466 eldtt
1033 2427 1054 2467 a
1069 2402 1138 2468 Jot
1159 2399 1425 2486 cemzetsdybelielr
1448 2399 1495 2462 1εό-

372 2513 478 2578 telezs'lc
495 2513 655 2598 propulsat,
681 2514 759 2598 bogy
783 2536 804 2575 a
830 2510 989 2596 Kaleoaya
1015 2513 1045 2574 ds
1066 2509 1328 2594 Szentlrdromea'p
1348 2517 1426 2574 need
1445 2507 1495 2573 So-

266 2703 274 2717 ·
372 2645 463 2708 moqy
494 2622 675 2706 cdrmeqyei
700 2618 881 2683 birtokoloro
912 2617 1081 2682 vonartozo
1104 2617 1287 2682 olcleoeleket
1312 2617 1430 2681 Mltos
1447 2617 1496 2678 ro‘l·
1577 2653 1578 2664 κ

618 2729 741 2815 orezdpi
757 2727 817 2791 bria
833 2727 1018 2791 ooolcdinulc
1033 2725 1243 2812 coadaadjok.

479 2891 549 2958 Nos
575 2891 754 2974 capitulum
779 2889 940 2955 Budcnsis
967 2887 1101 2953 ecclesie
1135 2887 1354 2972 significamus
1371 2941 1378 2956 .
1395 2941 1401 2954 .
1418 2884 1496 2969 quod

374 3001 520 3068 Martino
537 3007 569 3065 et
584 2999 746 3064 Michasle
762 2997 837 3064 filiis
854 2998 954 3083 Tyalr,
971 2996 1107 3064 Nicolso
1123 2996 1190 3062 filio
1200 2997 1338 3076 Kemen,
1355 3005 1387 3062 et
1401 2997 1496 3061 altero
1576 3011 1577 3018 ¹

374 3107 512 3176 Nicolao
527 3108 593 3172 filio
610 3106 743 3172 Andros
760 3107 799 3172 de
815 3128 931 3190 genere
948 3105 1041 3192 Tyak
1057 3105 1096 3170 de
1115 3107 1272 3172 comitatu
1289 3105 1496 3180 Oestriferrei,

375 3237 413 3282 ac
428 3216 533 3281 Paulo
549 3213 615 3280 filio
631 3215 709 3300 Isyp
725 3214 765 3280 de
791 3214 943 3281 Sukurod
959 3215 998 3279 de
1015 3217 1170 3280 comitatu
1196 3213 1382 3297 Simigiensi
1398 3233 1496 3298 perse

375 3325 492 3390 naliter
523 3324 564 3389 ab
596 3346 679 3402 una,
711 3345 834 3389 necnon
865 3323 1016 3388 ‹lohanne
1046 3322 1113 3388 filio
1138 3321 1268 3390 Nicolai
1293 3321 1352 3388 filii
1377 3319 1496 3388 Nicolai
1575 3299 1576 3335 ³

374 3431 536 3516 quondam
561 3430 638 3496 bani
663 3428 795 3516 (tocius)
821 3429 990 3497 Sclavenie
1015 3453 1073 3515 pro
1099 3452 1132 3496 se
1157 3431 1372 3514 personaliter
1397 3438 1428 3496 et
1442 3450 1496 3512 pro

375 3539 517 3606 Omodeo
541 3539 642 3605 fratre
667 3559 724 3604 suo
747 3539 883 3617 uterino,
909 3539 1000 3604 cuius
1032 3561 1112 3604 onus
1137 3546 1170 3604 et
1195 3561 1370 3622 gravamen
1400 3539 1437 3604 ad
1464 3559 1496 3602 se
1574 3603 1575 3606 ,

374 3646 598 3713 assummendo
614 3647 822 3729 inhacpcrte
832 3646 986 3724 totaliter,
1001 3652 1095 3731 perte
1111 3646 1153 3712 ab
1169 3647 1273 3712 altera
1289 3669 1398 3712 coram
1414 3645 1497 3711 nobis
1574 3621 1575 3641 Χ

375 3755 566 3832 constitutis,
583 3756 784 3838 propositum
800 3755 908 3821 extitit
925 3776 984 3838 per
1000 3755 1128 3821 eosdem
1144 3757 1359 3821 communiter
1375 3806 1381 3819 .
1398 3807 1403 3820 .
1418 3762 1451 3819 nt
1468 3755 1493 3818 si
1573 3835 1574 3840 ἵ

374 3863 512 3948 predicti
527 3862 696 3928 Johannes
720 3868 752 3928 et
777 3861 941 3930 Omodsus
965 3863 1024 3929 filii
1048 3863 1179 3931 Nicolai
1204 3865 1418 3948 possessiones
1432 3861 1497 3926 Ka·
1573 3851 1574 3862 ¹

375 3971 485 4056 kunya
501 3977 534 4036 et
553 3969 806 4036 Scenthtrinitas
831 3978 960 4038 vocatas
977 3973 1010 4036 in
1026 3973 1112 4037 dicto
1138 3973 1295 4038 comitatu
1322 3971 1496 4056 Simigiensi

375 4080 557 4156 existentes,
573 4085 605 4144 et
621 4079 729 4162 vigore
746 4129 752 4143 .
770 4132 776 4146 .
793 4081 1081 4146 instrumentorum
1098 4079 1283 4146 eorumdem
1296 4080 1443 4146 nobilium
1459 4079 1499 4142 ds
1572 4101 1573 4106 ¹

376 4207 491 4269 genere
509 4186 601 4271 Tyak
616 4188 651 4252 in
666 4187 770 4253 forma
782 4187 848 4254 litis
857 4211 915 4272 per
934 4189 1062 4255 eosdem
1078 4189 1201 4255 nobiles
1211 4191 1245 4254 in
1255 4195 1350 4272 parte
1365 4191 1497 4274 ipsorum

376 4292 538 4360 Johcnnis
554 4300 588 4359 st
604 4293 739 4361 Omodei
764 4295 904 4364 liliorum
928 4296 1058 4363 Nicolai
1083 4294 1192 4363 coram
1217 4298 1347 4363 domino
1372 4296 1499 4363 Nicolso
1571 4355 1572 4372 ,

376 4402 576 4484 ..palatina
592 4409 705 4468 eontra
721 4401 900 4488 Georgium
921 4403 1022 4470 lilium
1048 4405 1144 4472 Pauli
1171 4405 1293 4471 dictum
1319 4405 1358 4470 de
1382 4404 1499 4480 Zeten,

376 4515 564 4588 consortem,
580 4515 613 4575 st
627 4509 711 4576 filios
737 4533 775 4577 cc
799 4511 882 4578 filias
899 4535 974 4579 suas
993 4513 1256 4594 exhibendorum,
1271 4519 1423 4599 perpetuo
1436 4519 1499 4576 sta·

376 4616 504 4682 bilitate
529 4624 660 4699 possent
675 4625 707 4683 st
722 4621 867 4685 valerent
890 4622 1081 4705 reoptinere,
1097 4628 1174 4686 tunc
1189 4621 1275 4686 idem
1291 4621 1452 4687 Johcnnes
1468 4629 1501 4684 et

378 4720 539 4790 Omodsus
563 4725 621 4790 filii
648 4727 776 4796 Nicolai
802 4729 965 4815 quandem
991 4751 1101 4795 eorum
1126 4731 1360 4814 possessionem
1378 4727 1500 4812 Bolugd
