3188 5470
358 483 421 548 322
710 497 896 550 1110010111
913 483 1130 548 cantuaria.

357 663 400 728 ad
411 664 680 730 reexhibicionem
696 665 984 730 instrumentorum
996 673 1208 748 utrarumque
1218 665 1364 749 parcium
1382 685 1497 730 eoram

359 775 451 840 nobis
467 773 692 853 exhibitorum,
712 779 847 858 propter
863 777 1061 859 paucitatem
1083 781 1267 840 nostrorum
1291 795 1497 840 assessorum

360 881 402 946 ad
418 887 548 948 octavas
565 882 639 947 festi
661 880 854 948 Natiuitatis
880 882 974 948 beate
999 882 1134 965 virginis
1158 881 1274 947 fuisset
1298 889 1497 966 prorogata3

357 989 488 1054 tandem
503 990 584 1074 ipsis
600 991 720 1054 octavis
735 1040 741 1054 .
758 1043 764 1056 .
782 991 1033 1068 occurrentibus,
1050 989 1076 1055 J
1077 989 1176 1055 aoobo
1193 989 1323 1055 literato
1340 990 1407 1056 filio
1424 991 1495 1056 De-

359 1097 433 1162 trici
459 1097 493 1161 in
509 1118 647 1180 persona
663 1097 782 1180 prefati
798 1097 892 1163 Zonh
908 1097 967 1162 filii
982 1097 1125 1162 Hannus
1140 1097 1251 1180 patrui
1268 1100 1317 1162 sui
1334 1148 1342 1162 .
1359 1150 1365 1164 .
1382 1120 1497 1165 coram

358 1204 450 1269 nohis
467 1210 605 1284 astante,
620 1211 653 1268 et
668 1205 883 1270 instrumenta
899 1205 1000 1288 ipsius
1017 1203 1189 1270 Michaelis
1206 1205 1272 1269 oeci
1287 1203 1345 1270 filii
1363 1205 1495 1271 Nicolai

357 1311 537 1377 reexhiberi
552 1314 745 1396 postulante,
763 1314 832 1398 ipse
842 1313 986 1378 Michael
996 1335 1088 1379 cecus
1098 1313 1312 1397 personaliter
1321 1315 1494 1390 adherens,

357 1422 515 1506 quasdam
540 1425 754 1506 possessiones
785 1423 990 1508 Jazormegy,
1020 1423 1247 1502 Ponchfeulde,
1272 1423 1495 1507 Wlohynepa·

358 1531 444 1610 taka,
460 1530 725 1615 Hennygpataha
741 1537 774 1596 et
788 1531 980 1614 Buhtehege
997 1537 1126 1595 vocatas
1142 1531 1175 1594 in
1192 1530 1349 1595 comitatu
1365 1530 1495 1614 Scepsi-

358 1640 427 1704 ensi
444 1639 626 1718 existentes,
647 1640 681 1703 in
705 1637 762 1703 lite
787 1660 860 1703 oum
885 1638 993 1703 villico
1017 1645 1050 1702 et
1073 1639 1201 1722 populis
1226 1637 1266 1703 de
1290 1639 1494 1704 Mendzenth

358 1747 482 1813 diucius
499 1768 614 1812 coramv
624 1746 710 1811 dioto
726 1747 843 1811 comite
859 1746 963 1811 Paulo
988 1753 1066 1812 tuno
1081 1746 1186 1812 iudice
1203 1747 1290 1810 curie
1308 1799 1313 1810 .
1331 1795 1338 1810 .
1353 1753 1444 1812 mota
1462 1755 1494 1812 et

357 1853 526 1918 ventillata
552 1854 680 1918 nomine
697 1853 746 1918 sui
765 1853 845 1917 iuris
870 1859 1058 1938 reoptentas
1083 1853 1151 1918 fore
1177 1875 1233 1936 per
1258 1855 1492 1920 exhibicionem

357 1961 518 2046 privilegii
534 1960 676 2026 eiusdem
692 1960 820 2025 comitis
835 1960 942 2038 Pauli,
958 1981 1042 2025 anno
1058 1961 1180 2026 domini
1196 1962 1249 2026 111ο
1273 1961 1370 2029 000ο
1396 1965 1493 2028 trice·

356 2071 437 2136 simo
453 2072 589 2156 septimo
607 2069 751 2148 confecti,
771 2069 941 2152 nullasque
951 2077 1055 2135 metas
1071 2072 1105 2136 in
1123 2092 1156 2136 00
1173 2072 1367 2136 0001110111ἰο
1385 2070 1492 2137 decla·

361 2200 446 2262 rans,
462 2179 619 2262 quasdam
638 2179 750 2243 literas
766 2179 905 2263 predicti
929 2179 1050 2244 domini
1066 2180 1222 2245 Lodovici
1237 2182 1322 2264 regis
1338 2187 1492 2265 patentes

358 2309 443 2353 anno
459 2287 495 2351 in
504 2291 646 2372 presenti
661 2292 836 2364 emanatas,
853 2293 998 2351 tenorem
1014 2289 1184 2353 literarum
1200 2295 1379 2354 vestrarum
1406 2312 1492 2354 anno

357 2395 479 2461 domini
495 2393 547 2459 M⁰
571 2393 690 2462 OOC¹¹²⁰
708 2394 956 2478 quadragesimo
973 2396 1189 2462 confectarum
1206 2449 1213 2462 .
1230 2447 1236 2460 .
1253 2397 1379 2464 Karolo
1391 2422 1491 2483 quon·

358 2505 434 2570 dam
450 2555 457 2569 .
473 2553 481 2568 .
498 2503 567 2586 regi
583 2553 590 2567 .
607 2553 614 2566 .
630 2504 862 2587 rescriptarum
872 2505 1072 2569 continentes
1097 2507 1313 2588 presentavit3
1328 2507 1491 2587 inquibus

356 2611 612 2678 informabamur
629 2611 785 2694 eomodo,
801 2611 888 2693 quod
903 2611 1026 2677 Paulus
1043 2612 1116 2678 aule
1132 2615 1221 2697 regie
1245 2613 1370 2680 iuvenis
1394 2615 1491 2679 homo

359 2721 460 2805 ipsius
476 2718 598 2784 domini
613 2717 732 2784 Karoli
748 2715 841 2802 regis,
858 2725 1007 2801 presente
1023 2721 1178 2802 magistro
1194 2719 1364 2786 Demetrio
1379 2743 1492 2788 conca-

357 2829 471 2893 nonico
488 2833 520 2892 et
535 2827 719 2892 testimonio
735 2833 849 2909 vestre,
872 2826 912 2892 de
928 2828 1029 2910 ipsius
1045 2827 1167 2892 domini
1182 2827 1303 2894 Karoli
1317 2831 1403 2912 regis
1419 2853 1491 2915 pre-

357 2942 458 3019 cepto,
474 2935 619 3018 prefatas
639 2935 855 3019 possessiones
871 2935 951 3000 dicti
976 2935 1150 3000 Michaelis
1177 2937 1243 3000 ceci
1268 2935 1326 3002 filii
1351 2937 1492 3016 Nicolai,

356 3041 576 3108 Ponchfeulde
596 3043 793 3126 Jazarmegy
812 3049 844 3107 et
869 3043 911 3106 ad
936 3043 1064 3108 easdem
1089 3043 1298 3126 pertinentes,
1324 3066 1406 3127 quas
1422 3049 1492 3130 ipse

355 3151 501 3216 Michael
516 3170 609 3215 cecus
619 3149 705 3215 filius
715 3149 845 3215 Nicolai
855 3150 1025 3215 iudiciario
1034 3151 1157 3216 ordinis
1167 3174 1318 3235 processu
1327 3155 1492 3220 mediante

355 3260 390 3324 in
404 3259 573 3343 presencia
589 3257 669 3322 dicti
685 3258 810 3322 comitis
826 3257 923 3323 Pauli
941 3263 1018 3324 tunc
1043 3259 1158 3324 iudicis
1175 3263 1263 3326 curie
1276 3264 1365 3346 regie
1381 3265 1492 3346 acqui·

356 3369 482 3434 sivisset
492 3374 525 3432 et
534 3357 734 3450 optinuisset,
744 3367 778 3430 in
795 3367 880 3432 dicto
897 3368 1053 3432 comitatu
1069 3367 1251 3454 Scepsiensi
1269 3371 1443 3436 existentes
1461 3421 1468 3435 .
1486 3421 1492 3434 .

356 3475 524 3540 statuisset
540 3473 599 3540 sub
615 3475 709 3539 metis
734 3476 768 3539 in
784 3475 905 3540 eisdem
929 3477 1034 3541 literis
1058 3478 1175 3542 vestris
1201 3484 1234 3542 et
1258 3479 1377 3544 domini
1402 3481 1494 3562 regis

357 3585 500 3650 seriatim
517 3584 677 3650 contentis
703 3583 863 3668 prelibato
879 3584 1036 3650 Michaeli
1061 3606 1134 3651 ceco
1154 3585 1220 3651 filio
1237 3586 1270 3652 N
1271 3587 1365 3652 icolai
1380 3593 1415 3650 et
1432 3609 1494 3670 per

358 3714 432 3758 eum
449 3693 515 3758 suis
530 3690 703 3757 heredibus
720 3691 790 3755 iure
815 3697 972 3776 perpetuo
988 3693 1207 3776 possidendas,
1232 3695 1496 3760 contradiccione

355 3799 526 3866 cuiuslibet
551 3820 614 3864 non
639 3799 797 3880 obstante,
822 3800 1055 3883 promulgendo
1081 3801 1211 3880 ibidem,
1235 3809 1273 3866 nt
1297 3805 1324 3868 01
1350 3804 1402 3886 qui
1432 3813 1496 3868 aut

356 3908 434 3991 quid
461 3907 600 3973 accionis
631 3906 789 3972 haberent
813 3915 926 3973 contra
955 3909 1118 3991 prefatum
1144 3910 1348 3990 Michaelem‚
1372 3911 1416 3975 ad
1444 3934 1497 3976 re-

355 4015 442 4097 giam
458 4014 657 4096 presenciam
673 4013 827 4078 deberent
842 4015 949 4098 ipsum
965 4036 1105 4080 evocare.
1122 4013 1186 4099 Qui
1204 4017 1334 4100 quidem
1343 4017 1496 4083 Michael

355 4142 448 4188 cecus
463 4121 549 4186 filius
559 4121 591 4186 N
593 4121 688 4185 ioolai
697 4129 770 4206 post
780 4122 1012 4188 exhibicionem
1027 4123 1188 4189 dictarum
1204 4124 1372 4189 literarum
1381 4125 1498 4208 ipsam

355 4229 589 4294 dimidietatem
604 4229 812 4312 possessionis
829 4229 1009 4315 Welchyne
1024 4237 1144 4309 vocate,
1168 4251 1227 4315 per
1245 4233 1349 4316 ipsum
1364 4239 1401 4297 ut
1418 4255 1499 4317 pre-
1549 4256 1555 4268 ·

355 4337 498 4403 mittitur
528 4337 709 4417 inhibitam,
734 4338 822 4404 intra
848 4339 951 4404 dictas
981 4341 1196 4423 possessiones
1221 4341 1256 4405 in
1280 4342 1358 4426 ipsis
1381 4342 1498 4409 literis

354 4445 468 4509 vestris
485 4451 518 4509 et
533 4445 630 4528 regiis
647 4437 815 4511 contentas
831 4445 993 4511 adducere
1019 4454 1052 4512 et
1068 4447 1129 4512 sibi
1145 4449 1320 4532 pertinere,
1337 4449 1499 4536 dictoque

354 4551 448 4616 Zonk
463 4550 530 4616 filio
545 4553 686 4618 Hannus
711 4553 745 4617 111
771 4553 859 4618 nullo
885 4556 1022 4619 attinere
1049 4555 1223 4637 allegabat
1247 4555 1288 4621 In
1305 4559 1394 4622 cuius
1418 4581 1499 4624 0011-

357 4661 496 4724 trarium
513 4661 618 4726 <lictus
634 4661 779 4726 ,1100111ιο
798 4662 948 4726 literatus
973 4664 1135 4746 legitimus
1162 4672 1351 4747 procurator
1366 4668 1499 4747 prefati
