<?xml version="1.0" encoding="UTF-8"?>
<!DOCTYPE html PUBLIC "-//W3C//DTD XHTML 1.0 Transitional//EN"
    "http://www.w3.org/TR/xhtml1/DTD/xhtml1-transitional.dtd">
<html xmlns="http://www.w3.org/1999/xhtml" xml:lang="en" lang="en">
 <head>
  <title>
</title>
<meta http-equiv="Content-Type" content="text/html;charset=utf-8" />
  <meta name='ocr-system' content='tesseract 3.04.00' />
  <meta name='ocr-capabilities' content='ocr_page ocr_carea ocr_par ocr_line ocrx_word'/>
</head>
<body>
  <div class='ocr_page' id='page_1' title='image "./codexdiplomatic06nagygoog_0298.png"; bbox 0 0 3188 5470; ppageno 0'>
   <div class='ocr_carea' id='block_1_1' title="bbox 497 465 1193 533">
    <p class='ocr_par' dir='ltr' id='par_1_1' title="bbox 497 465 1193 533">
     <span class='ocr_line' id='line_1_1' title="bbox 497 465 1193 533; baseline -0.007 -1"><span class='ocrx_word' id='word_1_1' title='bbox 497 467 591 533; x_wconf 82' lang='lat'><strong>1349.</strong></span> <span class='ocrx_word' id='word_1_2' title='bbox 608 473 680 532; x_wconf 81' lang='lat' dir='ltr'>ula.</span> <span class='ocrx_word' id='word_1_3' title='bbox 701 467 751 531; x_wconf 87' lang='lat'>30.</span> <span class='ocrx_word' id='word_1_4' title='bbox 1129 465 1193 528; x_wconf 72' lang='lat'>285</span> 
     </span>
    </p>
   </div>
   <div class='ocr_carea' id='block_1_2' title="bbox 75 642 1194 734">
    <p class='ocr_par' dir='ltr' id='par_1_2' title="bbox 75 642 1194 734">
     <span class='ocr_line' id='line_1_2' title="bbox 75 642 1194 734; baseline -0.005 -20"><span class='ocrx_word' id='word_1_5' title='bbox 75 647 355 733; x_wconf 83' lang='lat' dir='ltr'>possessionaniann,</span> <span class='ocrx_word' id='word_1_6' title='bbox 381 671 480 734; x_wconf 76' lang='lat' dir='ltr'>qraam</span> <span class='ocrx_word' id='word_1_7' title='bbox 505 671 577 713; x_wconf 89' lang='lat' dir='ltr'>cum</span> <span class='ocrx_word' id='word_1_8' title='bbox 603 649 701 714; x_wconf 92' lang='lat' dir='ltr'>Petro</span> <span class='ocrx_word' id='word_1_9' title='bbox 722 655 756 713; x_wconf 90' lang='lat' dir='ltr'>et</span> <span class='ocrx_word' id='word_1_10' title='bbox 775 647 910 714; x_wconf 82' lang='lat' dir='ltr'>Nicolao</span> <span class='ocrx_word' id='word_1_11' title='bbox 927 642 994 730; x_wconf 89' lang='lat' dir='ltr'>(ac)</span> <span class='ocrx_word' id='word_1_12' title='bbox 1010 645 1194 712; x_wconf 87' lang='lat' dir='ltr'>Laurenoio</span> 
     </span>
    </p>
   </div>
   <div class='ocr_carea' id='block_1_3' title="bbox 74 755 1198 1704">
    <p class='ocr_par' dir='ltr' id='par_1_3' title="bbox 74 755 1198 1704">
     <span class='ocr_line' id='line_1_3' title="bbox 75 755 1195 841; baseline -0.003 -19"><span class='ocrx_word' id='word_1_13' title='bbox 75 759 226 823; x_wconf 75' lang='lat' dir='ltr'>annotatis</span> <span class='ocrx_word' id='word_1_14' title='bbox 241 759 275 822; x_wconf 92' lang='lat' dir='ltr'>in</span> <span class='ocrx_word' id='word_1_15' title='bbox 292 757 403 822; x_wconf 87' lang='lat' dir='ltr'>eadem</span> <span class='ocrx_word' id='word_1_16' title='bbox 420 758 620 841; x_wconf 83' lang='lat' dir='ltr'>possessione</span> <span class='ocrx_word' id='word_1_17' title='bbox 642 757 774 840; x_wconf 88' lang='lat' dir='ltr'>Rozgon</span> <span class='ocrx_word' id='word_1_18' title='bbox 791 758 824 821; x_wconf 91' lang='lat' dir='ltr'>in</span> <span class='ocrx_word' id='word_1_19' title='bbox 842 755 1003 822; x_wconf 89' lang='lat' dir='ltr'>communi</span> <span class='ocrx_word' id='word_1_20' title='bbox 1027 755 1195 820; x_wconf 80' lang='lat' dir='ltr'>habuisset</span> 
     </span>
     <span class='ocr_line' id='line_1_4' title="bbox 75 863 1194 950; baseline -0.002 -20"><span class='ocrx_word' id='word_1_21' title='bbox 75 865 239 943; x_wconf 86' lang='lat' dir='ltr'>residendo,</span> <span class='ocrx_word' id='word_1_22' title='bbox 254 867 358 950; x_wconf 84' lang='lat' dir='ltr'>ipsam</span> <span class='ocrx_word' id='word_1_23' title='bbox 374 866 557 949; x_wconf 85' lang='lat' dir='ltr'>porcionem</span> <span class='ocrx_word' id='word_1_24' title='bbox 583 887 673 930; x_wconf 88' lang='lat' dir='ltr'>suam</span> <span class='ocrx_word' id='word_1_25' title='bbox 691 865 916 930; x_wconf 87' lang='lat' dir='ltr'>sessionariam</span> <span class='ocrx_word' id='word_1_26' title='bbox 932 864 972 929; x_wconf 94' lang='lat' dir='ltr'>ob</span> <span class='ocrx_word' id='word_1_27' title='bbox 988 863 1194 929; x_wconf 81' lang='lat' dir='ltr'>dileccionem</span> 
     </span>
     <span class='ocr_line' id='line_1_5' title="bbox 74 973 1195 1040; baseline 0 -2"><span class='ocrx_word' id='word_1_28' title='bbox 74 973 277 1039; x_wconf 83' lang='lat' dir='ltr'>haternitatis</span> <span class='ocrx_word' id='word_1_29' title='bbox 302 995 322 1038; x_wconf 89' lang='lat' dir='ltr'>a</span> <span class='ocrx_word' id='word_1_30' title='bbox 346 995 402 1039; x_wconf 82' lang='lat' dir='ltr'>sex</span> <span class='ocrx_word' id='word_1_31' title='bbox 436 975 529 1040; x_wconf 87' lang='lat' dir='ltr'>annis</span> <span class='ocrx_word' id='word_1_32' title='bbox 565 973 733 1039; x_wconf 74' lang='lat' dir='ltr'>retroactis</span> <span class='ocrx_word' id='word_1_33' title='bbox 768 975 852 1039; x_wconf 89' lang='lat' dir='ltr'>sicut</span> <span class='ocrx_word' id='word_1_34' title='bbox 878 980 955 1038; x_wconf 91' lang='lat' dir='ltr'>tunc</span> <span class='ocrx_word' id='word_1_35' title='bbox 980 973 1027 1037; x_wconf 89' lang='lat' dir='ltr'>ita</span> <span class='ocrx_word' id='word_1_36' title='bbox 1052 979 1084 1037; x_wconf 88' lang='lat' dir='ltr'>et</span> <span class='ocrx_word' id='word_1_37' title='bbox 1111 993 1195 1038; x_wconf 91' lang='lat' dir='ltr'>nunc</span> 
     </span>
     <span class='ocr_line' id='line_1_6' title="bbox 76 1081 1194 1166; baseline -0.004 -19"><span class='ocrx_word' id='word_1_38' title='bbox 76 1082 218 1166; x_wconf 85' lang='lat' dir='ltr'>sepefatis</span> <span class='ocrx_word' id='word_1_39' title='bbox 249 1081 386 1147; x_wconf 88' lang='lat' dir='ltr'>Nicolao</span> <span class='ocrx_word' id='word_1_40' title='bbox 412 1089 445 1147; x_wconf 90' lang='lat' dir='ltr'>et</span> <span class='ocrx_word' id='word_1_41' title='bbox 469 1083 652 1148; x_wconf 86' lang='lat' dir='ltr'>Laurencio</span> <span class='ocrx_word' id='word_1_42' title='bbox 677 1083 865 1165; x_wconf 79' lang='lat' dir='ltr'>reliquisset</span> <span class='ocrx_word' id='word_1_43' title='bbox 891 1131 921 1146; x_wconf 90' lang='lat'>..</span> <span class='ocrx_word' id='word_1_44' title='bbox 947 1081 1042 1163; x_wconf 90' lang='lat' dir='ltr'>pleno</span> <span class='ocrx_word' id='word_1_45' title='bbox 1068 1082 1136 1145; x_wconf 82' lang='lat' dir='ltr'>iura</span> <span class='ocrx_word' id='word_1_46' title='bbox 1162 1081 1194 1144; x_wconf 90' lang='lat' dir='ltr'>in</span> 
     </span>
     <span class='ocr_line' id='line_1_7' title="bbox 74 1187 1196 1274; baseline -0.004 -18"><span class='ocrx_word' id='word_1_47' title='bbox 74 1189 197 1256; x_wconf 87' lang='lat' dir='ltr'>heredes</span> <span class='ocrx_word' id='word_1_48' title='bbox 223 1189 356 1274; x_wconf 87' lang='lat' dir='ltr'>pacifice</span> <span class='ocrx_word' id='word_1_49' title='bbox 382 1190 562 1274; x_wconf 81' lang='lat' dir='ltr'>possidere3</span> <span class='ocrx_word' id='word_1_50' title='bbox 596 1197 629 1255; x_wconf 89' lang='lat' dir='ltr'>et</span> <span class='ocrx_word' id='word_1_51' title='bbox 653 1211 670 1254; x_wconf 96' lang='lat' dir='ltr'>e</span> <span class='ocrx_word' id='word_1_52' title='bbox 696 1211 846 1255; x_wconf 84' lang='lat' dir='ltr'>converso</span> <span class='ocrx_word' id='word_1_53' title='bbox 871 1189 957 1254; x_wconf 89' lang='lat' dir='ltr'>idem</span> <span class='ocrx_word' id='word_1_54' title='bbox 981 1187 1137 1254; x_wconf 90' lang='lat' dir='ltr'>Nicolaus</span> <span class='ocrx_word' id='word_1_55' title='bbox 1163 1194 1196 1252; x_wconf 90' lang='lat' dir='ltr'>et</span> 
     </span>
     <span class='ocr_line' id='line_1_8' title="bbox 74 1297 1195 1383; baseline -0.003 -20"><span class='ocrx_word' id='word_1_56' title='bbox 74 1299 264 1364; x_wconf 85' lang='lat' dir='ltr'>Laurencins</span> <span class='ocrx_word' id='word_1_57' title='bbox 279 1306 423 1383; x_wconf 77' lang='lat' dir='ltr'>protecto</span> <span class='ocrx_word' id='word_1_58' title='bbox 449 1299 604 1364; x_wconf 87' lang='lat' dir='ltr'>Ladislao</span> <span class='ocrx_word' id='word_1_59' title='bbox 629 1297 696 1363; x_wconf 90' lang='lat' dir='ltr'>filio</span> <span class='ocrx_word' id='word_1_60' title='bbox 715 1297 878 1364; x_wconf 88' lang='lat' dir='ltr'>Johannis</span> <span class='ocrx_word' id='word_1_61' title='bbox 894 1299 927 1362; x_wconf 92' lang='lat' dir='ltr'>iu</span> <span class='ocrx_word' id='word_1_62' title='bbox 944 1298 1056 1363; x_wconf 87' lang='lat' dir='ltr'>eadem</span> <span class='ocrx_word' id='word_1_63' title='bbox 1072 1317 1195 1380; x_wconf 89' lang='lat' dir='ltr'>posses·</span> 
     </span>
     <span class='ocr_line' id='line_1_9' title="bbox 75 1405 1196 1491; baseline -0.003 -20"><span class='ocrx_word' id='word_1_64' title='bbox 75 1407 152 1472; x_wconf 90' lang='lat' dir='ltr'>sione</span> <span class='ocrx_word' id='word_1_65' title='bbox 178 1407 321 1491; x_wconf 80' lang='lat' dir='ltr'>Rozgon,</span> <span class='ocrx_word' id='word_1_66' title='bbox 347 1408 412 1472; x_wconf 83' lang='lat' dir='ltr'>sive</span> <span class='ocrx_word' id='word_1_67' title='bbox 438 1407 471 1470; x_wconf 87' lang='lat' dir='ltr'>iu</span> <span class='ocrx_word' id='word_1_68' title='bbox 497 1407 570 1471; x_wconf 89' lang='lat' dir='ltr'>aliis</span> <span class='ocrx_word' id='word_1_69' title='bbox 597 1406 852 1491; x_wconf 87' lang='lat' dir='ltr'>possessionibus</span> <span class='ocrx_word' id='word_1_70' title='bbox 877 1406 970 1472; x_wconf 84' lang='lat' dir='ltr'>iuxta</span> <span class='ocrx_word' id='word_1_71' title='bbox 995 1405 1122 1471; x_wconf 91' lang='lat' dir='ltr'>libitum</span> <span class='ocrx_word' id='word_1_72' title='bbox 1140 1426 1196 1469; x_wconf 88' lang='lat' dir='ltr'>sue</span> 
     </span>
     <span class='ocr_line' id='line_1_10' title="bbox 75 1514 1197 1598; baseline 0.001 -21"><span class='ocrx_word' id='word_1_73' title='bbox 75 1515 248 1593; x_wconf 79' lang='lat' dir='ltr'>voluntatis,</span> <span class='ocrx_word' id='word_1_74' title='bbox 264 1514 320 1580; x_wconf 91' lang='lat' dir='ltr'>ubi</span> <span class='ocrx_word' id='word_1_75' title='bbox 336 1514 548 1580; x_wconf 89' lang='lat' dir='ltr'>residanciam</span> <span class='ocrx_word' id='word_1_76' title='bbox 558 1514 654 1580; x_wconf 87' lang='lat' dir='ltr'>vellet</span> <span class='ocrx_word' id='word_1_77' title='bbox 669 1515 799 1594; x_wconf 85' lang='lat' dir='ltr'>habere,</span> <span class='ocrx_word' id='word_1_78' title='bbox 815 1515 955 1598; x_wconf 89' lang='lat' dir='ltr'>eligendi</span> <span class='ocrx_word' id='word_1_79' title='bbox 970 1535 1068 1579; x_wconf 90' lang='lat' dir='ltr'>unam</span> <span class='ocrx_word' id='word_1_80' title='bbox 1084 1515 1197 1579; x_wconf 89' lang='lat' dir='ltr'>sessio·</span> 
     </span>
     <span class='ocr_line' id='line_1_11' title="bbox 75 1621 1198 1704; baseline -0.002 -17"><span class='ocrx_word' id='word_1_81' title='bbox 75 1645 138 1687; x_wconf 87' lang='lat' dir='ltr'>nem</span> <span class='ocrx_word' id='word_1_82' title='bbox 153 1623 291 1688; x_wconf 84' lang='lat' dir='ltr'>liberam</span> <span class='ocrx_word' id='word_1_83' title='bbox 306 1623 440 1688; x_wconf 90' lang='lat' dir='ltr'>haberet</span> <span class='ocrx_word' id='word_1_84' title='bbox 465 1623 662 1704; x_wconf 84' lang='lat' dir='ltr'>facultatem,</span> <span class='ocrx_word' id='word_1_85' title='bbox 687 1629 720 1688; x_wconf 88' lang='lat' dir='ltr'>et</span> <span class='ocrx_word' id='word_1_86' title='bbox 737 1645 808 1688; x_wconf 89' lang='lat' dir='ltr'>eam</span> <span class='ocrx_word' id='word_1_87' title='bbox 833 1625 982 1689; x_wconf 87' lang='lat' dir='ltr'>similiter</span> <span class='ocrx_word' id='word_1_88' title='bbox 1005 1625 1039 1688; x_wconf 92' lang='lat' dir='ltr'>in</span> <span class='ocrx_word' id='word_1_89' title='bbox 1064 1621 1198 1687; x_wconf 86' lang='lat' dir='ltr'>heredes</span> 
     </span>
    </p>
   </div>
   <div class='ocr_carea' id='block_1_4' title="bbox 75 1730 1197 1904">
    <p class='ocr_par' dir='ltr' id='par_1_4' title="bbox 75 1730 1197 1904">
     <span class='ocr_line' id='line_1_12' title="bbox 75 1730 1197 1812; baseline -0.003 -17"><span class='ocrx_word' id='word_1_90' title='bbox 75 1730 252 1812; x_wconf 89' lang='lat' dir='ltr'>possidere.</span> <span class='ocrx_word' id='word_1_91' title='bbox 271 1781 277 1794; x_wconf 94' lang='lat'><em>.</em></span> <span class='ocrx_word' id='word_1_92' title='bbox 294 1731 417 1796; x_wconf 89' lang='lat' dir='ltr'>Datum</span> <span class='ocrx_word' id='word_1_93' title='bbox 434 1732 467 1794; x_wconf 89' lang='lat' dir='ltr'>iu</span> <span class='ocrx_word' id='word_1_94' title='bbox 487 1733 607 1796; x_wconf 86' lang='lat' dir='ltr'>octavis</span> <span class='ocrx_word' id='word_1_95' title='bbox 632 1731 707 1796; x_wconf 91' lang='lat' dir='ltr'>festi</span> <span class='ocrx_word' id='word_1_96' title='bbox 725 1731 934 1797; x_wconf 89' lang='lat' dir='ltr'>Ascensiouis</span> <span class='ocrx_word' id='word_1_97' title='bbox 960 1731 1089 1810; x_wconf 86' lang='lat' dir='ltr'>domini,</span> <span class='ocrx_word' id='word_1_98' title='bbox 1113 1749 1197 1793; x_wconf 91' lang='lat' dir='ltr'>anno</span> 
     </span>
     <span class='ocr_line' id='line_1_13' title="bbox 75 1836 668 1904; baseline 0 -2"><span class='ocrx_word' id='word_1_99' title='bbox 75 1839 208 1903; x_wconf 89' lang='lat' dir='ltr'>eiusdem</span> <span class='ocrx_word' id='word_1_100' title='bbox 225 1837 300 1902; x_wconf 84' lang='lat' dir='ltr'>M¹¹¹⁰</span> <span class='ocrx_word' id='word_1_101' title='bbox 317 1836 438 1904; x_wconf 70' lang='grc' dir='ltr'>ΟΟΟ“10</span> <span class='ocrx_word' id='word_1_102' title='bbox 454 1839 559 1904; x_wconf 70' lang='lat' dir='ltr'><strong>XLm⁰</strong></span> <span class='ocrx_word' id='word_1_103' title='bbox 576 1859 668 1903; x_wconf 89' lang='lat' dir='ltr'>nono.</span> 
     </span>
    </p>
   </div>
   <div class='ocr_carea' id='block_1_5' title="bbox 74 2018 1198 2174">
    <p class='ocr_par' dir='ltr' id='par_1_5' title="bbox 74 2018 1198 2174">
     <span class='ocr_line' id='line_1_14' title="bbox 173 2018 1198 2089; baseline -0.003 -21"><span class='ocrx_word' id='word_1_104' title='bbox 173 2018 327 2084; x_wconf 73' lang='lat' dir='ltr'>Hstlapjen</span> <span class='ocrx_word' id='word_1_105' title='bbox 348 2020 440 2084; x_wconf 74' lang='lat' dir='ltr'>pecsit</span> <span class='ocrx_word' id='word_1_106' title='bbox 461 2022 638 2089; x_wconf 86' lang='lat' dir='ltr'>nyomaival;</span> <span class='ocrx_word' id='word_1_107' title='bbox 658 2021 788 2087; x_wconf 85' lang='lat' dir='ltr'>oredetije</span> <span class='ocrx_word' id='word_1_108' title='bbox 810 2037 843 2072; x_wconf 83' lang='lat' dir='ltr'>az</span> <span class='ocrx_word' id='word_1_109' title='bbox 867 2037 936 2073; x_wconf 81' lang='lat' dir='ltr'>orsa.</span> <span class='ocrx_word' id='word_1_110' title='bbox 956 2022 988 2072; x_wconf 86' lang='lat' dir='ltr'>lt.</span> <span class='ocrx_word' id='word_1_111' title='bbox 1008 2019 1107 2070; x_wconf 85' lang='lat' dir='ltr'>kinost.</span> <span class='ocrx_word' id='word_1_112' title='bbox 1130 2021 1198 2067; x_wconf 86' lang='lat' dir='ltr'>oszt.</span> 
     </span>
     <span class='ocr_line' id='line_1_15' title="bbox 74 2109 866 2174; baseline 0.006 -17"><span class='ocrx_word' id='word_1_113' title='bbox 74 2109 103 2158; x_wconf 83' lang='lat' dir='ltr'>N.</span> <span class='ocrx_word' id='word_1_114' title='bbox 115 2111 147 2160; x_wconf 86' lang='lat' dir='ltr'>R.</span> <span class='ocrx_word' id='word_1_115' title='bbox 160 2109 194 2160; x_wconf 75' lang='lat' dir='ltr'>A.</span> <span class='ocrx_word' id='word_1_116' title='bbox 208 2115 271 2160; x_wconf 79' lang='lat'>497.</span> <span class='ocrx_word' id='word_1_117' title='bbox 286 2117 310 2161; x_wconf 83' lang='grc'>9.</span> <span class='ocrx_word' id='word_1_118' title='bbox 324 2111 390 2174; x_wconf 86' lang='lat' dir='ltr'>dipl.</span> <span class='ocrx_word' id='word_1_119' title='bbox 404 2115 472 2161; x_wconf 85' lang='lat' dir='ltr'>oszt.</span> <span class='ocrx_word' id='word_1_120' title='bbox 486 2117 565 2167; x_wconf 81' lang='lat'>4048.</span> <span class='ocrx_word' id='word_1_121' title='bbox 585 2112 686 2162; x_wconf 79' lang='lat' dir='ltr'>Ktizli:</span> <span class='ocrx_word' id='word_1_122' title='bbox 707 2112 815 2162; x_wconf 77' lang='lat' dir='ltr'>Kovics</span> <span class='ocrx_word' id='word_1_123' title='bbox 832 2113 866 2162; x_wconf 84' lang='lat' dir='ltr'>N.</span> 
     </span>
    </p>
   </div>
   <div class='ocr_carea' id='block_1_6' title="bbox 599 2479 670 2539">
    <p class='ocr_par' dir='ltr' id='par_1_6' title="bbox 599 2479 670 2539">
     <span class='ocr_line' id='line_1_16' title="bbox 599 2479 670 2539; baseline -0.014 0"><span class='ocrx_word' id='word_1_124' title='bbox 599 2479 670 2539; x_wconf 86' lang='lat'>153.</span> 
     </span>
    </p>
   </div>
   <div class='ocr_carea' id='block_1_7' title="bbox 66 2638 1201 3049">
    <p class='ocr_par' dir='ltr' id='par_1_7' title="bbox 77 2638 1201 2729">
     <span class='ocr_line' id='line_1_17' title="bbox 77 2638 1201 2729; baseline 0.006 -28"><span class='ocrx_word' id='word_1_125' title='bbox 77 2641 164 2704; x_wconf 71' lang='lat'><em>1349.</em></span> <span class='ocrx_word' id='word_1_126' title='bbox 194 2639 531 2729; x_wconf 75' lang='lat' dir='ltr'>Somlyo-Vdsa&#39;rtoly,</span> <span class='ocrx_word' id='word_1_127' title='bbox 559 2645 635 2726; x_wconf 79' lang='lat' dir='ltr'>mdj.</span> <span class='ocrx_word' id='word_1_128' title='bbox 652 2641 705 2706; x_wconf 87' lang='lat'>30.</span> <span class='ocrx_word' id='word_1_129' title='bbox 733 2638 763 2706; x_wconf 85' lang='lat' dir='ltr'><strong><em>A</em></strong></span> <span class='ocrx_word' id='word_1_130' title='bbox 789 2641 890 2707; x_wconf 71' lang='lat' dir='ltr'>cador</span> <span class='ocrx_word' id='word_1_131' title='bbox 917 2641 999 2706; x_wconf 71' lang='lat' dir='ltr'>alal</span> <span class='ocrx_word' id='word_1_132' title='bbox 1036 2643 1201 2729; x_wconf 69' lang='lat' dir='ltr'>Vcazprtm</span> 
     </span>
    </p>

    <p class='ocr_par' dir='ltr' id='par_1_8' title="bbox 75 2747 1201 2834">
     <span class='ocr_line' id='line_1_18' title="bbox 75 2747 1201 2834; baseline 0.006 -27"><span class='ocrx_word' id='word_1_133' title='bbox 75 2751 233 2834; x_wconf 71' lang='lat' dir='ltr'>cdrmeppe</span> <span class='ocrx_word' id='word_1_134' title='bbox 249 2747 382 2812; x_wconf 71' lang='lat' dir='ltr'>rtazirtl</span> <span class='ocrx_word' id='word_1_135' title='bbox 394 2758 504 2813; x_wconf 76' lang='lat' dir='ltr'>tartott</span> <span class='ocrx_word' id='word_1_136' title='bbox 519 2747 719 2833; x_wconf 69' lang='lat' dir='ltr'>ktzpytttoen</span> <span class='ocrx_word' id='word_1_137' title='bbox 744 2773 782 2814; x_wconf 79' lang='lat' dir='ltr'>az</span> <span class='ocrx_word' id='word_1_138' title='bbox 798 2748 946 2830; x_wconf 65' lang='lat' dir='ltr'>claudor,</span> <span class='ocrx_word' id='word_1_139' title='bbox 981 2749 1077 2815; x_wconf 66' lang='lat' dir='ltr'>Virta</span> <span class='ocrx_word' id='word_1_140' title='bbox 1104 2749 1201 2814; x_wconf 81' lang='lat' dir='ltr'>Band</span> 
     </span>
    </p>

    <p class='ocr_par' dir='ltr' id='par_1_9' title="bbox 66 2853 1201 3049">
     <span class='ocr_line' id='line_1_19' title="bbox 66 2853 1201 2944; baseline 0.002 -27"><span class='ocrx_word' id='word_1_141' title='bbox 66 2858 124 2936; x_wconf 69' lang='lat' dir='ltr'>picit</span> <span class='ocrx_word' id='word_1_142' title='bbox 141 2853 276 2936; x_wconf 64' lang='lat' dir='ltr'>laudnt,</span> <span class='ocrx_word' id='word_1_143' title='bbox 292 2855 329 2918; x_wconf 78' lang='lat' dir='ltr'>ti</span> <span class='ocrx_word' id='word_1_144' title='bbox 341 2881 363 2920; x_wconf 84' lang='lat' dir='ltr'><strong><em>a</em></strong></span> <span class='ocrx_word' id='word_1_145' title='bbox 379 2855 486 2942; x_wconf 68' lang='lat' dir='ltr'>kirtly</span> <span class='ocrx_word' id='word_1_146' title='bbox 502 2855 592 2942; x_wconf 75' lang='lat' dir='ltr'>epyilc</span> <span class='ocrx_word' id='word_1_147' title='bbox 608 2855 758 2942; x_wconf 75' lang='lat' dir='ltr'>azeotga&#39;li</span> <span class='ocrx_word' id='word_1_148' title='bbox 765 2855 937 2943; x_wconf 74' lang='lat' dir='ltr'>jobbcipydt</span> <span class='ocrx_word' id='word_1_149' title='bbox 953 2857 1117 2944; x_wconf 76' lang='lat' dir='ltr'>meploptn,</span> <span class='ocrx_word' id='word_1_150' title='bbox 1134 2881 1201 2944; x_wconf 70' lang='lat' dir='ltr'>arcp</span> 
     </span>
     <span class='ocr_line' id='line_1_20' title="bbox 384 2963 879 3049; baseline 0.002 -21"><span class='ocrx_word' id='word_1_151' title='bbox 384 2963 575 3047; x_wconf 69' lang='lat' dir='ltr'>aomjelento</span> <span class='ocrx_word' id='word_1_152' title='bbox 590 2966 683 3028; x_wconf 78' lang='lat' dir='ltr'>oaiatt</span> <span class='ocrx_word' id='word_1_153' title='bbox 699 2963 879 3049; x_wconf 74' lang='lat' dir='ltr'>biradpoljn.</span> 
     </span>
    </p>
   </div>
   <div class='ocr_carea' id='block_1_8' title="bbox 71 3143 1288 4739">
    <p class='ocr_par' dir='ltr' id='par_1_10' title="bbox 71 3143 1288 4739">
     <span class='ocr_line' id='line_1_21' title="bbox 178 3143 1201 3230; baseline -0.001 -19"><span class='ocrx_word' id='word_1_154' title='bbox 178 3143 249 3212; x_wconf 86' lang='lat' dir='ltr'>Nos</span> <span class='ocrx_word' id='word_1_155' title='bbox 275 3145 430 3228; x_wconf 87' lang='lat' dir='ltr'>magister</span> <span class='ocrx_word' id='word_1_156' title='bbox 454 3145 563 3210; x_wconf 88' lang='lat' dir='ltr'>Deseu</span> <span class='ocrx_word' id='word_1_157' title='bbox 589 3144 754 3210; x_wconf 83' lang='lat' dir='ltr'>niceindex</span> <span class='ocrx_word' id='word_1_158' title='bbox 770 3195 777 3209; x_wconf 91' lang='lat'><strong>.</strong></span> <span class='ocrx_word' id='word_1_159' title='bbox 795 3197 801 3210; x_wconf 93' lang='lat'>.</span> <span class='ocrx_word' id='word_1_160' title='bbox 818 3145 946 3211; x_wconf 88' lang='lat' dir='ltr'>Nicolai</span> <span class='ocrx_word' id='word_1_161' title='bbox 965 3147 1147 3230; x_wconf 86' lang='lat' dir='ltr'>..palatini</span> <span class='ocrx_word' id='word_1_162' title='bbox 1169 3153 1201 3210; x_wconf 89' lang='lat' dir='ltr'>ot</span> 
     </span>
     <span class='ocr_line' id='line_1_22' title="bbox 73 3251 1203 3338; baseline 0.004 -24"><span class='ocrx_word' id='word_1_163' title='bbox 73 3251 183 3316; x_wconf 88' lang='lat' dir='ltr'>iudicis</span> <span class='ocrx_word' id='word_1_164' title='bbox 199 3271 408 3316; x_wconf 90' lang='lat' dir='ltr'>comanorum</span> <span class='ocrx_word' id='word_1_165' title='bbox 423 3251 536 3317; x_wconf 88' lang='lat' dir='ltr'>damus</span> <span class='ocrx_word' id='word_1_166' title='bbox 552 3273 611 3335; x_wconf 89' lang='lat' dir='ltr'>pro</span> <span class='ocrx_word' id='word_1_167' title='bbox 626 3253 790 3332; x_wconf 87' lang='lat' dir='ltr'>memoria,</span> <span class='ocrx_word' id='word_1_168' title='bbox 805 3253 891 3334; x_wconf 88' lang='lat' dir='ltr'>quod</span> <span class='ocrx_word' id='word_1_169' title='bbox 902 3253 936 3317; x_wconf 91' lang='lat' dir='ltr'>in</span> <span class='ocrx_word' id='word_1_170' title='bbox 952 3256 1203 3338; x_wconf 78' lang='lat' dir='ltr'>congregacione</span> 
     </span>
     <span class='ocr_line' id='line_1_23' title="bbox 74 3359 1288 3444; baseline 0.003 -21"><span class='ocrx_word' id='word_1_171' title='bbox 74 3359 216 3440; x_wconf 88' lang='lat' dir='ltr'>generali</span> <span class='ocrx_word' id='word_1_172' title='bbox 232 3359 375 3424; x_wconf 87' lang='lat' dir='ltr'>eiusdem</span> <span class='ocrx_word' id='word_1_173' title='bbox 402 3411 432 3425; x_wconf 92' lang='lat'>..</span> <span class='ocrx_word' id='word_1_174' title='bbox 458 3359 597 3444; x_wconf 87' lang='lat' dir='ltr'>palatini</span> <span class='ocrx_word' id='word_1_175' title='bbox 622 3361 825 3426; x_wconf 80' lang='lat' dir='ltr'>universitati</span> <span class='ocrx_word' id='word_1_176' title='bbox 851 3361 1006 3428; x_wconf 83' lang='lat' dir='ltr'>nobilium</span> <span class='ocrx_word' id='word_1_177' title='bbox 1032 3365 1202 3428; x_wconf 83' lang='lat' dir='ltr'>comitatus</span> <span class='ocrx_word' id='word_1_178' title='bbox 1286 3368 1288 3372; x_wconf 71' lang='lat'>‘</span> 
     </span>
     <span class='ocr_line' id='line_1_24' title="bbox 73 3467 1202 3552; baseline 0.004 -22"><span class='ocrx_word' id='word_1_179' title='bbox 73 3467 337 3550; x_wconf 74' lang='lat' dir='ltr'>wesprimiensis</span> <span class='ocrx_word' id='word_1_180' title='bbox 354 3467 434 3532; x_wconf 81' lang='lat' dir='ltr'>feria</span> <span class='ocrx_word' id='word_1_181' title='bbox 446 3468 587 3534; x_wconf 87' lang='lat' dir='ltr'>secunda</span> <span class='ocrx_word' id='word_1_182' title='bbox 596 3469 743 3552; x_wconf 87' lang='lat' dir='ltr'>proxima</span> <span class='ocrx_word' id='word_1_183' title='bbox 759 3475 835 3534; x_wconf 89' lang='lat' dir='ltr'>ante</span> <span class='ocrx_word' id='word_1_184' title='bbox 845 3469 961 3535; x_wconf 83' lang='lat' dir='ltr'>festum</span> <span class='ocrx_word' id='word_1_185' title='bbox 972 3471 1202 3536; x_wconf 87' lang='lat' dir='ltr'>Penthecostcs</span> 
     </span>
     <span class='ocr_line' id='line_1_25' title="bbox 72 3575 1203 3664; baseline 0.002 -24"><span class='ocrx_word' id='word_1_186' title='bbox 72 3597 170 3660; x_wconf 88' lang='lat' dir='ltr'>prope</span> <span class='ocrx_word' id='word_1_187' title='bbox 179 3577 292 3642; x_wconf 77' lang='lat' dir='ltr'>villam</span> <span class='ocrx_word' id='word_1_188' title='bbox 301 3575 590 3660; x_wconf 83' lang='lat' dir='ltr'>Apachavasorhel</span> <span class='ocrx_word' id='word_1_189' title='bbox 607 3577 778 3658; x_wconf 82' lang='lat' dir='ltr'>celebrata,</span> <span class='ocrx_word' id='word_1_190' title='bbox 789 3579 923 3646; x_wconf 85' lang='lat' dir='ltr'>Oosmas</span> <span class='ocrx_word' id='word_1_191' title='bbox 939 3580 1065 3664; x_wconf 91' lang='lat' dir='ltr'>iobagio</span> <span class='ocrx_word' id='word_1_192' title='bbox 1082 3581 1203 3646; x_wconf 90' lang='lat' dir='ltr'>domini</span> 
     </span>
     <span class='ocr_line' id='line_1_26' title="bbox 71 3683 1202 3771; baseline 0.004 -25"><span class='ocrx_word' id='word_1_193' title='bbox 71 3683 155 3766; x_wconf 86' lang='lat' dir='ltr'>rogis</span> <span class='ocrx_word' id='word_1_194' title='bbox 171 3683 211 3748; x_wconf 90' lang='lat' dir='ltr'>de</span> <span class='ocrx_word' id='word_1_195' title='bbox 227 3683 368 3766; x_wconf 85' lang='lat' dir='ltr'>Zentgal</span> <span class='ocrx_word' id='word_1_196' title='bbox 383 3683 423 3748; x_wconf 89' lang='lat' dir='ltr'>de</span> <span class='ocrx_word' id='word_1_197' title='bbox 438 3683 542 3748; x_wconf 89' lang='lat' dir='ltr'>medio</span> <span class='ocrx_word' id='word_1_198' title='bbox 557 3683 694 3749; x_wconf 89' lang='lat' dir='ltr'>aliorum</span> <span class='ocrx_word' id='word_1_199' title='bbox 711 3686 941 3769; x_wconf 85' lang='lat' dir='ltr'>consurgendo,</span> <span class='ocrx_word' id='word_1_200' title='bbox 957 3689 1125 3771; x_wconf 87' lang='lat' dir='ltr'>proposuit</span> <span class='ocrx_word' id='word_1_201' title='bbox 1142 3687 1202 3751; x_wconf 89' lang='lat' dir='ltr'>tali</span> 
     </span>
     <span class='ocr_line' id='line_1_27' title="bbox 73 3791 1203 3878; baseline 0.004 -23"><span class='ocrx_word' id='word_1_202' title='bbox 73 3791 174 3874; x_wconf 89' lang='lat' dir='ltr'>modo,</span> <span class='ocrx_word' id='word_1_203' title='bbox 191 3793 281 3872; x_wconf 91' lang='lat' dir='ltr'>quod</span> <span class='ocrx_word' id='word_1_204' title='bbox 296 3791 484 3876; x_wconf 84' lang='lat' dir='ltr'>Stephanus</span> <span class='ocrx_word' id='word_1_205' title='bbox 499 3792 585 3858; x_wconf 88' lang='lat' dir='ltr'>filius</span> <span class='ocrx_word' id='word_1_206' title='bbox 595 3792 690 3858; x_wconf 88' lang='lat' dir='ltr'>Band</span> <span class='ocrx_word' id='word_1_207' title='bbox 706 3793 768 3858; x_wconf 92' lang='lat' dir='ltr'>rufi</span> <span class='ocrx_word' id='word_1_208' title='bbox 784 3816 836 3859; x_wconf 90' lang='lat' dir='ltr'>res</span> <span class='ocrx_word' id='word_1_209' title='bbox 856 3816 931 3860; x_wconf 90' lang='lat' dir='ltr'>suas</span> <span class='ocrx_word' id='word_1_210' title='bbox 959 3796 1203 3878; x_wconf 88' lang='lat' dir='ltr'>quatuordecim</span> 
     </span>
     <span class='ocr_line' id='line_1_28' title="bbox 75 3901 1204 3986; baseline 0.003 -23"><span class='ocrx_word' id='word_1_211' title='bbox 75 3920 201 3966; x_wconf 84' lang='lat' dir='ltr'>marcas</span> <span class='ocrx_word' id='word_1_212' title='bbox 225 3903 370 3966; x_wconf 85' lang='lat' dir='ltr'>valentes</span> <span class='ocrx_word' id='word_1_213' title='bbox 386 3902 420 3966; x_wconf 92' lang='lat' dir='ltr'>in</span> <span class='ocrx_word' id='word_1_214' title='bbox 435 3901 513 3967; x_wconf 83' lang='lat' dir='ltr'>villa</span> <span class='ocrx_word' id='word_1_215' title='bbox 528 3901 691 3968; x_wconf 89' lang='lat' dir='ltr'>Verustou</span> <span class='ocrx_word' id='word_1_216' title='bbox 716 3909 830 3968; x_wconf 81' lang='lat' dir='ltr'>vocata</span> <span class='ocrx_word' id='word_1_217' title='bbox 853 3903 1078 3986; x_wconf 88' lang='lat' dir='ltr'>potencialiter</span> <span class='ocrx_word' id='word_1_218' title='bbox 1105 3904 1204 3968; x_wconf 86' lang='lat' dir='ltr'>domi·</span> 
     </span>
     <span class='ocr_line' id='line_1_29' title="bbox 74 4007 1203 4095; baseline 0.004 -26"><span class='ocrx_word' id='word_1_219' title='bbox 74 4007 141 4070; x_wconf 88' lang='lat' dir='ltr'>nico</span> <span class='ocrx_word' id='word_1_220' title='bbox 157 4008 211 4073; x_wconf 89' lang='lat' dir='ltr'>die</span> <span class='ocrx_word' id='word_1_221' title='bbox 227 4011 372 4092; x_wconf 88' lang='lat' dir='ltr'>proximo</span> <span class='ocrx_word' id='word_1_222' title='bbox 388 4015 462 4074; x_wconf 88' lang='lat' dir='ltr'>ante</span> <span class='ocrx_word' id='word_1_223' title='bbox 478 4009 594 4075; x_wconf 84' lang='lat' dir='ltr'>festum</span> <span class='ocrx_word' id='word_1_224' title='bbox 611 4009 697 4074; x_wconf 86' lang='lat' dir='ltr'>beati</span> <span class='ocrx_word' id='word_1_225' title='bbox 714 4009 740 4075; x_wconf 84' lang='lat' dir='ltr'>J</span> <span class='ocrx_word' id='word_1_226' title='bbox 741 4011 833 4075; x_wconf 89' lang='lat' dir='ltr'>acobi</span> <span class='ocrx_word' id='word_1_227' title='bbox 850 4011 997 4094; x_wconf 87' lang='lat' dir='ltr'>apostoli,</span> <span class='ocrx_word' id='word_1_228' title='bbox 1023 4012 1114 4077; x_wconf 89' lang='lat' dir='ltr'>cuius</span> <span class='ocrx_word' id='word_1_229' title='bbox 1130 4033 1203 4095; x_wconf 88' lang='lat' dir='ltr'>pro·</span> 
     </span>
     <span class='ocr_line' id='line_1_30' title="bbox 72 4113 1204 4203; baseline 0.005 -25"><span class='ocrx_word' id='word_1_230' title='bbox 72 4113 155 4178; x_wconf 83' lang='lat' dir='ltr'>xime</span> <span class='ocrx_word' id='word_1_231' title='bbox 173 4114 340 4180; x_wconf 83' lang='lat' dir='ltr'>adveniret</span> <span class='ocrx_word' id='word_1_232' title='bbox 355 4117 515 4182; x_wconf 86' lang='lat' dir='ltr'>revolucio</span> <span class='ocrx_word' id='word_1_233' title='bbox 530 4117 690 4195; x_wconf 85' lang='lat' dir='ltr'>annualis,</span> <span class='ocrx_word' id='word_1_234' title='bbox 708 4117 903 4198; x_wconf 88' lang='lat' dir='ltr'>abstulisset,</span> <span class='ocrx_word' id='word_1_235' title='bbox 915 4121 971 4200; x_wconf 91' lang='lat' dir='ltr'>qui</span> <span class='ocrx_word' id='word_1_236' title='bbox 986 4119 1116 4203; x_wconf 88' lang='lat' dir='ltr'>quidem</span> <span class='ocrx_word' id='word_1_237' title='bbox 1133 4119 1204 4185; x_wconf 86' lang='lat' dir='ltr'>Ste-</span> 
     </span>
     <span class='ocr_line' id='line_1_31' title="bbox 74 4222 1205 4309; baseline 0.004 -22"><span class='ocrx_word' id='word_1_238' title='bbox 74 4222 201 4304; x_wconf 88' lang='lat' dir='ltr'>phanus</span> <span class='ocrx_word' id='word_1_239' title='bbox 218 4222 305 4288; x_wconf 88' lang='lat' dir='ltr'>filius</span> <span class='ocrx_word' id='word_1_240' title='bbox 321 4223 417 4288; x_wconf 88' lang='lat' dir='ltr'>Band</span> <span class='ocrx_word' id='word_1_241' title='bbox 433 4245 497 4304; x_wconf 88' lang='lat' dir='ltr'>non</span> <span class='ocrx_word' id='word_1_242' title='bbox 515 4225 603 4289; x_wconf 85' lang='lat' dir='ltr'>venit</span> <span class='ocrx_word' id='word_1_243' title='bbox 619 4245 724 4309; x_wconf 87' lang='lat' dir='ltr'>noque</span> <span class='ocrx_word' id='word_1_244' title='bbox 740 4227 828 4291; x_wconf 88' lang='lat' dir='ltr'>misit</span> <span class='ocrx_word' id='word_1_245' title='bbox 845 4227 988 4308; x_wconf 91' lang='lat' dir='ltr'>quinque</span> <span class='ocrx_word' id='word_1_246' title='bbox 1004 4227 1117 4294; x_wconf 87' lang='lat' dir='ltr'>diebus</span> <span class='ocrx_word' id='word_1_247' title='bbox 1133 4249 1205 4292; x_wconf 94' lang='lat' dir='ltr'>con-</span> 
     </span>
     <span class='ocr_line' id='line_1_32' title="bbox 73 4331 1204 4419; baseline 0.006 -25"><span class='ocrx_word' id='word_1_248' title='bbox 73 4331 172 4396; x_wconf 87' lang='lat' dir='ltr'>tinuis</span> <span class='ocrx_word' id='word_1_249' title='bbox 189 4331 274 4396; x_wconf 82' lang='lat' dir='ltr'>dicte</span> <span class='ocrx_word' id='word_1_250' title='bbox 290 4333 550 4416; x_wconf 82' lang='lat' dir='ltr'>congregacionis</span> <span class='ocrx_word' id='word_1_251' title='bbox 561 4355 618 4416; x_wconf 92' lang='lat' dir='ltr'>per</span> <span class='ocrx_word' id='word_1_252' title='bbox 634 4334 770 4399; x_wconf 81' lang='lat' dir='ltr'>eundem</span> <span class='ocrx_word' id='word_1_253' title='bbox 780 4333 930 4400; x_wconf 86' lang='lat' dir='ltr'>Oosmam</span> <span class='ocrx_word' id='word_1_254' title='bbox 940 4336 1083 4419; x_wconf 90' lang='lat' dir='ltr'>legitime</span> <span class='ocrx_word' id='word_1_255' title='bbox 1094 4358 1204 4419; x_wconf 89' lang='lat' dir='ltr'>exspe-</span> 
     </span>
     <span class='ocr_line' id='line_1_33' title="bbox 73 4439 1207 4524; baseline 0.004 -21"><span class='ocrx_word' id='word_1_256' title='bbox 73 4445 199 4520; x_wconf 82' lang='lat' dir='ltr'>ctatus3</span> <span class='ocrx_word' id='word_1_257' title='bbox 232 4439 318 4503; x_wconf 90' lang='lat' dir='ltr'>uude</span> <span class='ocrx_word' id='word_1_258' title='bbox 347 4441 482 4505; x_wconf 89' lang='lat' dir='ltr'>cundem</span> <span class='ocrx_word' id='word_1_259' title='bbox 508 4440 708 4524; x_wconf 85' lang='lat' dir='ltr'>Stephanum</span> <span class='ocrx_word' id='word_1_260' title='bbox 739 4441 842 4507; x_wconf 90' lang='lat' dir='ltr'>filium</span> <span class='ocrx_word' id='word_1_261' title='bbox 874 4443 969 4508; x_wconf 89' lang='lat' dir='ltr'>Band</span> <span class='ocrx_word' id='word_1_262' title='bbox 1000 4443 1061 4508; x_wconf 82' lang='lat' dir='ltr'>ruli</span> <span class='ocrx_word' id='word_1_263' title='bbox 1093 4450 1207 4508; x_wconf 88' lang='lat' dir='ltr'>contra</span> 
     </span>
     <span class='ocr_line' id='line_1_34' title="bbox 74 4545 1206 4630; baseline 0.006 -21"><span class='ocrx_word' id='word_1_264' title='bbox 74 4545 253 4630; x_wconf 85' lang='lat' dir='ltr'>predictum</span> <span class='ocrx_word' id='word_1_265' title='bbox 271 4548 422 4614; x_wconf 82' lang='lat' dir='ltr'>Cosmam</span> <span class='ocrx_word' id='word_1_266' title='bbox 447 4551 708 4615; x_wconf 85' lang='lat' dir='ltr'>commiseramus</span> <span class='ocrx_word' id='word_1_267' title='bbox 733 4552 766 4614; x_wconf 89' lang='lat' dir='ltr'>in</span> <span class='ocrx_word' id='word_1_268' title='bbox 791 4551 909 4615; x_wconf 90' lang='lat' dir='ltr'>iudicio</span> <span class='ocrx_word' id='word_1_269' title='bbox 933 4551 1002 4615; x_wconf 90' lang='lat' dir='ltr'>fore</span> <span class='ocrx_word' id='word_1_270' title='bbox 1027 4552 1206 4616; x_wconf 87' lang='lat' dir='ltr'>convictum</span> 
     </span>
     <span class='ocr_line' id='line_1_35' title="bbox 74 4653 1207 4739; baseline 0.005 -19"><span class='ocrx_word' id='word_1_271' title='bbox 74 4661 100 4722; x_wconf 86' lang='lat' dir='ltr'>ai</span> <span class='ocrx_word' id='word_1_272' title='bbox 125 4675 161 4719; x_wconf 88' lang='lat' dir='ltr'>se</span> <span class='ocrx_word' id='word_1_273' title='bbox 192 4653 433 4719; x_wconf 87' lang='lat' dir='ltr'>racionabiliter</span> <span class='ocrx_word' id='word_1_274' title='bbox 464 4677 527 4720; x_wconf 92' lang='lat' dir='ltr'>non</span> <span class='ocrx_word' id='word_1_275' title='bbox 559 4659 679 4739; x_wconf 87' lang='lat' dir='ltr'>poterit</span> <span class='ocrx_word' id='word_1_276' title='bbox 702 4678 863 4724; x_wconf 85' lang='lat' dir='ltr'>excusare.</span> <span class='ocrx_word' id='word_1_277' title='bbox 892 4657 1016 4723; x_wconf 89' lang='lat' dir='ltr'>Datum</span> <span class='ocrx_word' id='word_1_278' title='bbox 1042 4665 1131 4724; x_wconf 82' lang='lat' dir='ltr'>sexto</span> <span class='ocrx_word' id='word_1_279' title='bbox 1156 4659 1207 4726; x_wconf 86' lang='lat' dir='ltr'>dic</span> 
     </span>
    </p>
   </div>
   <div class='ocr_carea' id='block_1_9' title="bbox 0 0 1603 5470">
    <p class='ocr_par' dir='ltr' id='par_1_11' title="bbox 0 0 1603 5470">
     <span class='ocr_line' id='line_1_36' title="bbox 0 0 1603 5470; baseline 0 0"><span class='ocrx_word' id='word_1_280' title='bbox 0 0 1603 5470; x_wconf 95' lang='lat' dir='ltr'> </span> 
     </span>
    </p>
   </div>
  </div>
 </body>
</html>
