3192 5466
334 481 400 542 224
687 497 874 570 succurrent
890 483 1105 542 enutriris.

330 659 459 722 teremti
475 663 508 722 et
523 657 632 741 plures
648 657 704 722 alii
719 657 896 740 vulnerati3
912 659 1031 724 damna
1046 660 1148 724 eciam
1159 659 1299 742 plurima
1309 659 1344 723 in
1354 659 1468 723 eodem

330 766 473 850 hospicio
488 767 551 850 ipsi
567 765 665 831 Petro
682 769 914 852 tuncirrogata
930 768 1136 846 exstitissent,
1154 767 1211 832 sed
1226 766 1265 832 de
1281 767 1467 849 quantitate

332 883 506 940 etnumero
524 875 751 942 certitudinem
761 899 819 944 suo
829 877 923 942 modo
934 879 1077 960 reperire
1093 879 1323 962 nequivissent.
1339 878 1467 943 Datum

331 984 381 1048 die
398 984 558 1048 dominica
574 984 721 1068 proxima
737 993 811 1069 post
827 987 949 1052 dictum
972 987 1088 1052 festum
1115 989 1218 1052 sancti
1235 987 1354 1070 Egidii,
1381 1009 1467 1052 anno

332 1091 451 1156 domiui
468 1099 648 1176 prenotate.

439 1257 570 1307 Zirrletr'vn
590 1255 681 1319 peccet
704 1257 907 1321 tdredekeive13
927 1257 1058 1321 eredetije
1080 1273 1112 1308 az
1136 1273 1205 1307 orsz.
1219 1259 1250 1306 lt.
1273 1257 1375 1307 kincst.
1397 1267 1466 1308 oszt.

332 1349 365 1396 N.
379 1350 412 1397 R.
423 1349 457 1396 Α.
471 1352 547 1396 1537.
563 1353 604 1396 20.
618 1347 685 1410 dipl.
699 1353 765 1395 caat.
780 1353 859 1397 4⁰05.
882 1349 981 1397 Kozli:
1002 1349 1110 1398 Koraos
1123 1349 1157 1398 N.

860 1729 933 1790 112.

335 1888 431 1952 1348.
456 1897 530 1972 cept.
555 1889 599 1952 10.
626 1885 656 1952 A
681 1889 881 1974 scotoqyoo'ri
904 1899 1030 1954 convent
1055 1889 1125 1952 elect
1149 1887 1281 1952 Szalccai
1306 1889 1466 1952 Demoleos

333 1996 423 2081 oppilo
430 1994 591 2080 jobbdppo
622 1996 750 2069 kolelezi
773 2001 895 2081 tcaput,
921 1997 1000 2082 bopy
1024 2020 1045 2060 a
1071 1997 1298 2081 ororqitszipcti
1321 1997 1464 2082 apricsdlc

333 2103 423 2187 oppilo
440 2102 800 2190 kumokijobbdpydoalc
816 2104 1009 2190 meqblceedrt
1026 2103 1178 2190 Ldpafdn
1196 2104 1314 2167 kilencz
1331 2104 1460 2168 mdrlccit

718 2213 890 2298 mepfizetui
906 2214 1076 2278 tortoznols.

441 2373 511 2440 Nos
528 2380 701 2440 conventus
717 2377 904 2441 monasterii
930 2377 1035 2441 sancti
1051 2375 1162 2459 Egidii
1187 2375 1226 2440 de
1252 2374 1388 2458 Simigio
1405 2397 1469 2439 me·

332 2483 432 2548 morie
449 2482 708 2548 commendamus
725 2533 732 2546 .
749 2532 756 2546 .
773 2483 859 2564 quod
875 2485 993 2550 Petrus
1020 2484 1125 2548 dictus
1151 2483 1319 2548 Feketbeu
1335 2484 1375 2547 de
1394 2483 1468 2566 Igal
1586 2545 1587 2576 ,

333 2612 391 2674 pro
408 2641 438 2656 ..
460 2590 758 2658 sanctimonialibus
784 2591 823 2656 de
849 2593 963 2658 Insula
988 2593 1153 2678 Luporum
1178 2597 1210 2656 et
1235 2589 1375 2656 Nicolao
1400 2590 1467 2654 lilio

332 2699 443 2783 Egidii
459 2700 498 2764 de
513 2699 632 2764 Kasuk
648 2697 776 2764 officiali
792 2701 977 2765 earumdem
995 2749 1001 2762 .
1018 2750 1025 2764 .
1042 2700 1083 2766 ab
1100 2721 1165 2765 una
1181 2705 1284 2782 parte,
1303 2698 1469 2783 Georgius

332 2807 419 2872 filius
436 2808 582 2874 Ladislai
597 2808 657 2873 filii
669 2809 796 2874 Abram
812 2808 940 2894 iobagio
955 2810 1104 2893 magistri
1114 2807 1277 2874 Dominici
1298 2807 1357 2872 lilii
1377 2809 1469 2873 Petri
1585 2885 1586 2892 ἵ

332 2915 391 2981 filii
407 2916 567 3001 Stephani
592 2917 723 2982 devilia
748 2917 860 2983 Zakoh
885 2940 944 3001 pro
969 2937 1003 2982 se
1027 2923 1060 2982 et
1084 2917 1170 2982 dioto
1195 2916 1350 2983 Ladislao
1376 2921 1470 2999 patre
1585 2939 1586 2960 ³

333 3046 399 3106 suo,
414 3025 526 3092 Blasio
541 3027 641 3090 Petro
658 3032 691 3090 et
706 3026 859 3091 Johanne
884 3025 1039 3091 fratribus
1059 3026 1124 3090 suis
1151 3046 1189 3088 ex
1214 3026 1327 3105 altera,
1355 3045 1467 3089 coram

336 3134 427 3198 nobis
452 3135 666 3217 personaliter
691 3134 866 3212 constituti,
892 3135 1031 3199 relatum
1056 3135 1182 3222 erptitit
1206 3153 1264 3217 per
1289 3132 1470 3198 eosdem..

335 3241 422 3322 quod
438 3264 535 3327 super
551 3242 698 3307 omnibus
715 3243 820 3306 causis
837 3241 963 3306 damnis
988 3241 1198 3318 nocumentis,
1215 3239 1402 3324 specialiter
1419 3261 1470 3304 su-

334 3371 392 3432 per
409 3357 512 3416 morte
528 3358 560 3416 et
577 3350 749 3417 homicidio
774 3351 800 3416 J
801 3351 892 3414 acobi
917 3351 1075 3415 institoris
1099 3349 1278 3432 iobagionis
1304 3349 1468 3413 dictarum

336 3509 342 3523 .
360 3511 366 3525 .
383 3459 585 3524 dominarum
601 3458 640 3522 de
656 3457 803 3541 predicta
820 3457 898 3522 villa
914 3457 1040 3535 Kasuk,
1060 3477 1119 3540 per
1129 3456 1257 3522 eosdem
1274 3455 1466 3520 Ladislaum

336 3571 369 3630 et
384 3565 466 3630 filios
481 3587 556 3629 suos
572 3565 748 3630 casualiter
774 3564 944 3647 interfecti,
971 3585 1009 3628 ac
1025 3565 1097 3630 aliis
1123 3562 1324 3647 quibuslibet
1339 3563 1468 3627 iniuriis

336 3673 448 3754 quovis
465 3673 559 3738 modo
584 3673 745 3756 usquead
762 3674 847 3740 diem
864 3673 1014 3739 datarum
1040 3673 1241 3756 presencium
1266 3693 1325 3756 per
1341 3671 1470 3736 eosdem
1583 3725 1584 3770 t

335 3780 525 3845 Ladislaum
542 3787 575 3844 et
591 3779 672 3845 filios
698 3803 770 3846 suos
796 3782 1001 3865 perpetratis,
1027 3781 1201 3864 proborum
1226 3781 1370 3844 virorum
1386 3799 1471 3844 oom-

335 3889 497 3972 posicione
514 3893 547 3951 et
562 3888 768 3952 ordinacione
783 3889 955 3971 mediante,
971 3895 1104 3972 propter
1123 3887 1242 3952 bonurn
1261 3888 1352 3971 pacis
1369 3893 1402 3950 et
1418 3885 1471 3950 de-

334 3995 439 4060 bitum
456 3995 603 4080 specialis
619 3994 803 4060 dileccionis
829 3995 973 4079 plenarie
998 3995 1270 4060 concordassent.
1287 4046 1293 4059 .
1311 4015 1348 4060 eo
1365 3994 1470 4068 modo,

338 4104 425 4186 quod
450 4103 535 4168 idem
551 4103 726 4169 Ladislaus
742 4111 775 4168 et
790 4104 849 4168 filii
875 4106 924 4169 sui
950 4105 1088 4188 predicti
1114 4125 1174 4188 pro
1200 4109 1302 4168 morte
1320 4109 1353 4168 et
1369 4103 1472 4169 homi·
1582 4139 1583 4176 r

336 4212 419 4278 cidio
435 4211 573 4294 predicti
589 4212 614 4278 J
616 4211 708 4277 acobi
727 4212 885 4276 institoris
911 4213 1138 4278 assumsissent
1162 4217 1195 4275 et
1219 4211 1422 4294 obligassent
1438 4231 1471 4275 se

336 4319 414 4384 dare
431 4325 463 4384 et
479 4319 600 4385 solvere
611 4339 723 4384 novem
733 4341 867 4398 mareas,
885 4319 1062 4401 quamlibet
1078 4341 1221 4384 marcam
1238 4340 1310 4383 curn
1324 4319 1472 4402 quinque

338 4429 446 4512 pensis
462 4428 668 4492 denariorum
693 4427 834 4493 latorum
851 4428 1072 4493 viennensium
1089 4426 1314 4512 computando,
1339 4431 1470 4511 partem
1581 4507 1582 4510 Ἴ

337 4535 371 4600 in
397 4534 539 4600 denariis
565 4535 700 4617 promtis
724 4535 801 4600 latis
827 4536 1062 4614 viennensibus,
1088 4542 1120 4599 et
1145 4540 1270 4616 partem
1290 4535 1324 4598 in
1341 4533 1472 4598 estima-

336 4645 426 4710 cione
443 4643 584 4706 denariis
600 4643 729 4720 valenti,
746 4644 779 4707 in
795 4643 872 4708 villa
888 4644 1058 4728 Wapafevv
1075 4649 1195 4726 vocatu,
1212 4663 1320 4706 coram
1339 4641 1472 4706 homine
