3188 5470
532 478 627 542 1349.
644 499 732 542 sues.
750 477 800 542 26.
1165 477 1228 543 323

93 653 189 720 Zonk
209 653 269 720 filii
285 653 425 722 Hannus
442 657 601 740 quasdam
626 658 739 724 literas
754 665 878 724 vestras
894 657 1121 742 privilegiales,
1146 679 1231 724 anno

91 765 214 830 domini
230 766 283 830 Μ0
308 763 428 831 000ῐιιο
444 766 598 850 vigesimo
624 768 761 852 septimo
786 773 862 832 ante
890 767 1132 833 emenaoionem
1158 788 1231 851 pre-

92 873 172 937 dicti
198 873 360 957 privilegii
386 874 512 938 comitis
537 874 633 940 Pauli
649 875 765 940 iudicis
790 877 879 940 curie
898 877 986 959 regie
1011 882 1044 940 et
1058 876 1229 941 literarum

92 981 213 1046 domini
229 983 316 1064 regis
332 987 365 1045 et
380 988 560 1046 vestrarum
578 982 700 1047 dudum
717 988 892 1066 emanatas,
918 983 1010 1048 nobis
1034 989 1231 1067 presentavit

94 1089 306 1170 continentes,
324 1089 410 1172 quod
424 1088 580 1154 Nicolaus
596 1089 750 1156 Detrious
766 1089 894 1156 Zeurus
921 1098 954 1156 et
978 1090 1073 1156 Zonk
1097 1091 1230 1155 comites

93 1195 151 1260 filii
169 1196 334 1280 quondam
350 1198 475 1261 comitis
492 1197 632 1262 Hannus
648 1219 688 1261 ex
704 1219 770 1262 une
785 1204 887 1281 parte,
912 1205 945 1262 et
969 1196 1113 1264 Michael
1143 1198 1230 1264 filius

96 1304 260 1386 quondam
286 1304 416 1370 Nicolai
442 1305 502 1371 filii
527 1305 641 1372 Obusk
672 1329 745 1372 cum
776 1313 923 1372 consorte
949 1327 1007 1371 sua
1039 1307 1139 1373 Anna
1162 1305 1231 1372 filia

95 1411 259 1490 quondam
275 1411 362 1492 Aba,
381 1420 414 1478 et
439 1412 515 1478 filiis
532 1415 598 1479 suis
615 1413 751 1479 Nicolao
770 1414 919 1479 videlieet
934 1415 1036 1480 Petro
1052 1415 1231 1481 Bartholo-

92 1539 163 1582 meo
180 1518 316 1584 Matheo
332 1518 498 1604 Stephano
514 1527 547 1586 et
561 1520 587 1585 J
588 1522 715 1587 ohanne
731 1543 771 1586 ex
790 1522 895 1586 altera
919 1542 1030 1588 eoram
1045 1523 1137 1588 nobis
1154 1545 1225 1607 per-

92 1627 250 1692 sonaliter
266 1629 441 1711 constituti,
458 1630 594 1695 confessi
613 1630 750 1696 fuissent
765 1682 771 1694 .
789 1680 796 1694 .
813 1631 899 1714 quod
915 1653 988 1695 cum
1004 1633 1133 1697 racione
1150 1653 1227 1716 qua-

92 1735 243 1800 rumdam
258 1743 418 1801 metarum
434 1738 519 1802 iuter
534 1739 750 1820 possessiones
760 1739 919 1821 Rogouch
930 1747 962 1804 et
971 1739 997 1804 J
998 1761 1074 1806 azor
1090 1743 1228 1806 sitarum

93 1846 179 1910 inter
190 1847 277 1929 ipsos
286 1845 401 1912 fuisset
410 1855 522 1912 exorta
532 1850 669 1913 materia
680 1850 861 1932 quescionis
872 1855 905 1914 et
914 1850 1039 1916 diucius
1052 1847 1230 1926 ventillata,

95 1953 227 2018 tandem
244 1975 283 2017 ex
298 1961 393 2038 parte
409 1955 593 2020 eorumdem
609 1956 751 2021 filiorum
766 1956 907 2022 Hannns
933 1957 1070 2024 arbitrio
1098 1963 1132 2021 et
1147 1977 1231 2021 com·

93 2065 260 2146 posicione
275 2063 406 2130 Nicolai
421 2065 480 2131 filii
495 2066 589 2131 Leuk
605 2073 638 2130 et
656 2065 879 2130 Bartholomei
903 2064 961 2131 filii
986 2063 1171 2149 Pongraoii,
1187 2084 1228 2128 ex

93 2181 188 2254 parte
205 2193 280 2237 vero
289 2173 461 2238 Michaelis
472 2179 505 2237 et
514 2194 570 2238 sue
581 2174 737 2238 consortis
748 2195 787 2238 ac
795 2171 935 2238 liliorum
952 2195 1083 2239 suorum
1094 2171 1230 2237 arbitrio

94 2285 125 2342 et
141 2281 376 2362 composicione
392 2281 517 2346 comitis
542 2281 635 2346 Petri
660 2279 719 2344 filii
735 2279 850 2346 Dauus
866 2282 905 2346 de
921 2280 1026 2366 Sygra
1042 2287 1074 2345 et
1089 2279 1231 2346 Dionisii

96 2385 156 2451 filii
172 2386 314 2472 Voythe
339 2388 459 2452 sedatis
475 2387 624 2452 omnibus
640 2388 809 2454 discordiis
835 2397 867 2454 et
892 2390 1006 2473 sopitis
1033 2407 1137 2471 usqne
1153 2393 1231 2450 tunc

94 2497 179 2558 inter
196 2515 251 2559 eos
268 2496 398 2573 exortis
414 2495 456 2559 ad
471 2494 570 2560 talem
586 2496 676 2578 pacis
693 2501 726 2560 ct
741 2495 910 2561 concordie
921 2496 1124 2562 devenissent
1139 2495 1230 2559 unio-

96 2622 170 2666 nem
186 2611 343 2686 perpetuo
364 2602 563 2681 duraturam,
583 2601 745 2685 predictas
771 2610 875 2669 metas
900 2606 985 2670 inter
1010 2603 1141 2668 easdem
1156 2622 1229 2685 pos-

97 2709 255 2774 sessiones
280 2711 341 2774 tali
365 2710 460 2775 modo
485 2709 553 2774 fore
578 2711 658 2774 sitas
689 2711 890 2778 concorditer
921 2711 1117 2778 referentes:
1141 2708 1230 2793 quod

98 2821 204 2902 prima
214 2824 303 2885 meta
313 2817 510 2902 inciperetur
520 2816 575 2882 ubi
586 2817 709 2882 rivulus
726 2817 936 2902 Meelpataka
949 2825 1081 2884 vocatus
1096 2815 1230 2882 caderet

100 2928 131 2989 in
157 2947 278 3008 aquam
303 2925 464 3010 chhyne
489 2931 643 3002 vocatam,
667 2931 699 2990 et
723 2925 757 2990 in
773 2927 885 2992 eodem
910 2927 1014 2992 rivulo
1040 2923 1231 3008 Meelpatak
1347 2981 1351 2994 ,

100 3033 303 3099 ascendendo
329 3035 431 3098 exiret
456 3055 566 3098 versus
592 3039 717 3116 partem
743 3034 909 3099 dexteram
934 3035 976 3099 ad
994 3056 1095 3098 unum
1110 3033 1228 3098 iontem

99 3144 132 3205 in
156 3141 261 3206 latere
279 3141 445 3206 cuiusdam
460 3141 578 3205 montis
596 3139 758 3226 Swyneeel
773 3143 879 3208 vocati
895 3145 1001 3221 situm,
1025 3164 1046 3207 a
1062 3163 1126 3226 quo
1142 3141 1229 3206 fonte

101 3251 291 3316 ascenderet
316 3251 357 3314 ad
381 3249 554 3333 planiciem
579 3251 719 3316 eiusdem
736 3251 854 3316 montis
879 3251 935 3316 ubi
960 3257 1067 3317 essent
1091 3251 1152 3315 site
1168 3249 1230 3314 due

96 3365 179 3423 mete
196 3365 312 3436 terres,
329 3379 466 3441 quarum
491 3379 557 3422 una
582 3358 773 3442 distingeret
798 3359 953 3443 predictis
978 3357 1054 3424 filiis
1078 3357 1230 3439 Hannus,

93 3469 160 3532 alia
176 3489 250 3532 vero
266 3467 411 3550 predicto
427 3467 584 3532 Michaeli
600 3469 742 3532 consorti
758 3475 791 3533 et
805 3467 881 3533 filiis
898 3468 1059 3548 eiusdem;
1075 3489 1096 3532 e
1112 3466 1230 3551 quibus

94 3577 209 3642 terreis
225 3576 321 3640 metis
347 3576 556 3640 descenderet
571 3576 613 3639 ad
629 3577 793 3658 quandam
803 3576 954 3659 paludem
970 3575 1164 3660 Bathnycha
1178 3595 1231 3638 vo·

93 3692 208 3762 catam,
225 3689 259 3747 et
276 3683 410 3748 eandem
426 3689 514 3748 recto
529 3683 663 3747 tramite
679 3685 840 3748 transiens
856 3683 1016 3767 paludem,
1043 3682 1231 3748 ascenderet

93 3791 308 3876 adquendam
324 3791 444 3855 fontem
455 3791 675 3856 Danuskutha
690 3797 848 3869 vocatum,
864 3813 884 3856 a.
900 3811 964 3874 quo
975 3788 1230 3855 fonteflectendo

93 3921 128 3963 se
166 3921 277 3964 versus
311 3899 478 3964 meridiem
503 3897 634 3964 caderet
664 3898 698 3962 in
738 3899 901 3982 quandem
935 3899 1020 3963 viam
1058 3899 1228 3980 antiquam

93 4058 100 4070 .
131 4006 377 4071 ‚Wolterutha
408 4013 562 4087 vocatam,
590 4005 680 4069 etin
706 4006 818 4071 eadem
850 4007 901 4071 via
933 4006 1130 4070 transeundo
1161 4025 1229 4069 ver·

93 4137 149 4179 sus
174 4114 342 4179 meridiem
367 4115 550 4196 perveniret
574 4114 615 4177 ad
640 4113 812 4196 planiciem
839 4114 1008 4179 cuiusdam
1031 4114 1148 4178 montis
1173 4111 1230 4176 ubi

37 4243 46 4258 ·
92 4231 202 4288 essent
226 4223 289 4288 duc
314 4228 399 4287 mete
415 4229 528 4300 terres,
545 4242 683 4304 quarum
710 4242 775 4285 una
799 4222 991 4305 distingeret
1015 4221 1135 4287 eisdem
1150 4220 1227 4288 filiis

92 4331 243 4409 Hannus
260 4330 328 4396 alia
343 4351 418 4395 vero
434 4329 590 4395 Michaeli
609 4331 749 4394 consorti
773 4336 806 4394 et
833 4329 908 4396 filiis
934 4332 1000 4396 suis
1025 4329 1230 4411 memoretis;

92 4462 113 4504 a
131 4439 247 4524 quibus
263 4439 360 4504 metis
376 4439 584 4504 descenderet
600 4439 641 4502 ad
658 4439 821 4522 quandam
837 4441 921 4504 viam
938 4441 1115 4523 antiquam,
1132 4460 1194 4524 que
1210 4461 1230 4504 a

94 4555 191 4632 parte
206 4547 358 4619 orientali
375 4553 542 4630 separaret
551 4553 584 4610 et
594 4547 785 4630 distingeret
795 4548 898 4613 eidem
910 4548 1075 4626 Michaeli,
1091 4547 1230 4612 consorti

91 4664 126 4721 st
146 4655 218 4720 filiis
232 4655 385 4732 eiusdem,
397 4663 519 4739 aparte
529 4677 604 4719 vero
615 4655 807 4721 occidentali
819 4662 986 4740 separaret
995 4662 1028 4719 et
1037 4655 1231 4738 distingeret

1071 4781 1120 4832 ui*
