3138 5462
515 464 698 528 1341111.
716 467 766 527 29.
1159 466 1198 526 81
1222 522 1228 532 .

85 643 269 725 possessione
287 643 471 708 earumdem
492 644 730 726 possessionum
757 649 868 707 contra
893 641 1055 725 quoslibet
1076 643 1203 726 impeti-

86 757 160 814 tores
175 771 372 830 conservare,
389 751 448 814 tali
465 751 568 832 mode,
585 751 670 833 qnod
695 750 889 833 si'expedire
906 770 969 814 non
988 759 1127 832 possent,
1151 771 1203 814 ex-

87 867 152 922 tunc
177 858 379 922 tantumdem
395 863 428 921 et
444 858 578 923 totidem
594 859 626 922 in
643 858 883 942 expedicionem
910 857 995 922 dicte
1013 865 1127 941 quarte
1143 859 1203 923 fili-

88 968 138 1030 alis
153 965 189 1030 de
204 966 278 1030 aliis
304 967 560 1050 possessionibus
579 967 723 1048 ipsorum
749 966 852 1030 eidem
878 965 977 1030 nobili
1002 967 1129 1032 domine
1153 967 1203 1032 vel

88 1075 144 1139 suis
158 1073 228 1138 filiis
253 1074 332 1139 dare
349 1081 382 1140 et
397 1077 564 1160 assignare
590 1081 786 1139 tenerentur.
811 1072 957 1158 Quarum
986 1075 1116 1157 quidem
1133 1076 1203 1140 lite-

87 1203 185 1248 rarum
216 1185 427 1250 continenoiis
458 1186 535 1250 visis
567 1191 599 1250 et
629 1183 790 1267 perlectis,
811 1183 896 1248 idem
921 1182 1091 1248 Johannes
1116 1183 1201 1250 filius

88 1291 200 1356 Nicolai
224 1291 265 1356 ab
293 1292 405 1357 eodem
421 1291 557 1358 Nicolao
581 1292 667 1357 dioto
693 1289 820 1376 (iynege
846 1293 1008 1356 racionem
1035 1291 1119 1356 dicte
1145 1313 1201 1356 sue

88 1400 319 1464 contradictorie
345 1399 548 1465 inhibicionis
565 1401 747 1482 postularat
766 1399 943 1482 assignari,
969 1421 1032 1482 quo
1049 1405 1202 1482 percepto

89 1509 160 1572 idem
175 1506 326 1572 Nicolaus
343 1508 447 1573 dietus
464 1506 593 1592 Cynege
618 1507 830 1591 personaliter
848 1507 1048 1590 exsurgendo
1073 1529 1202 1592 respon-

88 1616 169 1679 derat
183 1637 219 1679 ex
235 1616 378 1695 adverso,
394 1615 480 1700 quod
496 1617 564 1700 ipse
575 1617 607 1681 in
624 1616 804 1680 statucione
821 1615 965 1699 predicte
992 1618 1200 1700 possessionis

88 1744 138 1804 pro
152 1743 186 1787 eo
202 1723 459 1804 contradixisset,
476 1725 553 1806 quia
569 1725 654 1788 idem
671 1724 697 1787 J
698 1723 840 1788 ohannes
857 1722 942 1788 filius
958 1723 1087 1789 Nicolai
1104 1747 1203 1810 quan-

88 1831 152 1895 dam
175 1833 356 1914 porcionem
382 1831 421 1895 de
447 1833 646 1914 possessione
671 1821 730 1894 sua
755 1829 958 1895 hereditaria
978 1831 1112 1896 Rehohe
1138 1832 1202 1896 alio

88 1940 199 2004 nomine
215 1939 313 2004 Keaw
330 1945 518 2023 nuncupata
544 1939 747 2004 reambulare
773 1945 805 2002 et
820 1939 862 2002 ad
877 1938 998 2002 dictam
1023 1961 1115 2004 suam
1131 1961 1201 2022 pos·

87 2048 242 2111 sessionem
261 2047 453 2112 Warfeulde
478 2053 625 2112 vocatam
651 2066 812 2130 occupare
839 2046 1002 2127 voluisset,
1028 2053 1060 2110 ct
1084 2044 1202 2112 ibidem

88 2155 187 2219 literas
202 2161 353 2239 patentes
379 2155 609 2238 prememorati
638 2153 775 2236 capituli
795 2153 929 2218 ecclesie
954 2151 1126 2238 Agriensis
1142 2154 1202 2219 sub

84 2283 158 2328 anno
181 2264 300 2328 domini
326 2265 401 2329 111ΙΠο
424 2261 545 2328 000ωο
571 2261 722 2326 ΧΧΧῐῃο
748 2263 884 2345 septimo
913 2261 1075 2328 coniectas
1109 2261 1199 2326 nobis

84 2371 318 2449 demonstrarat,
334 2372 368 2435 in
385 2371 502 2454 quibus
517 2371 762 2454 reperieramus,
783 2369 868 2452 quod
894 2371 998 2453 ipsum
1024 2371 1202 2453 capitulum

84 2481 204 2545 ecclesie
212 2479 384 2562 Agriensis
394 2481 485 2544 iuxta
496 2479 730 2543 continenciam
740 2478 884 2562 priorum
894 2477 1062 2543 literarum
1072 2501 1203 2544 suarum

84 2584 355 2669 obligatoriarnm,
378 2587 508 2650 modum
534 2591 566 2649 et
590 2585 727 2650 formam
753 2584 920 2650 cuiusdam
946 2586 1072 2652 arbitrii
1099 2587 1203 2670 expri-

84 2695 239 2777 mencium,
259 2695 292 2758 in
309 2695 430 2760 octaris
447 2694 510 2758 diei
534 2694 642 2759 medie
659 2692 913 2778 Quadragesime
938 2701 1015 2758 tunc
1031 2695 1203 2778 preteritis,

84 2805 262 2886 magistrum
281 2803 440 2869 Thomam
457 2804 578 2867 socium
595 2809 628 2866 et
646 2803 898 2867 concanonicum
925 2803 1077 2885 ipsorum,
1101 2803 1142 2866 ad
1159 2804 1203 2866 vi·

85 2910 210 2976 dandum
226 2911 454 2976 distincciones
470 2911 687 2994 quarumdam
703 2919 871 2989 metarum,
888 2911 972 2976 inter
988 2912 1203 2994 possessiones

85 3017 263 3083 Warfeulde
279 3039 341 3102 qne
357 3019 505 3102 magistri
522 3017 679 3102 Stephani
693 3019 784 3098 foret,
801 3025 834 3082 et
851 3019 983 3084 Rekche
1003 3018 1065 3083 alio
1076 3019 1203 3083 nomine

85 3125 173 3191 Kezw
187 3134 317 3193 vocatas
332 3148 394 3210 que
410 3125 540 3192 Nicolai
557 3127 636 3192 dicti
647 3125 775 3211 Cynege
790 3127 849 3191 filii
864 3127 1027 3192 ‹lohannis
1038 3127 1077 3191 de
1087 3125 1203 3190 Malah

86 3231 143 3297 lore
171 3237 421 3320 dignosceretur,
452 3237 544 3300 iuxta
568 3235 705 3300 formam
737 3235 900 3318 privilegii
924 3235 1046 3300 domini
1070 3233 1202 3300 Andree

86 3343 257 3423 quondam.
275 3343 595 3427 .1·egisHungarie.
613 3395 619 3408 .
638 3345 741 3426 patris
759 3343 883 3409 scilicet
893 3350 1003 3408 sancte
1014 3343 1203 3426 Elyzabeth,

84 3471 157 3515 anno
188 3453 275 3518 verbi
309 3451 471 3516 incarnati
503 3453 578 3518 ΜΓ110
604 3449 697 3516 CUM
717 3451 869 3516 ΧΧΧῐΩο
895 3453 1034 3517 secundo
1060 3451 1201 3516 emanati

86 3560 307 3643 erigendarum,
332 3582 405 3625 cum
421 3561 578 3644 predictis
605 3560 755 3643 partibus
772 3583 830 3644 pro
845 3561 1030 3626 testimonio
1047 3561 1203 3625 destinas-

86 3673 143 3746 set;
164 3668 289 3734 demum
299 3669 386 3734 idem
395 3667 550 3752 magister
568 3667 710 3731 Thomas
727 3670 946 3734 testimonium
957 3671 1057 3752 ipsius
1068 3667 1203 3752 capituli

86 3796 149 3840 cum
164 3777 274 3841 eodem
289 3775 429 3841 Nicolao
454 3775 541 3840 dicto
558 3773 687 3859 Cynege
705 3781 738 3840 et
753 3777 909 3859 magistro
935 3776 1090 3842 Ladislao
1115 3775 1203 3841 dicto

85 3880 185 3947 Katho
209 3883 326 3948 clerico
351 3883 418 3948 filio
442 3881 572 3948 Nicolai
597 3883 636 3946 de
662 3883 755 3948 Kata
780 3885 925 3967 proximo
947 3891 981 3949 et
995 3891 1203 3968 procuratore

85 3988 153 4054 dicti
167 3993 312 4075 magistri
330 3991 489 4074 Stephani
507 3991 548 4056 ad
563 3991 649 4056 idem
670 3992 849 4075 capitulum
877 4013 1034 4073 reversus,
1060 3991 1202 4069 dixisset,

85 4097 161 4178 quod
174 4099 242 4182 ipsa
257 4101 292 4164 in
311 4100 466 4183 predictis
494 4099 615 4164 octavis
640 4099 704 4163 diei
729 4099 826 4164 medii
851 4097 1105 4183 Quadragesime
1131 4122 1204 4163 cum

84 4208 226 4286 predictis
242 4208 391 4293 partibus
407 4208 598 4273 accessisset
608 4207 649 4272 ad
659 4207 774 4273 faciem
791 4208 1027 4290 possessionum
1044 4207 1203 4291 predicta·

84 4337 157 4397 rum,
172 4323 201 4380 et
217 4318 348 4382 easdem
364 4317 581 4400 possessiones
597 4312 790 4381 Warfeulde
802 4323 835 4381 et
845 4315 978 4380 Rokche
995 4316 1059 4380 alio
1076 4315 1203 4379 nomine

83 4421 175 4486 Kezu
190 4426 370 4490 nominatos
385 4425 453 4509 ipse
469 4429 579 4508 partes
596 4425 783 4508 coramipso
794 4423 907 4489 etaliis
918 4423 1027 4487 multis
1043 4422 1204 4488 nobilibus

83 4531 1203 4616 tuncpereasdempartesinibiadductis‚iuxtacontinenciampredicti

84 4639 230 4724 privilegii
240 4643 342 4725 ipsius
353 4640 752 4724 dominiAndreeregis,et
762 4664 873 4706 cursus
883 4649 1042 4706 metarum
1053 4639 1204 4704 ineodem

128 4775 270 4812 rarouxour
287 4765 462 4813 oxulsrrie.
481 4777 505 4812 v.
517 4769 612 4812 1111111.
1081 4772 1095 4818 6
