3180 5466
568 507 660 566 1351.
680 508 750 566 ula
770 507 819 566 12.
1112 591 1122 606 ἢ
1171 509 1235 568 469

107 680 314 755 cuiciouibus‚
339 681 487 746 videlicet
513 705 533 747 a
558 684 699 766 quadam
725 691 814 748 meta
840 683 894 750 ubi
914 685 1147 768 possessionem
1176 683 1239 749 Ta-

107 788 224 872 polcha
240 796 385 854 vocatam
402 791 591 856 asseruisset
617 792 792 870 terminari,
808 813 918 857 versus
944 797 1070 875 partem
1100 793 1240 858 orienta-

106 898 171 961 lem
205 898 246 962 ad
280 899 450 980 quemdam
481 905 621 964 montem
640 899 826 983 Wyturnuk
850 906 997 966 vocatum
1028 902 1240 982 ascendendo,

108 1007 257 1087 iungeret
274 1005 371 1070 aliam
388 1013 508 1072 metam
524 1006 685 1091 lapideam
712 1009 888 1090 antiquam,
905 1009 938 1072 in
958 1009 1049 1074 cuius
1073 1010 1178 1076 medio
1195 1030 1241 1074 es·

108 1121 157 1178 set
173 1115 304 1196 quidam
329 1115 428 1180 rubus
454 1116 630 1182 sumbulrur
655 1124 795 1198 vocatus,
820 1124 852 1182 et
877 1115 994 1182 abinde
1019 1117 1053 1182 in
1078 1117 1241 1182 cacumine

107 1223 251 1286 eiusdem
267 1221 385 1286 montis
402 1220 589 1305 Wyturnulr
601 1243 658 1304 per
668 1223 901 1305 longitudinem
912 1225 953 1289 ad
964 1224 1099 1290 eandem
1109 1223 1239 1307 plagam

107 1329 296 1395 orientalem
323 1350 380 1413 per
406 1330 574 1394 continuas
599 1337 723 1396 veteres
750 1337 852 1396 metas
884 1331 975 1395 iuxta
1007 1331 1240 1396 continenciam

107 1439 186 1502 dicti
202 1437 363 1522 privilegii
381 1439 541 1521 prenotati
557 1439 681 1504 comitis
699 1439 795 1504 Pauli
812 1439 1017 1523 transscripti
1033 1439 1198 1521 currendo,
1209 1445 1242 1503 et

106 1548 146 1611 de
164 1548 276 1612 eodem
288 1553 394 1611 monte
405 1547 490 1611 infra
501 1547 730 1624 demandanda,
741 1553 928 1612 annecteret
944 1547 1064 1612 iontem
1081 1544 1242 1614 Sumlmth

107 1661 255 1719 vocatum
291 1663 323 1720 et
354 1655 397 1720 ibi
429 1659 668 1736 terminaretur,
709 1661 852 1720 statuere
883 1655 1069 1737 voluissent,
1110 1655 1241 1720 tandem

107 1762 240 1828 Barcha
256 1769 445 1845 procurator
461 1763 623 1846 legitimus
640 1763 739 1846 ipsius
756 1761 907 1846 Gregorii
924 1763 1029 1828 Zekul
1045 1763 1123 1828 dicti
1144 1784 1241 1828 unam

105 1870 300 1953 particulam
330 1877 414 1934 terre
440 1891 540 1953 usque
566 1873 607 1936 ad
634 1872 772 1953 quedam
799 1872 892 1953 signa
918 1892 975 1952 per
992 1871 1097 1953 regios
1114 1875 1146 1934 et
1162 1869 1240 1935 dicti

105 1979 241 2062 capituli
257 1978 463 2042 Wachiensis
480 1979 633 2056 homines,
652 1980 735 2044 utin
761 1978 967 2062 sequentibus
993 1977 1178 2044 declaratur
1193 1979 1240 2042 in·

105 2087 253 2170 positam,
271 2087 398 2150 nomine
423 2093 508 2150 terre
535 2088 770 2170 possessionum
797 2085 981 2172 Mykochan
1008 2093 1040 2150 et
1056 2085 1177 2151 Noztre
1201 2105 1240 2150 ex

106 2195 283 2260 collacione
300 2193 390 2277 regia
415 2195 456 2258 ad
482 2194 585 2278 ipsum
612 2190 807 2276 Gregorium
834 2199 870 2258 ut
894 2194 1014 2258 (licitur
1030 2196 1239 2260 deventarum

104 2303 332 2386 prohibuisset,
352 2323 448 2384 quam
467 2301 596 2384 quidem
619 2302 812 2384 particulam
837 2308 922 2366 terre
947 2302 1142 2384 prohibitam
1168 2325 1240 2368 cum

104 2409 178 2475 aliis
207 2409 319 2493 probis
344 2409 421 2474 viris
438 2429 500 2472 non
520 2411 743 2487 mensurando,
769 2431 840 2475 cum
861 2411 932 2494 ipsa
949 2417 1080 2493 propter
1096 2411 1185 2493 alpes
1209 2417 1242 2476 et

104 2520 299 2604 densitatem
326 2517 479 2582 silvarum
504 2520 685 2582 mensurari
717 2520 922 2599 nequivisset,
954 2520 1009 2583 sed
1043 2520 1114 2583 visu
1138 2521 1237 2604 inspi-

104 2627 219 2691 ciendo
236 2627 277 2690 ad
294 2627 462 2708 sexaginta
478 2627 590 2708 iugera
615 2633 775 2692 terrarum
802 2626 948 2691 sulficere
964 2627 1239 2707 considerassent3

105 2736 201 2818 signa
217 2739 325 2798 autem
342 2741 513 2816 prenotata
530 2755 631 2817 usque
648 2755 712 2817 qua
739 2735 826 2800 diota
850 2734 1028 2817 prolribicio
1044 2733 1130 2798 facta
1145 2737 1240 2802 exsti·

103 2850 205 2925 asset,
222 2848 281 2911 hec
297 2857 420 2911 esseut:
437 2849 576 2929 primum
588 2849 673 2912 enim
684 2850 810 2930 signum
826 2849 983 2931 inciperet
999 2868 1095 2931 super
1112 2847 1239 2912 duabus

103 2954 276 3020 arboribus
292 2955 410 3038 faginis
436 2955 532 3036 vulgo
558 2955 656 3037 bylrfa
681 2957 809 3032 vocatis,
835 2977 915 3038 quas
940 2975 1033 3020 cruce
1058 2955 1240 3038 consignas·

103 3071 185 3140 sent
202 3084 222 3126 a
240 3061 357 3142 quibus
383 3064 425 3127 ad
450 3063 580 3146 plagam
606 3064 798 3129 orientalem
823 3065 862 3128 de
884 3069 992 3128 monte
1018 3063 1240 3128 descendendo

102 3174 246 3237 intraret
261 3173 296 3235 in
312 3172 483 3254 quemdam
510 3172 649 3237 rivulum
675 3173 827 3239 Rosusna
851 3179 1008 3250 vocatum,
1026 3179 1058 3237 et
1078 3175 1110 3238 ia
1129 3175 1239 3238 eodem

104 3271 211 3344 rivulo
227 3281 268 3344 ad
286 3281 406 3344 dictam
424 3281 553 3362 plagam
569 3282 791 3346 descendendo
817 3283 920 3345 exiret
936 3283 975 3346 de
995 3282 1106 3346 eodem
1133 3289 1165 3346 et
1191 3283 1239 3346 iu·

101 3395 210 3454 traret
227 3389 267 3452 ad
287 3389 460 3470 quamdam
477 3409 627 3470 magnam
654 3391 747 3466 viam,
773 3391 812 3453 de
841 3390 912 3470 ipsa
928 3388 1005 3454 villa
1022 3387 1182 3454 Sumkuth
1206 3390 1239 3452 in

103 3496 268 3582 prefatam
285 3495 395 3561 villam
413 3493 566 3580 Ohytnuk
583 3498 762 3574 ducentem,
779 3499 811 3560 in
830 3516 894 3578 qua
911 3517 1019 3560 versus
1035 3497 1166 3578 plagam
1176 3518 1240 3562 me·

103 3607 299 3670 ridionalem
315 3607 357 3670 ad
374 3606 545 3688 quemdam
562 3609 704 3670 montem
720 3605 1063 3676 ascendendoveniret
1083 3605 1125 3669 ad
1142 3603 1238 3670 finem

101 3717 207 3799 ipsius
222 3713 297 3777 ville
315 3712 476 3780 Sumlruth
494 3722 526 3780 et
542 3713 587 3777 ibi
605 3716 637 3777 in
655 3715 795 3796 quodam
806 3713 886 3777 colle
897 3718 982 3776 esset
997 3733 1096 3776 unum
1112 3713 1239 3795 signum

100 3833 257 3898 terreum,
273 3821 328 3886 uhi
345 3821 565 3886 reflecteretur
582 3824 622 3887 ad
649 3822 779 3904 plagam
795 3815 1034 3900 occidentalem,
1051 3821 1240 3885 ascenderet

102 3933 146 3996 ad
163 3938 306 3995 montem
323 3929 511 4013 Wyturnuk
538 3935 745 4013 prenotatam
763 3936 794 3993 et
810 3929 854 3993 ibi
872 3930 964 4011 signa
988 3929 1240 3994 terminarentur

99 4046 296 4123 prenotata3
313 4040 404 4104 cuius
421 4039 652 4122 prohibicionis
669 4040 831 4102 racionem
848 4038 945 4102 iidem
955 4037 1103 4118 magistri
1113 4035 1139 4100 J
1140 4036 1238 4100 ohan·

99 4168 159 4211 nes
186 4154 219 4211 et
244 4147 390 4213 «lacobus
417 4147 475 4212 filii
502 4147 684 4214 Alexandri
709 4168 742 4211 se
769 4146 934 4212 informari
960 4144 1166 4229 postularant
1182 4164 1240 4228 per
1338 4157 1349 4171 ·

99 4253 303 4338 Gregorium
320 4256 442 4320 dictum
467 4253 572 4320 Zelrul
598 4262 822 4338 prenotatum;
848 4275 910 4336 qno
927 4254 1038 4318 audito
1053 4254 1139 4317 idem
1156 4251 1237 4319 Gre-

98 4365 216 4446 gorius
232 4361 338 4426 Zelrul
355 4364 462 4429 dictus
479 4363 640 4445 allegerat
656 4362 872 4444 proponenda
889 4361 975 4444 quod
991 4362 1062 4442 ipsa
1078 4360 1239 4443 particula

98 4482 201 4548 terre,
218 4489 317 4550 quam
333 4471 479 4554 prefatus
496 4469 626 4535 Barcha
642 4477 833 4552 procurator
850 4490 926 4533 suus
942 4491 962 4533 a
978 4469 1238 4550 statucioneprs-

99 4580 203 4644 missa
227 4579 356 4641 nomine
381 4581 430 4643 sui
457 4580 537 4643 iuris
563 4577 621 4642 suh
648 4578 748 4659 signis
765 4577 930 4658 premissis
955 4575 1182 4658 prohibuisset,
1206 4580 1238 4639 et

98 4708 201 4772 quam
220 4689 391 4770 sexaginta
408 4690 519 4770 iugera
536 4694 696 4752 terrarum
722 4683 781 4748 sub
806 4683 919 4748 iisdem
949 4685 1049 4768 signis
1074 4683 1239 4752 continere
