3192 5466
531 469 624 530 1348.
641 485 714 530 nnn.
735 469 783 530 13.

613 759 685 819 107.

93 919 182 982 1348.
198 941 271 1004 cap.
291 920 339 982 13.
371 917 610 1002 Asomoppcdri
636 918 919 1004 concentjelcnte'se
939 921 964 984 I.
985 919 1082 1005 Lajos
1097 917 1217 1003 lcirdly-

88 1029 146 1108 loa,
171 1028 249 1113 bcqy
265 1052 286 1090 a
304 1027 410 1091 ociddn
425 1051 446 1090 a
463 1026 702 1112 mergit-szipeti
725 1027 901 1110 opdczcilcat
935 1027 991 1090 Va
1008 1033 1088 1090 cievit
1114 1025 1216 1090 birtolc

89 1157 138 1220 epp
165 1133 281 1198 reezebe
307 1133 461 1199 bcilrtntnt'
483 1133 630 1211 ubertat,
656 1133 751 1198 crinale
776 1135 885 1199 Faacb
901 1134 968 1216 fini
991 1158 1006 1197 s
1030 1135 1134 1200 Decea
1151 1133 1218 1216 fiai

383 1241 469 1306 Bede
485 1241 516 1306 a
532 1226 651 1306 Milites
668 1240 916 1306 cllentmondlalc.

197 1455 203 1466 .
221 1454 227 1466 .
244 1403 407 1469 liudovico
424 1453 431 1467 .
449 1456 455 1468 .
472 1405 541 1487 regi
558 1455 564 1468 .
582 1456 588 1470 .
605 1409 780 1470 conventus
796 1405 984 1470 monasterii
995 1405 1218 1488 sanctiEgidii

91 1511 125 1574 de
142 1511 279 1596 Simigio
297 1565 303 1578 .
321 1563 327 1575 .
344 1513 468 1576 noverit
485 1519 592 1576 vestra
618 1511 820 1590 excellencia,
847 1513 934 1594 quod
958 1512 1070 1578 literas
1095 1519 1218 1579 vestras

91 1625 234 1702 patentes
251 1621 292 1685 ad
304 1621 477 1686 citaciones
493 1621 722 1702 inquisiciones
735 1621 971 1705 prohibiciones
989 1620 1219 1688 reambulacio·

91 1749 142 1792 nes
174 1729 447 1812 recaptivaciones
488 1730 744 1813 possessionum,
776 1735 1000 1811 metarumque
1034 1730 1218 1796 earumdem

92 1837 268 1902 erecciones
286 1837 380 1902 acad
397 1837 462 1902 alia
479 1837 595 1914 omnia,
621 1860 682 1921 quc
699 1838 790 1904 iuxta
814 1839 906 1922 regni
933 1839 1030 1904 vestri
1056 1845 1219 1904 eonsuetu-

90 1944 193 2010 dinem
221 1945 341 2011 talibus
367 1947 400 2010 in
425 1947 629 2030 processibus
654 1947 724 2012 fieri
749 1955 1028 2013 consueverunt..
1049 1949 1220 2014 sanctimo-

96 2052 232 2118 nialibus
249 2053 288 2118 de
305 2053 421 2119 Insula
437 2055 601 2138 Leporum
618 2075 676 2137 per
692 2055 768 2119 anni
784 2055 939 2121 circulum
965 2057 1107 2139 graciose
1126 2057 1220 2142 datas

90 2171 119 2225 et
144 2183 310 2227 concessas
337 2163 516 2245 recepimus
543 2213 573 2228 ..
600 2169 632 2227 et
657 2164 749 2228 iuxta
774 2163 960 2228 earumdem
985 2164 1219 2230 continenciam

92 2292 160 2334 cnm
175 2269 331 2336 Ladislao
348 2270 416 2336 lilio
431 2271 517 2336 Posa
533 2271 572 2336 de
589 2271 694 2336 Beren
706 2273 840 2338 bomine
858 2277 972 2350 vestro,
997 2271 1112 2338 Deseu
1129 2272 1219 2338 cleri·

91 2401 157 2444 cnm
174 2380 264 2445 chori
281 2381 382 2445 nostri
398 2379 558 2446 hominem
574 2387 721 2445 nostrum
746 2402 805 2463 pro
829 2382 1013 2446 testimonio
1039 2381 1218 2446 transmisi·

96 2511 162 2554 mus
178 2488 241 2554 fide
257 2489 408 2572 dignum,
432 2490 487 2572 qui
505 2541 511 2554 .
528 2541 535 2554 .
551 2489 742 2568 retulerunt,
767 2490 852 2572 quod
867 2490 949 2556 seria
965 2497 1083 2571 quarta
1099 2491 1221 2556 scilicet

94 2600 124 2661 in
140 2597 219 2663 festo
236 2597 325 2662 beati
342 2596 426 2662 Sixti
442 2617 534 2682 pape,
550 2597 592 2662 ad
607 2597 840 2680 possessionem
857 2597 939 2684 Wyz
955 2603 1100 2664 vocatam
1116 2619 1220 2664 acces-

94 2707 215 2789 sissent,
241 2705 351 2786 ibique
377 2727 475 2770 unam
501 2705 696 2798 particulam
721 2707 799 2770 silve
823 2707 889 2770 fere
915 2697 979 2770 dub
998 2705 1112 2788 iugera
1136 2707 1169 2770 in
1186 2728 1220 2770 se

93 2815 314 2892 concinentem,
331 2821 471 2897 quatuor
487 2815 601 2898 iugera
617 2821 778 2879 terrarum
795 2821 827 2879 et
842 2814 906 2880 duo
931 2814 1043 2880 senilia
1061 2813 1220 2880 falcature

93 2945 147 3008 per
161 2927 245 2991 diem
262 2926 405 3009 quinque
415 2925 581 2991 hominum
597 2923 802 3002 sufficiencia,
812 2946 832 2990 a
843 2905 1007 3008 magistris
1017 2923 1171 2990 Ladislao
1188 2930 1221 2989 et

94 3035 193 3102 Paulo
209 3034 284 3100 liliis
300 3034 425 3113 Fanch,
448 3035 526 3098 item
551 3026 704 3100 tre‘decim
720 3035 834 3117 iugera
860 3039 1021 3100 terrarum
1049 3021 1220 3099 arabilium

93 3151 125 3208 et
139 3165 235 3209 unam
252 3143 383 3208 vineam
400 3162 419 3206 a
435 3141 573 3209 Nicolao
589 3149 622 3209 et
637 3141 726 3208 Bede
741 3142 817 3208 filiis
833 3141 973 3208 Dionisii
998 3143 1125 3208 nomine
1141 3143 1220 3208 iuris

93 3249 359 3333 predictarum..
385 3231 588 3316 dominarum
614 3251 868 3334 recaptivassent
893 3257 925 3314 et
949 3249 1222 3331 reambulassent3

97 3377 230 3440 eumque
255 3357 488 3424 reambulendo
513 3359 615 3444 ipsis.
633 3407 639 3422 .
657 3357 847 3424 dominabus
872 3365 1014 3424 statuere
1039 3357 1222 3436 volnissent,

97 3467 129 3530 in
153 3467 295 3549 personis
322 3467 541 3551 predictorum
565 3466 705 3532 liliorum
730 3467 853 3542 Faneh‚
878 3465 1046 3532 Johannes
1071 3467 1219 3532 literatus

97 3573 239 3640 officialis
265 3575 450 3640 eorumdem
476 3575 651 3640 decadem
675 3574 768 3660 Wyn,
794 3583 827 3640 et
851 3573 987 3658 predicti
1013 3573 1167 3640 Nicolaus
1188 3581 1220 3640 ct

93 3681 181 3747 Beda
208 3683 265 3748 filii
295 3683 437 3767 Dionisii
468 3684 711 3767 presencialiter
741 3683 942 3760 adherentes
973 3685 1006 3746 in
1038 3683 1220 3748 statueione

95 3793 231 3858 omnium
246 3793 477 3876 premissorum
493 3793 572 3874 ipsis
589 3843 595 3856 .
612 3842 619 3856 .
636 3791 826 3857 dominabus
845 3789 951 3856 fienda
970 3791 1220 3855 contradictores

95 3899 297 3966 exstitissent
322 3899 407 3965 Item
434 3899 545 3965 eodem
570 3900 622 3964 die
653 3921 751 3964 unam
771 3899 885 3965 silvam
908 3899 1085 3980 vulgariter
1111 3895 1219 3982 Nepg-

96 4005 195 4072 erden
209 4009 337 4086 dictam,
363 4029 463 4092 supra
489 4008 623 4074 eandem
649 4007 758 4073 villam
773 4008 857 4092 Wyz
874 4013 1003 4090 aparte
1019 4006 1219 4089 septemtrio·

97 4115 161 4180 nali
175 4115 328 4196 habitam,
345 4117 472 4182 nomine
482 4117 563 4182 iuris
579 4116 799 4200 predictarum
816 4165 822 4178 .
840 4167 845 4179 .
862 4115 1064 4180 dominarum
1081 4113 1219 4196 recapti-

96 4232 236 4305 rassent,
267 4247 405 4312 cumque
437 4225 669 4307 recaptivatam
704 4224 823 4288 eisdem
854 4221 1044 4288 dominabus
1076 4227 1219 4286 statuere

98 4331 273 4412 voluissent,
290 4355 354 4398 non
379 4333 436 4398 alii
462 4332 563 4413 aliqui
588 4331 650 4397 nisi
675 4331 832 4396 Nicolaus
849 4335 882 4395 et
897 4330 988 4395 Bede
1004 4329 1063 4394 filii
1079 4328 1219 4394 Dionisii

97 4440 245 4506 antedicti
260 4442 295 4506 in
311 4462 377 4506 una
407 4446 502 4523 parte
527 4460 584 4504 seu
603 4439 764 4522 particula
780 4439 819 4503 de
835 4437 947 4503 eadem
973 4437 1053 4501 silva
1079 4441 1220 4517 quatuor

98 4549 206 4631 iugera
220 4549 253 4615 in
269 4569 303 4616 se
318 4547 512 4630 continente,
538 4569 558 4612 a
580 4555 674 4631 parte
698 4544 955 4630 septemtrionali
980 4545 1072 4609 iuxta
1098 4549 1220 4610 terram

98 4654 246 4738 arabilem
261 4657 438 4756 adiacente,
453 4655 581 4723 nomine
599 4657 679 4722 iuris
699 4654 841 4739 ipsorum
866 4652 1052 4720 hereditarii
1069 4653 1102 4718 in
1118 4657 1219 4719 statu-
