3192 5466
572 408 666 470 1348.
683 412 754 470 urla
773 407 801 469 8.
1194 405 1255 470 179

123 639 129 652 .
147 639 154 652 .
171 586 363 666 retulerunt,
379 587 464 670 quod
481 586 642 670 ipsi·feria
658 591 778 668 quarta
795 587 943 668 proxima
952 593 1025 670 post
1036 586 1154 651 festum
1170 586 1258 651 beati

125 693 259 778 Georgii
277 695 422 760 martiris
438 695 582 778 proxime
598 694 788 776 preteritum
813 693 855 758 ad
881 694 995 758 faciem
1020 695 1162 777 predicte
1187 717 1259 778 pos-

125 803 276 869 sessionis
302 803 484 868 Markhaza
556 803 775 881 accessissent,
799 802 907 886 ibique
933 803 1052 868 talibus
1079 803 1259 868 distinccio·

124 911 218 976 nibus
250 913 457 994 antiquarum
489 911 664 988 metalium,
699 911 901 994 presentibus
933 911 1196 1008 eunctisfflvicinis
1228 917 1260 975 et

124 1021 363 1098 commetaneis,
387 1020 507 1083 dictam
533 1020 765 1102 possessionem
785 1019 967 1084 Markbaza
992 1027 1136 1085 vocatam
1154 1041 1174 1084 a
1189 1041 1260 1102 pre·

123 1128 221 1192 dietis
252 1126 337 1190 villis
362 1126 467 1211 Wysa
491 1133 523 1190 et
548 1123 758 1208 Gryulatelke·
776 1127 898 1191 vocatis
929 1133 1150 1210 separassent:
1175 1125 1260 1210 quod

122 1237 230 1318 primo
255 1236 289 1298 in
315 1241 423 1298 monte
453 1233 708 1316 Buziasmagasa
739 1240 853 1298 vocato
884 1241 950 1300 tres
982 1237 1131 1318 antiquas
1157 1242 1260 1300 metas

121 1351 248 1407 terreas
263 1343 466 1423 invenissent,
482 1364 619 1425 quarum
636 1360 699 1406 una
710 1349 874 1425 separaret
890 1344 1082 1425 possessioni
1098 1343 1149 1408 Ba
1160 1339 1182 1428 (.
1201 1393 1207 1408 .
1227 1341 1260 1428 .),

123 1451 267 1516 secunda
293 1451 403 1535 Wysa,
428 1450 528 1515 tercia
552 1471 628 1515 vero
652 1451 727 1514 ville
743 1450 923 1516 Markhaza
938 1457 1068 1532 vocate3
1092 1451 1206 1516 deinde
1228 1453 1261 1516 in

127 1560 241 1624 eodem
257 1565 365 1622 monte
381 1551 619 1622 Boziasberche
640 1564 767 1635 uocato,
791 1557 937 1622 tenderet
962 1558 1003 1622 ad
1028 1565 1154 1641 partem
1181 1561 1260 1624 occi-

127 1667 296 1732 dentalem
314 1667 355 1730 ad
371 1661 481 1749 (unam
498 1662 632 1749 metam)
648 1665 838 1744 cursualem,
854 1666 971 1731 abhinc
987 1667 1019 1730 in
1037 1667 1146 1732 eodem
1164 1667 1262 1731 berch

130 1775 321 1858 procederet
346 1762 495 1838 similiter
520 1795 630 1838 versus
656 1771 883 1858 occidentem(
884 1823 1010 1839 ......
1013 1771 1026 1858 )
1043 1776 1085 1839 ad
1101 1775 1283 1857 quendam

127 1883 235 1948 locum
261 1881 564 1966 Kysbuziasberche
595 1882 817 1960 nominatum,
851 1882 905 1946 ubi
932 1883 993 1946 due
1020 1884 1152 1966 antique
1177 1889 1262 1947 mete

126 1997 231 2055 terres
249 1987 263 2072 (
266 2040 392 2055 ......
393 1993 407 2074 )
424 2012 561 2073 quarum
578 2013 643 2055 una
663 1997 830 2074 separaret
849 1991 1041 2074 possessioni
1059 1990 1263 2075 Gyulatelhe,

127 2099 195 2162 alia
209 2097 286 2161 ville
302 2097 484 2162 Markhaza
500 2099 682 2176 nominatis,
706 2098 820 2162 deinde
837 2099 870 2162 in
887 2097 997 2162 eodem
1023 2098 1120 2162 berch
1137 2099 1264 2182 longius

127 2205 332 2290 procedendo
349 2206 569 2287 perveniretur
595 2205 635 2268 ad
661 2227 758 2269 unam
785 2211 905 2270 metam
931 2206 1121 2282 cursualem,
1146 2206 1264 2270 abhinc

128 2312 141 2395 (
144 2363 369 2378 ..........
371 2312 384 2397 )
400 2313 547 2378 tenderet
563 2313 695 2378 adduas
706 2319 808 2378 metas
825 2321 957 2391 terreas,
972 2314 1137 2378 deindein
1154 2314 1262 2378 eodem

132 2422 232 2486 berch
259 2421 489 2504 procederetur
514 2422 673 2486 adunam
698 2428 816 2486 metam
842 2422 1032 2500 cursualem,
1056 2422 1173 2485 abhinc
1198 2427 1265 2485 ten·

129 2530 223 2593 deret
239 2529 282 2592 ad
298 2534 439 2592 montem
457 2527 655 2614 Sosaybercy
671 2536 819 2594 vocatum
830 2537 862 2593 et
872 2530 1094 2613 perveniretur
1115 2530 1156 2593 ad
1167 2551 1265 2612 quen-

129 2634 240 2719 dam(
242 2685 368 2702 ......
371 2636 384 2720 )
411 2635 639 2720 Sosaykapusa
664 2638 873 2710 nominatum,
896 2636 950 2700 ubi
975 2660 1040 2702 una
1065 2643 1151 2701 meta
1178 2643 1265 2701 terre

130 2747 208 2810 olim
235 2750 423 2810 constructa
447 2743 630 2826 haberetur,
655 2743 769 2808 deindo
794 2743 959 2822 flectendo,
983 2753 1127 2828 tempore
1153 2747 1265 2810 osticio

129 2856 300 2932 existente,
324 2859 361 2916 ut
386 2849 653 2929 consideraretur,
684 2853 717 2915 in
743 2852 853 2916 eodem
878 2852 977 2917 berch
1010 2853 1197 2918 tenderetur
1223 2855 1265 2918 ad

128 2969 259 3045 partem
286 2961 474 3025 orientalem
501 2960 543 3024 ad
568 2962 676 3043 plures
702 2967 804 3025 metas
836 2963 987 3044 antiquas
1018 2963 1183 3026 cursuales
1208 2985 1267 3046 per

129 3071 280 3134 ordinem
297 3069 482 3146 existentes,
492 3073 525 3131 et
540 3068 579 3132 de
596 3069 665 3151 ipso
681 3067 778 3132 berch
795 3068 1014 3133 descendendo
1033 3069 1183 3134 similiter
1200 3075 1268 3133 ten-

127 3155 317 3242 deretur‘ad
328 3183 453 3260 partem
464 3176 652 3240 orientalem
663 3177 704 3241 ad
714 3197 813 3240 unam
823 3184 941 3241 metam
953 3177 1142 3254 cursualem,
1153 3177 1267 3241 deinde

127 3283 357 3350 descendendo
373 3284 602 3368 procederetur
618 3285 659 3348 ad
675 3285 836 3368 quendam
863 3285 1073 3350 monticulum
1090 3285 1266 3369 Kyskapus

126 3395 337 3458 nominatum
362 3415 461 3477 supra
487 3393 642 3476 piscinam
668 3394 868 3469 existentem,
892 3399 924 3456 et
939 3393 978 3457 de
1000 3394 1069 3475 ipso
1094 3394 1268 3457 monticulo

125 3501 322 3566 transiendo
339 3502 444 3583 ipsum
455 3501 592 3566 rivulum
602 3503 723 3586 piscine
733 3507 919 3579 memorate,
933 3501 1080 3565 tenderet
1090 3500 1131 3565 ad
1142 3507 1268 3584 partem

124 3609 336 3687 orientalem,
361 3609 475 3673 deinde
492 3609 692 3674 ascendendo
708 3609 890 3692 perveniret
916 3631 1015 3691 supra
1040 3609 1081 3672 ad
1107 3609 1266 3692 quendam

123 3717 443 3799 berch,longiusque
453 3717 486 3780 in
498 3717 714 3781 eodemberch
725 3717 1114 3799 ascendendoperveniret
1124 3717 1164 3780 ad
1172 3737 1270 3796 quen·

122 3827 212 3890 (lam
229 3825 334 3902 locum
352 3823 561 3889 Tababorche
577 3830 733 3901 vocatum,
758 3824 850 3887 stibi
867 3824 1010 3907 predicte
1030 3825 1165 3906 antique
1182 3830 1267 3888 mete

119 3933 350 4018 possessionis
361 3931 542 3996 blarkhaza
551 3938 662 3996 vocate
672 3953 730 4015 per
746 3931 908 4016 predictos
919 3931 1062 3994 homines
1082 3931 1220 4014 voyvode
1237 3937 1270 3995 et

120 4047 285 4108 nostrum
312 4040 465 4120 requisito
491 4046 524 4103 et
550 4040 676 4104 invente
708 4039 969 4114 terminarentur,
993 4040 1119 4102 nemine
1145 4047 1270 4104 contra-

118 4151 261 4214 dictore
285 4149 443 4211 existente
468 4148 742 4227 reambulassent,
765 4146 1061 4228 reambulandoque
1092 4147 1271 4228 predictam

121 4256 375 4344 possessionem
392 4257 572 4321 Markhaza
589 4263 734 4321 uocatam
750 4255 853 4319 eidem
870 4253 968 4320 Gallo
979 4261 1012 4318 et
1022 4255 1088 4318 suis
1098 4253 1270 4319 heredibus

116 4364 201 4430 sub
217 4363 467 4427 limitacionibus
483 4364 700 4448 predictarum
717 4363 926 4443 antiquarum
942 4367 1102 4425 metarum
1119 4368 1271 4444 perpetue

115 4469 348 4554 reliquissent
373 4471 606 4553 possidendam.
631 4471 677 4534 Et
693 4470 770 4552 quia
786 4470 817 4533 in
835 4468 897 4533 fine
923 4469 1139 4552 predictarum
1164 4468 1273 4536 litera-

113 4603 211 4649 rum
245 4580 465 4663 uoyvodalium
496 4579 588 4643 uobis
613 4580 876 4643 transmissarum
904 4577 1009 4642 lucide
1034 4579 1270 4656 continebatur,

1117 4704 1166 4756 12*
