3188 5470
345 504 410 564 324
700 519 888 566 anronxonr
905 509 1119 568 oxnlnrrtn.

342 680 419 748 filiis
445 681 585 746 Hannus
614 681 794 759 antedictis,
826 688 858 746 et
884 681 929 745 ibi
954 689 1038 748 mete
1070 683 1235 768 predictas
1261 682 1481 766 possessiones

344 789 503 872 Rogouch
529 795 561 854 et
592 789 693 854 Jazor
723 789 765 854 ab
796 790 931 853 invicem
964 791 1176 874 distingentcs
1208 792 1483 864 terminarentur3

343 903 496 982 preterca
527 896 620 962 ambe
660 903 770 980 partes
804 917 912 962 coram
947 899 1034 964 vobis
1075 922 1109 964 se
1149 899 1354 981 obligassent,
1392 895 1483 977 quod

343 1026 534 1088 quecunque
550 1007 695 1089 parcium
721 1007 976 1089 assignacionem
1001 1007 1220 1090 predictarum
1244 1013 1404 1070 metarum
1419 1026 1484 1087 per

345 1111 517 1177 arbitrium
534 1165 540 1177 .
558 1114 825 1197 predictorum.
843 1163 849 1176 .
875 1115 1016 1178 virorum
1041 1164 1048 1178 .
1066 1167 1072 1178 .
1097 1114 1217 1180 factam
1243 1166 1250 1178 .
1268 1166 1274 1178 .
1300 1119 1483 1177 retractare

342 1221 511 1302 niteretur,
537 1228 650 1288 contra
675 1221 812 1286 alteram
837 1227 964 1305 partem
989 1273 1019 1286 ..
1045 1224 1079 1287 iu
1104 1222 1341 1306 quinquaginta
1360 1221 1483 1284 mareis

343 1335 551 1394 remaneret.
569 1379 575 1392 .
594 1347 731 1409 quarum
747 1351 903 1413 unapars
920 1328 1101 1394 arbitrariis
1119 1327 1203 1414 (igy)
1220 1329 1398 1408 antedictis,
1415 1327 1483 1392 due

344 1457 418 1501 vero
433 1443 543 1520 partes
555 1437 705 1503 cederent
714 1437 867 1501 iniuriam
882 1438 1085 1520 pacientibus
1102 1487 1109 1500 .
1127 1487 1133 1500 .
1150 1435 1297 1520 Quarum
1306 1437 1484 1501 literarum

343 1549 524 1609 vestrarum
541 1597 547 1608 .
565 1595 571 1608 .
589 1544 738 1627 perlectis
749 1546 966 1622 continenciis,
982 1546 1068 1610 idem
1078 1546 1104 1611 J
1104 1545 1223 1611 acobus
1233 1545 1382 1610 literatus
1391 1545 1484 1607 filius

344 1652 474 1717 Detrici
490 1659 682 1734 procurator
697 1651 817 1735 prefati
827 1651 921 1716 chk
937 1702 944 1716 .
961 1702 967 1716 .
984 1652 1226 1737 proponebatin
1236 1652 1322 1716 hunc
1338 1652 1482 1720 modum.

344 1761 433 1843 quod
459 1760 602 1843 predicte
627 1767 712 1825 mete
736 1760 770 1823 in
795 1760 874 1842 ipsis
899 1759 1001 1825 literis
1026 1761 1141 1826 vestris
1162 1765 1356 1825 ..contente
1373 1807 1379 1822 .
1396 1811 1401 1823 .
1418 1759 1483 1822 sub

348 1869 465 1949 quibus
491 1869 680 1952 premissam
706 1869 972 1950 composicionem
989 1917 995 1931 .
1013 1917 1019 1930 .
1036 1869 1105 1952 ipse
1121 1867 1216 1932 Zcuk
1241 1890 1313 1932 cum
1329 1868 1398 1950 ipso
1414 1867 1483 1931 Mi-

345 1976 456 2041 chaele
482 2025 488 2039 .
516 2029 522 2041 .
548 1977 662 2042 fecisse
689 1972 702 2058 (
703 2024 851 2040 .......
854 1973 1011 2059 )buisset,
1035 1976 1214 2059 predictam
1245 1977 1482 2060 possessiouem
1589 1985 1590 2000 ¹

348 2083 509 2168 chhyne
526 2106 546 2148 a
561 2082 816 2168 possessionibus
826 2084 928 2167 ipsius
944 2084 1115 2148 Michaelis
1132 2085 1198 2148 ceci
1213 2083 1271 2148 filii
1288 2083 1416 2148 Nicolai
1432 2105 1482 2146 se-

348 2198 502 2276 pararent
519 2241 525 2255 .
543 2243 550 2256 .
567 2199 599 2256 et
615 2193 686 2276 ipsa
711 2193 869 2274 possessio
885 2191 1048 2276 chhyne
1070 2192 1215 2276 predicto
1232 2191 1387 2256 Michaeli
1404 2211 1480 2254 ceco

348 2301 382 2364 in
397 2299 487 2364 nullo
513 2301 698 2382 pertineret,
723 2319 783 2363 nec
807 2298 917 2380 aliquo
941 2306 1085 2383 tempore
1110 2301 1144 2364 in
1168 2299 1309 2364 dominio
1335 2299 1479 2363 eiusdem

345 2407 514 2486 extitisset,
531 2407 587 2472 sed
603 2427 728 2489 semper
743 2407 776 2469 in
796 2405 908 2470 eadem
924 2405 1010 2470 idem
1025 2406 1120 2470 chk
1140 2407 1313 2496 resedisset
1337 2413 1370 2471 et
1394 2429 1481 2470 nunc

343 2515 507 2581 resideret.
531 2515 627 2582 Unde
645 2515 722 2596 quia
747 2514 892 2596 prefatus
916 2514 1061 2578 Michael
1077 2536 1170 2578 cecus
1187 2564 1193 2576 .
1212 2565 1218 2578 .
1234 2517 1327 2578 iuxta
1342 2514 1481 2579 formam
1589 2565 1590 2604 ,

345 2623 483 2708 predicti
499 2622 775 2706 composicionarii
791 2623 950 2705 privilegii
968 2623 1067 2687 vestri
1084 2645 1141 2706 per
1157 2629 1382 2707 procuratores
1400 2623 1479 2687 dicti
1589 2605 1590 2610 ἵ

344 2731 439 2796 Zonh
448 2730 592 2812 exhibiti,
603 2731 723 2815 pluries
733 2751 791 2813 per
801 2751 859 2795 nos
869 2731 1057 2814 requisitus,
1073 2731 1193 2795 nullius
1210 2731 1479 2796 contradieeionis

344 2817 511 2904 dbstaculo
528 2838 685 2916 obviabat,
702 2844 734 2902 et
750 2858 789 2901 ex
805 2859 842 2902 eo
868 2838 908 2902 de
932 2841 1027 2904 metis
1052 2841 1217 2921 premissis
1243 2847 1311 2903 tam
1328 2841 1361 2903 in
1376 2839 1481 2904 literis

239 2995 243 3008 .
346 2948 460 3012 vestris
485 2946 739 3031 privilegialibue
759 2968 856 3029 quam
873 2943 1175 3032 regiisspatentibus
1193 2970 1251 3031 per
1260 2954 1370 3032 partes
1387 2947 1482 3012 nobis
1589 2947 1590 2952 ’

347 3061 461 3120 contra
477 3077 546 3121 sese
562 3056 715 3121 exhibitis
731 3055 876 3120 volumus
898 3057 1021 3121 cercius
1037 3057 1215 3134 informari,
1231 3057 1412 3122 amiciciam
1428 3079 1482 3120 ve·

348 3168 496 3228 stram..
515 3164 656 3248 petimus
681 3213 712 3228 ..
739 3171 897 3246 quatenus
922 3172 1045 3230 vestros
1071 3166 1245 3230 mitteretis
1270 3166 1417 3230 homines
1444 3216 1478 3229 ..
1589 3205 1590 3210 κ

344 3269 462 3354 quibus
478 3271 681 3354 presentibus
697 3270 865 3346 Arnoldus
884 3271 970 3337 filius
986 3270 1128 3338 Arnoldi
1152 3275 1204 3338 vel
1229 3273 1254 3338 J
1256 3271 1375 3337 acubus
1391 3272 1482 3337 filius
1589 3317 1590 3344 ,

343 3380 505 3446 Jchannis
530 3381 608 3446 dicti
632 3381 774 3462 Kassan,
806 3383 873 3446 sive
903 3380 1088 3466 Stephanus
1120 3382 1222 3447 frater
1253 3383 1395 3447 eiusdem
1421 3389 1484 3444 aut
1589 3395 1590 3404 ¹

343 3488 456 3554 Zekch
471 3489 511 3552 de
527 3489 759 3554 Kozmerlolua
774 3489 825 3554 vel
842 3487 1003 3573 Georgius
1021 3490 1108 3555 filius
1119 3489 1273 3556 Ocrrardi
1290 3491 1329 3555 de
1343 3487 1482 3572 Gargou
1589 3483 1590 3540 l

343 3618 402 3683 pro
418 3602 512 3680 parte
528 3598 656 3680 actoris,
671 3599 750 3661 item
766 3619 870 3663 comes
895 3599 1014 3663 Petrus
1040 3598 1126 3664 filius
1152 3599 1268 3664 Danus
1292 3599 1342 3664 vel
1367 3597 1483 3663 Domi·
1589 3605 1590 3678 t

343 3705 433 3770 nicus
449 3705 552 3770 irater
567 3704 709 3770 eiusdem
726 3705 765 3769 de
782 3704 887 3789 Sygra
903 3707 968 3770 sive
984 3707 1152 3772 Dionisius
1168 3707 1255 3772 filius
1275 3707 1402 3791 Voythe
1418 3728 1485 3788 pro

342 3819 436 3898 parte
452 3814 486 3877 in
502 3834 632 3878 causam
649 3813 782 3878 attracti
798 3814 871 3878 aliis
882 3814 1070 3879 absentibus
1086 3815 1230 3879 homines
1248 3815 1368 3878 domini
1380 3815 1485 3896 regis,

343 3923 377 3986 in
393 3921 514 3986 octavis
531 3920 605 3985 festi
620 3919 708 3984 beati
729 3919 863 4004 Georgii
882 3923 1025 3986 martiris
1051 3944 1136 3986 nune
1160 3923 1307 4004 proxime
1332 3923 1498 3985 venturis
1589 3915 1590 3968 l

344 4093 350 4106 ,
368 4079 374 4092 .
392 4027 556 4104 accedant,
572 4034 605 4092 et
620 4028 725 4110 primo
742 4029 812 4110 ipso
828 4029 995 4112 privilegio
1011 4036 1117 4094 vestro
1137 4051 1194 4112 per
1211 4030 1318 4112 ipsum
1334 4027 1432 4093 Zonk
1451 4081 1458 4092 .
1480 4079 1486 4090 .
1589 4045 1590 4118 ᾗ

344 4137 498 4215 exhibite,
516 4138 620 4220 ipsam
636 4138 870 4219 possessionem
886 4137 1048 4222 Wlehyne
1064 4159 1122 4220 per
1137 4139 1224 4220 ipsas
1241 4143 1342 4202 metas
1357 4138 1388 4200 in
1406 4138 1489 4219 ipso
1589 4121 1590 4196 l

343 4243 512 4328 privilegio
528 4251 634 4308 vestro
658 4251 825 4308 contentas
842 4293 848 4307 .
867 4296 873 4308 .
890 4245 1101 4326 reambulent,
1121 4251 1154 4308 et
1179 4265 1234 4309 eas
1251 4293 1258 4308 .
1275 4297 1281 4309 .
1298 4245 1431 4309 rideant
1451 4255 1490 4310 et
1589 4227 1590 4294 l

344 4353 556 4434 considerant,
574 4357 606 4416 ct
623 4352 751 4416 demum
767 4353 919 4436 predictis
936 4353 1040 4418 literis
1060 4352 1180 4416 domini
1201 4353 1303 4418 nostri
1320 4353 1404 4434 regis
1424 4375 1490 4436 pa·

343 4460 485 4525 tentibus
501 4467 647 4525 tenorem
664 4460 833 4524 literarum
853 4468 1032 4526 vestrarum
1058 4460 1299 4524 continentibus
1324 4481 1379 4544 per
1405 4483 1492 4544 pre·

342 4567 446 4632 fatum
470 4567 664 4632 Michaelem
682 4620 687 4631 .
705 4618 711 4631 .
729 4568 848 4632 ibidem
867 4619 873 4631 .
891 4621 896 4632 .
915 4568 1075 4648 exhibitis,
1092 4569 1307 4651 possessiones
1336 4568 1491 4634 eiusdem
1589 4611 1590 4656 p

342 4677 514 4742 Michaelis
532 4727 538 4741 .
556 4727 562 4740 .
580 4677 781 4743 reambulent
797 4677 893 4742 simul
918 4685 950 4742 et
977 4679 1112 4742 invicem
1131 4678 1340 4760 prosedendo,
1365 4683 1397 4739 ct
1429 4701 1493 4744 eas

1589 4813 1590 4852 i
