3192 5466
574 477 668 550 lara.
685 503 753 552 Jcn.
771 480 821 551 93.
1196 481 1259 551 207

131 670 308 732 contentus
334 663 437 732 sancti
455 664 628 732 Benedicti
653 668 740 750 ipsos
757 665 930 732 adfaciem
958 672 1044 732 terre
1069 668 1260 732 monasterii

131 775 253 840 Saulen
271 783 419 842 vocatam
445 797 546 859 prope
563 776 647 840 Bors
664 765 875 854 adiacentem,
901 797 959 860 per
975 776 1130 842 officiales
1147 797 1260 842 eorum

130 884 290 948 deducere
315 883 468 950 fecissent
484 892 516 948 et
531 883 652 948 ibidem
677 884 917 966 destrucciones
942 891 1104 950 metarum
1121 885 1264 949 eiusdem

130 999 216 1057 terre
242 991 363 1058 Seulen
389 993 538 1058 occulata
562 991 625 1057 fide
650 1015 684 1056 se
710 993 826 1057 vidisse
852 993 1053 1075 retulerunt3
1076 993 1149 1060 ideo
1165 992 1263 1059 Senta

129 1101 230 1164 ciram
247 1121 305 1166 seu
321 1101 482 1184 hospitem
497 1101 537 1165 de
553 1101 646 1179 Bors,
663 1101 819 1166 cultorem
835 1101 1018 1185 supradicte
1033 1108 1119 1166 terre
1135 1101 1263 1178 Seulen,

128 1229 149 1271 a
174 1210 306 1274 cultura
330 1211 432 1294 ipsius
457 1215 543 1274 terre
569 1209 689 1275 Senlen
707 1216 739 1274 et
757 1210 798 1274 ab
815 1211 972 1275 universis
994 1210 1157 1286 fructuum
1173 1209 1262 1274 utili-

130 1316 256 1380 tatibus
274 1319 307 1382 in
323 1317 434 1381 eadem
450 1324 539 1382 terra
556 1319 781 1400 existentibus,
798 1321 889 1402 regni
909 1319 1137 1384 consuetudine
1154 1318 1263 1400 probi-

128 1424 285 1490 buissaut.
295 1426 436 1496 ,Datum
452 1426 536 1492 feria
552 1426 693 1492 secunda
708 1429 856 1508 proxima
874 1434 948 1509 post
964 1426 1049 1491 diem
1064 1426 1260 1510 prohibicio-

129 1534 189 1609 niS,
213 1553 302 1598 anuo
319 1533 440 1598 domini
456 1535 508 1599 Μ0
533 1533 654 1602 000ῐιιο
670 1535 775 1602 XL¹¹¹⁰
791 1541 912 1600 octavo.

238 1697 369 1761 Paplron,
383 1699 509 1747 zarlatetn
523 1698 614 1760 peccet
627 1697 830 1761 tbredekeive13
851 1697 981 1763 eredetije
994 1714 1026 1748 az
1040 1713 1108 1748 orsz.
1119 1700 1151 1747 lt.
1162 1699 1262 1748 kincst.

128 1795 195 1838 oszt.
210 1789 317 1836 Eccles.
333 1793 374 1837 24.
390 1793 432 1839 27.
446 1788 514 1851 dipl.
529 1795 595 1838 oszt.
611 1793 689 1840 3910.
713 1788 813 1838 anli:
833 1790 941 1839 Kavacs
954 1791 991 1838 N.

618 1988 758 1995 ——-.
765 1989 778 1996 .-

670 2173 721 2233 98.

132 2331 308 2414 1348.joo.
326 2331 376 2393 23.
395 2334 443 2393 Aa
458 2329 529 2412 cyri
543 2329 697 2414 kdptclaa
714 2329 785 2393 eluet
799 2329 894 2395 Saali
910 2327 1040 2411 Abofia
1059 2329 1148 2394 Peter
1164 2334 1195 2395 ds
1211 2355 1261 2396 aa·

127 2439 186 2500 neb
193 2438 272 2518 fiai,
300 2439 401 2500 Larini
417 2437 527 2500 [storia
534 2438 588 2518 fla
603 2438 719 2500 Miletos
735 2439 959 2522 mepoleussecrr
981 2440 1077 2502 ercnek
1101 2441 1212 2526 onpjdt
1230 2442 1262 2503 e's

116 2547 234 2624 fivdrc't
251 2545 417 2636 Messallja
434 2547 464 2608 c's
482 2545 644 2628 Doroprna
658 2554 739 2609 acuit
755 2545 879 2609 Borsod
902 2549 1083 2633 vdrmcpyei
1107 2547 1261 2612 birtokok·

575 2652 633 2716 kal
648 2651 816 2736 kieldpita'k.

241 2813 312 2880 Nos
337 2814 517 2899 capitulum
542 2815 674 2879 ecclesie
691 2811 862 2897 Agriensis
888 2814 1107 2898 significamus
1125 2868 1131 2880 .
1149 2867 1156 2880 .
1172 2816 1259 2900 quod
1336 2833 1339 2841 ·

126 2921 299 2987 ‚lohannes
314 2921 400 2986 lllius
417 2921 577 3004 Stephani
594 2921 633 2986 de
649 2921 741 2986 Lean
758 2943 817 3004 pro
842 2943 876 2986 se
901 2928 934 2986 et
959 2944 1018 3006 pro
1033 2923 1132 2988 Petro
1159 2925 1259 2990 fratre

125 3048 164 3094 ac
190 3029 292 3094 nobili
317 3031 447 3095 domina
473 3029 588 3095 relicta
614 3029 756 3094 eiusdem
781 3028 938 3113 Stephani
962 3036 1067 3095 matre
1092 3033 1158 3095 suis
1176 3081 1183 3096 .
1198 3082 1204 3096 .
1221 3054 1260 3096 ex

126 3159 202 3220 una,
228 3147 262 3202 et
277 3137 432 3202 Nicotaus
457 3137 543 3202 filius
559 3137 651 3202 Petri
667 3137 726 3202 filii
742 3136 820 3204 Aba
836 3138 875 3202 de
892 3137 971 3204 Saal
987 3145 1082 3220 parte
1098 3139 1139 3204 ab
1155 3141 1259 3206 altera

126 3267 237 3310 coram
254 3245 346 3310 nobis
371 3246 588 3329 personaliter
613 3247 792 3328 constituti,
809 3245 959 3310 dixerunt
975 3295 981 3308 .
999 3295 1005 3308 .
1023 3246 1110 3328 quod
1127 3247 1204 3312 licet
1220 3269 1259 3312 ex

125 3357 233 3420 causis
250 3355 383 3420 dirersis
399 3376 461 3438 que
478 3357 563 3420 inter
578 3355 664 3439 ipsos
680 3356 891 3437 contigissent
905 3355 1111 3436 usquemod0,
1137 3355 1260 3439 specia-

125 3463 268 3544 literque
293 3463 422 3528 racione
456 3463 569 3526 mortis
594 3460 736 3526 Nicolai'
749 3459 807 3526 filii
826 3461 979 3543 ,eiusdem
1007 3461 1178 3544 Stephani,
1201 3483 1259 3545 per

125 3571 252 3636 dictum
268 3569 442 3636 Nicolaum
457 3570 560 3636 'filiurn
585 3569 676 3635 Petri
692 3571 726 3634 in
742 3569 854 3634 eadem
872 3569 948 3634 villa
964 3569 1063 3647 Lean,
1089 3577 1126 3634 ut
1141 3570 1259 3634 dicitur

126 3679 306 3745 casualiter
340 3679 513 3756 interemti,
539 3679 644 3760 primo
669 3699 773 3742 coram
802 3675 986 3742 ..Nicolao
1004 3729 1009 3742 .
1027 3725 1033 3741 .
1051 3677 1197 3760 palatino
1222 3685 1255 3742 et

125 3788 258 3851 demum
269 3787 302 3850 in
312 3786 479 3869 presencia
495 3785 632 3850 aliorum
660 3785 801 3849 iudicum
819 3784 1055 3850 ordinariorum
1066 3784 1106 3849 lis
1123 3837 1129 3848 .
1146 3833 1152 3848 .
1169 3791 1258 3848 mota

126 3895 244 3959 luisset
261 3893 345 3958 iuter
362 3893 448 3977 ipsos
466 3942 472 3956 .
489 3943 495 3956 .
511 3892 643 3957 tandem
662 3898 772 3956 tamen
797 3898 835 3956 ut
860 3892 963 3958 omnis
987 3892 1056 3959 litis
1074 3945 1079 3957 .
1097 3941 1103 3956 .
1120 3893 1258 3958 materia

125 4003 164 4067 de
191 4001 298 4066 medio
323 4001 466 4084 ipsorum
491 3999 648 4066 radicitus
674 4000 864 4065 evelleretur
881 4049 887 4063 .
904 4049 911 4064 .
928 4000 1028 4065 eciam
1054 3999 1258 4067 ordinacione

125 4119 157 4174 et
182 4109 349 4176 amicabili
380 4109 659 4193 composicione..
687 4109 811 4173 comitis
842 4107 969 4174 Nicolai
1001 4107 1059 4173 filii
1089 4107 1187 4174 Mark
1218 4108 1257 4171 de

124 4217 256 4282 Abram
281 4216 435 4294 reginalis
459 4217 607 4292 hominis,
632 4223 663 4280 et
689 4215 810 4280 domini
834 4215 954 4280 Jacobi
978 4215 1153 4280 sacerdotis
1169 4217 1257 4280 testi-

125 4326 227 4389 monii
251 4325 363 4407 nostri,
389 4327 445 4408 qui
470 4325 574 4408 pridie
599 4347 658 4408 per
682 4346 740 4389 nos
767 4323 808 4388 ad
834 4323 1022 4388 mandatum
1040 4323 1256 4388 literatorium

125 4433 256 4497 domine
276 4433 427 4497 Elizabet
443 4485 449 4497 .
468 4481 474 4496 .
492 4434 601 4516 regine
618 4481 624 4498 .
642 4483 648 4495 .
666 4453 805 4496 unacum
830 4432 942 4496 eodem
966 4432 1103 4516 reginali
1128 4433 1257 4496 homine

126 4541 168 4605 ad
185 4541 397 4606 statuendum
415 4541 514 4606 tercie
530 4543 633 4623 partis
651 4541 872 4604 universarum
882 4541 1069 4622 porciouum
1086 4540 1257 4623 possessio·

124 4651 296 4714 uariarum
321 4649 489 4712 memorati
514 4647 643 4713 Nicolai
668 4647 727 4712 filii
755 4647 848 4711 Petri
875 4647 1013 4710 ubilibet
1047 4649 1257 4712 existencium
