3226 5462
522 469 616 532 1347.
633 485 739 531 6666.
758 471 807 530 12.
1188 472 1228 530 27

96 651 187 732 quod
204 650 281 731 quia
304 653 478 716 annotatus
502 667 614 716 comes-
632 645 788 714 Nicolaus
812 646 899 714 filius
924 645 1041 732 Moyus
1066 647 1229 730 patruelis

96 762 239 844 ipsorum
263 759 303 825 de
318 757 572 842 possessionibus
594 763 628 824 61
643 757 849 842 porcionibus
874 759 942 824 suis
967 759 1231 841 possessiouariis

96 870 232 937 ubilibet
247 867 459 938 existentibus
469 873 504 936 et
514 868 739 952 quoquomodo
750 869 897 936 vocitatis
909 867 1018 933 debito
1029 868 1100 933 iure
1111 872 1230 933 nature

96 985 130 1044 et
156 977 195 1044 de
218 979 309 1061 regni
335 977 567 1048 consuetudine
600 982 741 1060 quatuor
764 976 894 1042 filiabus
919 976 986 1042 suis
1010 973 1229 1060 Margaretha

96 1085 267 1152 Elisabeth
283 1081 385 1152 Clara
402 1091 434 1152 61
448 1085 600 1153 Barbara
615 1085 680 1152 alio
696 1086 825 1152 nomine
840 1083 954 1151 Bonch
970 1084 1091 1151 vocatis
1109 1089 1229 1167 quarta

95 1193 199 1277 1111611,
221 1214 259 1259 ac
275 1190 406 1260 domino
438 1195 582 1262 consorti
608 1215 664 1260 sue
688 1193 755 1260 filie
779 1192 914 1260 Andros
939 1191 998 1258 filii
1023 1191 1165 1260 Zemeke
1190 1192 1230 1258 de

96 1303 186 1388 Ghyu
210 1299 380 1368 Elisabeth
416 1308 528 1370 uocate
552 1302 627 1369 dote
652 1309 686 1370 61
709 1301 806 1368 rebus
837 1300 1098 1386 perafsrnalibus
1124 1302 1230 1368 teneri

96 1412 352 1496 dignosceretur,
375 1417 409 1478 et
424 1413 503 1494 quia
519 1414 620 1480 eciam
646 1413 733 1480 idem
748 1434 852 1480 comes
867 1411 1025 1480 Nicolaus
1041 1463 1048 1478 .
1066 1465 1073 1479 .
1089 1435 1229 1480 unacum

95 1521 175 1603 ipsis
190 1521 295 1606 [super
317 1520 379 1586 hoc
404 1520 530 1588 diucius
552 1522 724 1588 tractando
750 1545 848 1589 uuam
871 1521 1070 1608 porticulum
1086 1527 1173 1587 terre
1189 1521 1230 1588 (16

97 1629 245 1712 porcione
262 1648 322 1694 sua
338 1629 373 1693 in
389 1627 503 1696 eadem
519 1630 721 1712 possessione
741 1627 940 1716 Senthlryral
955 1630 990 1695 in
1005 1627 1118 1696 eodem
1134 1630 1230 1694 comi·

96 1743 169 1804 tatu
192 1735 412 1804 Gwmuriensi
442 1738 594 1804 existenti
625 1738 767 1806 decisam
792 1743 825 1804 et
850 1739 944 1804 metis
968 1738 1118 1804 similiter
1143 1737 1230 1802 infra

95 1845 299 1913 declarandis
315 1845 460 1928 undique
478 1847 724 1932 circumdatam,
743 1870 802 1932 pro
818 1847 913 1914 totali
929 1846 1138 1930 expedicione
1155 1869 1229 1930 pre-

95 1955 236 2020 latorum
252 1955 337 2022 dotis
354 1962 387 2021 et
402 1975 512 2022 rerum
524 1955 785 2041 paralernalium
804 1977 843 2021 ac
853 1960 971 2038 quarte
986 1953 1096 2022 11116116
1113 1975 1228 2039 preno-

94 2065 224 2130 minatis
241 2071 383 2146 quatuor
398 2063 529 2131 filiabus
546 2065 612 2132 suis
629 2071 662 2131 61
676 2068 822 2152 ipsarum
837 2062 1012 2131 heredibus
1028 2068 1228 2147 perpetuo..

95 2171 323 2256 possidendam
338 2171 539 2256 contulisset,
556 2173 704 2242 residuas
728 2196 804 2240 vero
828 2175 998 2258 porciones
1013 2195 1089 2239 suas
1105 2192 1228 2256 posses·

94 2283 254 2347 sionarias
269 2279 408 2347 ubilibet
424 2282 597 2350 existentes
613 2282 699 2350 idem
718 2303 824 2349 comes
833 2281 989 2349 Nicolaus
1005 2285 1229 2367 postmortem

94 2411 186 2456 suam
201 2391 282 2473 ipsis
297 2390 485 2473 reliquisset
503 2439 510 2454 .
527 2440 534 2454 .
550 2390 624 2458 ideo
640 2393 703 2476 ipsi
729 2391 769 2458 ob
793 2391 936 2457 fauorem
961 2396 994 2457 et
1019 2389 1228 2455 dileccionem

94 2499 314 2582 proximitatis
330 2497 519 2564 earumdem
546 2506 687 2581 quatuor
711 2499 868 2566 nobilium
894 2497 1106 2576 dominarum,
1130 2517 1228 2582 super

94 2607 180 2673 lacto
196 2606 385 2673 donacionis
410 2612 442 2672 61
465 2608 726 2691 perpetuacionis
751 2609 930 2692 prescripte
956 2604 1115 2690 particule
1140 2609 1229 2671 terre

94 2717 173 2799 ipsis
190 2715 382 2782 dominabus
399 2735 464 2798 quo
479 2737 580 2800 supra
595 2717 672 2784 1616
689 2769 696 2782 .
713 2768 720 2782 .
736 2715 868 2800 plenum
884 2737 1073 2782 consensuro
1083 2711 1228 2797 prebuis-

94 2831 167 2890 sent
183 2876 190 2888 .
207 2872 214 2888 .
230 2825 295 2890 imo
310 2824 468 2908 sepedicti
483 2825 543 2892 lilii
571 2824 719 2893 Ladislai
744 2825 881 2892 eandem
906 2822 1103 2910 particulam
1127 2829 1225 2906 terre,

94 2935 141 2998 sic
157 2933 241 2999 sicut
250 2932 417 3016 predictus
427 2953 532 3000 comes
547 2933 713 3014 Nicolaus,
723 2955 832 3000 coram
842 2929 934 3000 nobis
950 2935 1225 3016 666-6616666661

95 3042 192 3108 (116116
208 3041 372 3108 nobilibus
397 3041 588 3110 dominabus
613 3048 646 3109 et
670 3044 816 3126 ipsarum
831 3041 1012 3124 heredibus,
1038 3041 1223 3107 testimonio

92 3152 297 3236 presencium
312 3150 484 3218 literarum
503 3157 688 3218 nostrarum
707 3158 741 3218 et
757 3151 970 3232 auctoritate,
994 3149 1175 3234 obligantes
1192 3169 1226 3214 66

92 3259 193 3325 iidem
207 3258 266 3324 filii
281 3258 430 3326 Ladislsi
447 3265 479 3325 et
493 3259 628 3326 heredes
653 3281 736 3339 suos,
761 3259 848 3342 quod
872 3260 934 3342 ipsi
960 3262 1155 3324 memoratus
1172 3278 1227 3322 no·

92 3367 175 3434 biles
192 3366 339 3434 dominas
355 3374 387 3434 et
411 3388 524 3434 earum
548 3367 684 3435 heredes
709 3370 744 3434 in
771 3368 912 3435 dominio
937 3367 1038 3451 ipsius
1064 3365 1225 3450 particule

92 3483 192 3556 terre,
208 3480 345 3559 excepta
359 3477 511 3560 porcione
538 3475 679 3545 Simonis
695 3477 755 3544 filii
770 3475 898 3556 Jacobi,
923 3496 986 3559 que
1010 3477 1098 3542 intra
1122 3481 1226 3540 metas

92 3585 179 3650 dicte
196 3585 358 3668 particule
374 3591 462 3652 terre
487 3585 733 3654 includeretur.
751 3637 757 3652 .
775 3591 889 3653 contre
906 3587 1078 3669 quospiam
1103 3583 1226 3649 indem-

91 3695 180 3759 niter
196 3700 431 3776 conservarent,
447 3695 534 3777 6661
550 3696 578 3762 61
588 3697 741 3782 temporis
751 3697 785 3760 in
795 3717 947 3780 processu
956 3693 1086 3761 easdem
1101 3712 1225 3758 conser-

91 3822 169 3867 uare
185 3823 250 3867 666
265 3808 397 3885 possent
412 3851 419 3867 .
436 3854 442 3868 .
459 3807 579 3869 extunc
594 3803 635 3870 de
649 3805 801 3888 porcione
811 3805 956 3887 ipsorum
971 3801 1226 3886 possessionaria

90 3911 126 3974 iu
153 3909 266 3975 eadem
292 3908 488 3996 Senthkyral
513 3910 627 3978 habita
653 3911 891 3993 equivalentem
916 3911 1111 3994 particulam
1136 3915 1224 3976 terre

90 4040 167 4084 cum
182 4019 250 4084 suis
266 4017 484 4084 utilitatibus.
502 4069 508 4083 .
525 4019 603 4084 dare
627 4027 660 4085 et
684 4021 851 4104 assignare
875 4025 1066 4085 tenerentur
1083 4024 1224 4101 quatuor

89 4123 255 4194 nobilibus
288 4125 481 4193 dominabus
497 4132 658 4193 eteorum
683 4126 856 4194 heredibus
876 4127 1080 4211 supradictis.
1105 4127 1136 4192 E
1152 4147 1224 4192 con·

89 4255 186 4302 verso
201 4239 311 4302 autem
327 4237 355 4302 si
370 4241 536 4319 protactus
552 4257 657 4303 comes
672 4235 830 4304 Nicolaus
846 4235 1001 4319 usquead
1015 4235 1100 4302 diem
1117 4235 1224 4302 obitus

89 4345 145 4412 sui
170 4343 274 4410 dictas
299 4343 447 4410 residuas
472 4346 639 4428 porciones
665 4366 740 4412 suas
764 4345 814 4410 vel
839 4345 967 4426 aliquas
992 4366 1031 4410 ex
1057 4345 1175 4411 eisdem
1193 4393 1223 4408 ..

88 4453 238 4520 alienare
262 4453 432 4532 niteretur,
458 4459 578 4520 extunc
602 4453 757 4540 sepedicti
772 4451 929 4520 Nicolaus
944 4451 1030 4520 filius
1046 4452 1176 4537 Bolugh
1191 4461 1225 4520 61

89 4561 237 4627 Thomas
252 4559 339 4627 filius
353 4559 527 4626 Laurencii
553 4563 586 4626 in
611 4561 780 4628 succubitu
806 4560 906 4626 duelli
931 4559 1010 4626 facti
1034 4561 1224 4645 potencialis

88 4670 247 4736 61666666
263 4669 392 4737 eosdem
406 4667 490 4737 filios
505 4669 652 4738 Ladislai
670 4676 702 4736 et
720 4669 856 4736 heredes
867 4691 941 4737 suos
957 4672 1223 4740 convincerentur
