3138 5462
507 451 602 514 1347.
618 467 688 514 nun.
706 453 759 513 20.
1156 456 1197 516 93

75 628 254 710 apredictis
272 627 435 693 Michaele
451 626 588 694 Nicolao
605 636 638 694 et
654 629 767 694 Laohl(
783 627 858 694 liliis
877 627 903 692 J
904 629 1039 694 ohannis
1049 630 1089 695 <le
1100 629 1197 697 chh

76 736 273 818 postularunt
293 737 461 820 assignari.
485 735 558 821 Quo
583 737 693 802 audito
720 737 884 820 predictus
909 735 1066 802 Nicolaus
1092 760 1200 822 perso-

75 843 182 909 naliter
198 867 257 930 pro
274 865 316 924 se,
342 867 400 929 pro
425 847 504 930 ipsis
530 852 641 911 autem
666 845 828 910 Michaele
859 852 889 909 at
912 845 1027 910 Lachk
1043 845 1199 912 fratribus

75 954 130 1016 suis
146 974 219 1018 cum
236 945 467 1037 procuratoriis
483 953 586 1020 literis
602 953 743 1018 eiusdem
761 953 894 1037 capituli
905 951 1077 1036 Agrieusis
1090 976 1198 1020 exsur-

77 1061 169 1144 gendo
185 1063 352 1145 respondit
367 1085 407 1126 ex
423 1063 566 1141 adverso,
583 1061 670 1142 quod
686 1062 755 1145 ipse
766 1061 886 1126 etdicti
903 1059 1020 1126 iratres
1037 1063 1086 1126 sui
1103 1085 1200 1146 super

77 1169 124 1234 illa
139 1171 302 1254 particula
313 1177 400 1236 terre
416 1172 449 1236 in
460 1193 525 1254 qua
534 1169 596 1255 ipsi
616 1171 904 1236 contradicoionem
921 1171 1072 1237 fecissent
1089 1194 1200 1256 supra·

77 1276 194 1359 dictam,
211 1277 357 1344 efficacis
366 1279 524 1344 haberent
535 1280 758 1356 instrumenta,
767 1277 809 1342 ad
818 1299 956 1360 quorum
966 1279 1199 1345 exhibicionem

77 1387 239 1451 terminum
256 1409 276 1451 a
292 1387 384 1454 nobis
400 1388 461 1452 sibi
478 1395 510 1452 et
526 1387 620 1452 dictis
636 1385 791 1452 fratribus
819 1387 884 1452 suis
900 1387 1108 1470 postularunt
1123 1390 1201 1454 assi-

80 1495 175 1576 gnari3
191 1495 345 1560 undenos
357 1497 583 1574 commisimus
599 1495 686 1578 quod
696 1493 793 1560 iidem
804 1493 861 1558 filii
877 1494 903 1559 J
903 1494 1039 1561 ohannis
1050 1496 1089 1562 de
1100 1496 1199 1562 Zwoh

78 1601 271 1687 pneallegota
296 1626 409 1670 eorum
434 1605 650 1670 instrumenta
675 1604 708 1667 in
734 1604 854 1668 octavis
880 1603 953 1668 festi
977 1603 1201 1672 Assumcionis

78 1711 198 1794 uirginis
231 1714 369 1796 gloriose
400 1713 544 1797 proxime
576 1714 721 1778 venturis
753 1721 866 1778 contra
897 1713 983 1796 ipsos
1015 1715 1201 1779 Emericum

79 1817 169 1884 lilium
184 1821 209 1885 J
211 1822 348 1887 ohannis
365 1829 398 1886 et
413 1822 438 1886 J
439 1823 599 1887 ohannem
615 1819 716 1886 filium
742 1819 901 1904 Stephani
926 1828 1097 1887 teneantur
1114 1823 1201 1886 exhi-

78 1925 260 1994 berecoram
270 1930 370 1996 nobis,
380 1930 504 1996 Datum
516 1937 631 2014 quarto
641 1929 693 1994 die
703 1929 787 1994 dicte
803 1931 1067 2014 congregacionis
1083 1937 1200 2008 nostre,

82 2036 109 2098 in
125 2036 191 2102 loco
206 2045 394 2116 memor-sto,
410 2061 495 2104 anno
511 2038 631 2104 domini
648 2037 700 2102 Μο
725 2035 822 2104 000ο
846 2035 952 2102 XL¹¹¹⁰
968 2038 1112 2121 septimo.

176 2201 306 2266 Paplron,
321 2204 448 2254 ztrlattn
461 2202 554 2266 pecstt
568 2201 763 2251 teredekeivel.
777 2199 917 2266 Eredetije
931 2215 964 2250 az
978 2215 1048 2251 orsz.
1060 2201 1091 2250 lt.
1102 2201 1201 2251 kincst.

79 2293 140 2338 oszt.
152 2289 183 2339 N.
196 2292 229 2341 B.
243 2291 277 2340 A.
293 2297 353 2344 259.
369 2299 410 2345 39.
424 2294 491 2356 dipl.
505 2298 573 2342 oszt
588 2296 665 2343 3914.
685 2291 785 2340 Kozli:
806 2292 923 2342 Kovtcs.
937 2291 970 2340 N.

555 2487 716 2497 ——..—-

610 2691 661 2754 36.

86 2847 169 2912 1347.
185 2849 382 2933 Καεεα,]“ιιη.
408 2852 460 2916 20.
487 2851 605 2914 Mittis
630 2849 733 2916 laedor
757 2848 838 2916 dltul
862 2859 969 2914 turtott
994 2848 1201 2937 kilzppn'llescnn
1270 2855 1277 2872 '

84 2954 171 3020 Suros
186 2963 353 3043 vormepye
368 2959 548 3045 alispdojoi
561 2961 592 3022 es
611 2959 802 3044 szolqabn'raii
826 2957 1026 3044 bizonya'tjdlc,
1050 2959 1129 3042 hopy
1149 2959 1202 3020 Ze-

85 3063 169 3149 benye
190 3075 270 3130 caecil
296 3068 395 3134 Soros
420 3070 599 3154 vdrmcpyen'
632 3068 733 3132 birtolc
758 3068 870 3133 Simon
895 3069 926 3129 es
950 3065 1052 3131 lenos
1068 3065 1199 3145 fioioak

449 3177 701 3263 crottanlnjdonet
717 3178 828 3264 lce‘pczn‘.

182 3338 389 3405 ..Lodovico
405 3389 412 3404 .
428 3389 435 3406 .
452 3341 522 3424 regi
532 3339 705 3424 Hungario
721 3387 747 3404 ..
764 3337 920 3404 Nicolaus
937 3387 944 3402 .
962 3390 968 3402 .
985 3337 1150 3421 palatinus
1167 3345 1200 3402 ot

88 3442 172 3508 index
195 3467 402 3514 comanorum
419 3499 426 3513 .
443 3499 450 3513 .
466 3449 591 3514 noverit
614 3455 722 3513 nestra
747 3445 902 3512 celsitudo
919 3495 949 3510 ..
977 3445 1062 3529 quod
1088 3445 1121 3508 in
1146 3467 1202 3508 no·

89 3558 147 3615 stra
175 3557 424 3638 congregacione
451 3557 604 3640 generali,
629 3555 833 3622 universitati
864 3553 1020 3619 nobilium
1045 3553 1084 3618 de
1101 3553 1203 3618 Sanus

89 3659 163 3724 etde
178 3661 304 3746 Wyuar
320 3665 531 3730 comitatuum
556 3665 638 3730 feria
656 3663 798 3729 secunda
823 3664 968 3747 proximo
984 3667 1058 3726 ante
1085 3659 1203 3725 festum

89 3769 252 3836 nativitatis
267 3771 356 3838 beati
371 3773 397 3838 J
398 3774 534 3839 ohannis
550 3773 700 3857 Baptista
725 3793 825 3856 prope
850 3771 1013 3836 civitatem
1039 3767 1140 3834 Cassa
1157 3789 1205 3833 ce-

89 3872 206 3960 lebrata
221 3878 409 3946 Demetrius
426 3886 459 3945 et
475 3879 648 3946 Lodislaus
664 3878 724 3944 filii
738 3878 886 3955 Simonis,
904 3873 1063 3959 Georgius
1074 3875 1205 3941 etBeke

90 3979 137 4046 filii
151 3984 310 4053 Jolnanuis
326 3988 480 4054 demedio
497 3989 634 4053 aliorum
650 3987 806 4052 nobilium
823 4038 829 4052 .
847 4037 852 4050 .
870 3983 1078 4068 exsurgendo,
1093 3983 1205 4048 literas

91 4094 254 4160 screnitatis
271 4101 377 4161 vestre
401 4096 623 4179 inquisitorias
648 4094 741 4160 nobis
766 4095 1002 4177 presentarunt,
1018 4092 1052 4156 in
1069 4113 1206 4174 quarum

91 4203 240 4269 lenonibus
256 4204 434 4287 reperimus
450 4203 615 4282 contineri,
635 4203 721 4268 utin
737 4222 875 4285 persona
891 4200 1050 4265 dictorum
1066 4199 1205 4264 filiorum

92 4306 216 4376 Simonis
232 4319 266 4378 et
281 4312 424 4378 filiorum
439 4312 465 4376 J
466 4311 601 4378 ohannis
617 4316 723 4375 vestre
740 4309 905 4374 maiestati
921 4309 1093 4372 recitatum
1109 4308 1206 4374 exsti-

91 4417 170 4483 tisset
184 4441 219 4485 ao
234 4421 339 4499 modo,
356 4421 442 4505 quod
454 4420 612 4504 possessio
623 4417 772 4502 Zebenye
789 4422 909 4492 vocata,
925 4417 960 4480 in
970 4417 1039 4499 ipso
1050 4417 1206 4480 comitatu

92 4523 123 4587 le
145 4525 239 4594 Saros
265 4528 423 4607 existens,
447 4529 590 4610 ipsorum
615 4531 701 4591 esset
735 4529 767 4590 ot
791 4523 833 4588 ad
858 4524 944 4607 ipsos
969 4544 1008 4586 ex
1033 4523 1207 4589 collacione

93 4629 195 4699 domini
210 4637 290 4701 Bele
307 4638 393 4720 rogis
409 4635 491 4700 boue
507 4634 659 4699 memorie
684 4632 898 4717 progenitoris
917 4631 1016 4696 nestri
1032 4632 1118 4695 omni
1135 4631 1204 4694 iure
