3188 5470
574 487 668 556 leto.
685 510 754 555 aas.
775 489 824 555 20.
1206 487 1267 552 351

248 670 379 738 Paphon,
393 671 519 722 zdrlatdn
531 673 623 738 pecset
636 672 796 736 nyomaival
809 689 814 734 3
834 671 965 735 eredetije
989 687 1020 722 az
1046 685 1115 722 orsu.
1127 671 1158 722 lt.
1170 671 1269 720 kinost.

144 771 207 814 orat.
221 765 254 814 N.
268 766 302 814 R.
315 765 348 814 A.
366 768 441 813 1537.
455 766 498 813 35.
512 763 579 826 dipl.
593 767 660 812 oszt.
680 767 758 812 4106.
779 761 878 810 szli:
899 762 1006 811 Kovtos
1020 761 1053 810 N.

622 964 648 970 -..
655 962 783 970 Μ..

665 1146 738 1206 203.

143 1324 235 1386 1350.
243 1324 316 1408 jan.
335 1325 386 1386 20.
403 1319 434 1386 A
453 1321 570 1386 adradi
585 1321 741 1406 kdptoloa
767 1320 838 1384 eldtt
864 1319 956 1382 Peter
973 1319 1073 1382 budai
1087 1319 1199 1384 benur
1211 1319 1269 1382 ta-

141 1431 251 1510 uoaok,
269 1431 365 1517 Napy
382 1431 465 1494 Bene
481 1430 683 1516 napyodradi
695 1428 810 1514 polpdr
817 1427 880 1509 fio,
901 1451 969 1491 eaeo
984 1431 1071 1513 otpja
1088 1433 1151 1513 cipp
1167 1427 1270 1492 ιῙάποε]

139 1541 169 1600 e's
186 1538 329 1602 Beaodek
345 1539 485 1602 testverea'
499 1538 631 1602 neodhere
645 1540 685 1616 ie,
705 1536 895 1600 Debreczeui
913 1535 1075 1614 Paterculo,
1101 1535 1135 1598 ki
1151 1559 1171 1598 a
1185 1557 1270 1596 *aore-

138 1656 194 1710 zett
211 1647 295 1710 Bene
313 1646 437 1732 leduydt
453 1647 533 1710 nour
546 1646 641 1726 birlo,
657 1669 694 1709 aa
711 1645 788 1709 ezzel
803 1645 890 1708 adott
915 1646 1098 1730 bozoma'nyt
1113 1643 1189 1706 brblc
1207 1642 1269 1705 blo·-

577 1754 690 1819 rotula
705 1754 825 1838 dlodja.

247 1951 317 2018 Nos
342 1952 520 2036 capitulum
546 1953 678 2017 ecclesie
703 1951 930 2016 Waradiensis
956 1947 1221 2032 ..significamus
1239 1997 1269 2010 ..

139 2060 226 2142 quod
252 2060 476 2125 accedentibus
503 2060 544 2125 ad
569 2067 712 2125 nostram
737 2060 938 2143 presenciam
964 2107 994 2120 ..
1021 2057 1120 2121 Petro
1138 2061 1269 2120 cantore

138 2166 281 2232 Budensi
307 2167 374 2233 filio
398 2168 488 2234 Bene
513 2169 621 2252 magni
647 2169 724 2232 civis
749 2168 889 2233 civitatis
914 2172 1025 2231 nostre
1044 2163 1269 2228 Waradiensis

136 2295 208 2339 oum
226 2275 332 2341 literis
348 2277 579 2360 procuratoriis
595 2277 713 2340 nostris
723 2297 782 2358 pro
792 2297 825 2340 se
836 2273 1048 2358 personaliter
1060 2278 1093 2336 et
1102 2293 1160 2354 pro
1177 2279 1270 2354 patre

135 2405 192 2448 suo
208 2383 276 2448 iam
301 2385 456 2467 predicto,
478 2405 601 2449 necnon
617 2405 676 2466 pro
692 2383 717 2449 J
718 2383 844 2448 ohanne
870 2391 902 2446 et
917 2381 1095 2447 Benedioto
1114 2379 1269 2443 fratribus

137 2491 204 2555 suis
221 2491 264 2555 ab
281 2513 347 2556 una
362 2499 464 2576 parte,
489 2514 528 2556 ex
553 2492 657 2557 altera
680 2513 755 2556 vero
780 2492 880 2556 Petro
905 2490 990 2554 dioto
1015 2488 1054 2552 de
1078 2486 1269 2552 Debreehen

138 2619 257 2681 sponso
275 2600 428 2682 eiusdem,
444 2599 622 2664 confessum
639 2601 763 2664 exstitit
778 2621 836 2682 per
852 2598 986 2663 eundem
1003 2595 1193 2678 magistrum
1209 2593 1269 2658 Pe-

133 2713 220 2770 trum
238 2759 245 2772 .
263 2756 270 2770 .
288 2708 374 2791 quod
390 2707 496 2772 omnia
512 2708 596 2772 bona
607 2707 727 2772 tradita
738 2729 811 2772 cum
822 2706 953 2771 domina
969 2724 1077 2769 sorore
1094 2725 1152 2767 sua
1165 2707 1268 2784 nupta

43 2841 46 2847 ·
134 2814 238 2880 eidem
254 2816 354 2880 Petro
370 2816 455 2880 dicto
480 2816 520 2880 de
545 2815 745 2894 Debreehen,
771 2816 839 2899 ipse
865 2836 923 2898 pro
949 2835 991 2892 se,
1017 2820 1050 2877 et
1075 2812 1267 2876 auctoritate
1328 2875 1333 2882 ,

133 2925 358 3004 procuratoris
382 2925 449 2989 vice
475 2930 507 2988 et
531 2924 659 2988 nomine
684 2924 788 3008 patris
814 2924 863 2987 sui
889 2921 1042 3006 prelibati
1067 2942 1105 2984 ao
1131 2919 1268 2983 fratrum

134 3052 267 3096 suorum
284 3032 511 3115 predictorum,
528 3032 631 3096 eidem
649 3032 748 3095 Petro
774 3031 813 3095 de
828 3031 1019 3096 Debreehen
1045 3033 1268 3110 perpetuasset

132 3145 164 3201 et
188 3140 395 3221 perpetuavit
420 3160 528 3204 coram
553 3139 654 3216 nobis,
680 3145 712 3202 et
737 3139 868 3220 insuper
894 3135 1057 3218 quandam
1083 3136 1209 3199 vineam
1233 3135 1267 3198 in

131 3247 298 3312 territorio
332 3245 541 3311 Waradiensi
567 3246 722 3328 habitam,
748 3245 997 3310 Potkan-Jaoab
1022 3243 1151 3324 dictam,
1177 3244 1267 3306 iuxta

131 3354 292 3437 capellam
308 3355 402 3420 beate
421 3355 554 3438 virginis
571 3355 769 3434 existentem,
786 3361 818 3418 et
834 3355 965 3438 insuper
980 3359 1125 3418 octavam
1141 3357 1266 3434 partem

130 3469 347 3545 proventuum
362 3465 462 3528 trium
478 3471 622 3528 rotarum
639 3463 904 3544 molendinorum,
920 3463 1023 3526 eidem
1034 3461 1132 3526 Petro
1149 3480 1266 3542 sponso

130 3571 277 3654 ipsorum
295 3579 327 3636 et
343 3593 401 3655 per
417 3593 489 3636 eum
515 3573 581 3636 suis
607 3571 801 3636 heredibus.
819 3621 826 3634 .
843 3572 994 3636 donasset
1019 3575 1052 3634 et
1078 3569 1266 3634 contulisset

128 3680 202 3742 iure
212 3685 385 3764 perpetuo.
404 3730 410 3742 .
426 3678 634 3763 possidendas
646 3731 652 3744 .
664 3731 670 3743 .
681 3679 804 3744 Datum
814 3681 847 3744 in
857 3679 937 3744 festo
947 3678 1115 3742 beatorum
1126 3675 1265 3740 Fabiani

129 3795 163 3850 et
173 3785 360 3852 Sebastiani
371 3788 550 3869 martirum,
560 3807 644 3852 anno
655 3787 775 3851 domini
785 3789 836 3886 by
861 3785 1264 3866 OOquuinquagesimo.

240 3967 394 4031 Hdtlapjatn
407 3969 498 4030 pecstt
521 3967 723 4034 teredekeivel;
743 3968 873 4031 credetije
896 3983 928 4016 az
952 3981 1021 4016 orsz.
1035 3967 1067 4014 lt.
1082 3966 1180 4014 kincat.
1195 3971 1263 4015 oszt.

127 4059 207 4108 Mon.
220 4057 321 4106 Poson.
337 4062 378 4106 el.
395 4063 435 4106 1e.
449 4059 515 4121 dipl.
530 4065 596 4108 oszt.
611 4065 689 4108 4107.
709 4059 809 4108 Ktzli:
829 4059 937 4108 Kovbcs
952 4059 986 4105 N.

618 4343 776 4350 ——..——..
