3188 5470
319 479 382 540 346
670 495 858 540 nurounosr
875 481 1090 539 onulurrln.

318 657 502 722 earumdem
519 657 688 722 literarum
706 656 863 740 regalium
891 656 1016 720 eosdem
1042 655 1125 721 filios
1140 655 1311 721 Benedicti
1328 655 1452 720 contin·

318 771 445 850 gentem
461 764 686 850 potencialiter
696 770 907 849 occupassent
924 769 957 828 et
974 763 1185 830 retinuissent
1199 764 1375 848 bucusque,
1391 784 1452 848 pro

319 895 384 956 qua
408 875 557 958 potencia
581 895 645 938 non
670 873 831 938 immerito
863 874 931 937 iure
957 873 1049 956 regni
1074 873 1223 956 exigente
1247 872 1317 956 ipse
1343 878 1376 936 et
1400 874 1452 938 sui

320 1005 519 1048 successores
530 983 710 1066 potuissent
721 982 886 1047 sentencia
904 983 1037 1064 capitali
1046 981 1226 1064 aggravari,
1237 987 1269 1046 et
1278 987 1453 1065 eapropter

317 1091 414 1156 iidem
424 1090 482 1155 filii
492 1091 640 1174 magistri
650 1089 818 1156 Benedicti
831 1089 1087 1154 misericordiam
1103 1090 1242 1155 vindicte
1251 1090 1453 1174 preferentes

318 1208 350 1264 et
366 1222 473 1268 secum
490 1200 632 1282 graciose
649 1205 791 1281 agentes,
811 1200 917 1282 ipsum
934 1219 954 1262 a
969 1198 1056 1262 diota
1081 1200 1244 1263 sentencia
1270 1199 1402 1282 capitali
1418 1207 1453 1264 et

318 1307 465 1390 omnibus
489 1307 594 1372 causis
625 1309 765 1391 negociis
792 1314 824 1372 ct
848 1307 952 1385 sactis,
987 1313 1085 1390 atque
1120 1307 1247 1372 iudiciis
1272 1308 1305 1372 in
1332 1307 1453 1392 quibus

318 1424 450 1499 propter
466 1415 623 1499 premissa
639 1423 751 1480 contra
767 1416 853 1498 ipsos
868 1415 1036 1499 hucusque
1052 1414 1135 1480 foret
1158 1417 1330 1498 convictus,
1345 1417 1454 1481 reddi·

319 1525 441 1588 dissent
456 1523 639 1606 expeditum
659 1530 692 1586 et
711 1523 812 1588 eciam
839 1544 912 1587 suos
938 1543 1144 1602 successores,
1160 1531 1294 1608 propter
1320 1525 1455 1590 restitu-

319 1634 441 1698 cionem
458 1683 464 1696 .
481 1682 487 1696 .
505 1633 714 1716 possessionis
724 1631 829 1715 Zylua
840 1638 1022 1715 prenotate3
1038 1635 1170 1716 insuper
1181 1639 1290 1696 tamen
1306 1633 1453 1699 volentes

319 1742 628 1809 contradiccionibus
653 1743 807 1825 predictis
832 1745 865 1807 in
891 1743 1012 1807 eisdem
1037 1743 1140 1808 literis
1165 1743 1264 1825 regiis
1290 1745 1454 1827 expressis

319 1851 506 1916 satisfacere
523 1857 554 1914 et
574 1871 697 1934 parere,
713 1871 772 1933 pro
788 1849 983 1915 liberacione
999 1852 1101 1934 ipsius
1119 1851 1328 1935 possessionis
1344 1851 1456 1936 Zylua

319 1959 415 2024 iidem
431 1957 577 2041 magistri
595 1958 713 2022 Petrus
724 1964 756 2021 et
767 1958 875 2022 Merse
891 1958 949 2022 lilii
965 1959 1134 2024 Benedicti
1152 1958 1306 2026 ducentas
1322 1982 1455 2026 marcas

319 2067 379 2132 sibi
394 2067 544 2132 videlicet
568 2066 704 2131 Nicolao
729 2065 795 2130 filio
820 2067 981 2131 Johannis
1007 2066 1100 2149 plene
1115 2073 1148 2131 et
1164 2067 1287 2148 absque
1312 2069 1456 2134 diminu-

319 2177 408 2240 eione
419 2173 694 2257 persolvissent‚et
704 2173 896 2240 liberassent
906 2174 1040 2239 candem
1050 2175 1283 2258 possessionem
1293 2181 1456 2259 perpetuo

322 2281 596 2366 possidendam..
622 2281 746 2346 Datum
772 2281 908 2348 sabbato
933 2283 1078 2365 proximo
1103 2288 1179 2347 ante
1204 2282 1322 2348 festum
1347 2285 1456 2350 sancti

321 2391 443 2456 'Phorne
460 2389 606 2474 apostoli,
624 2410 709 2453 anno
725 2389 845 2453 domini
863 2389 914 2454 Μ0
939 2387 1059 2457 0001110
1075 2389 1180 2455 XLm⁰
1196 2412 1289 2455 nono.

430 2553 470 2601 ΑΖ
485 2553 543 2616 egri
557 2553 747 2614 kapnalannak
761 2559 837 2603 1350.
842 2553 900 2616 jan.
908 2558 931 2601 6.
944 2553 1004 2602 kelt
1014 2553 1171 2616 ttiratabbl‚
1182 2555 1376 2617 melyetismet
1389 2557 1458 2620 meg

322 2658 487 2706 ugyauazon
501 2643 544 2691 dvi
555 2641 657 2705 januar
673 2642 754 2692 lbatn
774 2642 955 2706 privilegialis
975 2643 1097 2692 alakban
1114 2643 1216 2694 Miklos
1236 2643 1324 2694 ntdor
1336 2643 1359 2694 is
1372 2646 1457 2708 arira,

321 2735 410 2783 ennek
432 2733 562 2797 eredetije
585 2747 702 2797 megvan
725 2749 757 2783 az
776 2747 845 2782 orsz.
858 2735 890 2782 lt.
904 2733 1003 2782 kinost.
1027 2737 1094 2782 oszt.
1108 2734 1142 2783 N.
1156 2735 1189 2784 a.
1203 2734 1236 2784 A.
1251 2738 1311 2786 688.
1327 2740 1369 2785 55.
1383 2735 1456 2800 dipl.

320 2829 388 2872 oszt.
403 2827 480 2873 4102.
501 2823 600 2873 Kdzli:
621 2823 730 2872 Kovdcs
743 2825 777 2873 N.

845 3151 918 3210 200.

323 3310 417 3387 1349.
433 3309 495 3371 doc.
512 3311 563 3372 23.
590 3308 620 3372 A
644 3309 781 3371 esctzmai
797 3307 949 3393 kdptalau
978 3309 1047 3373 elb'rt
1074 3312 1186 3374 [sturia
1203 3315 1254 3396 jin
1274 3312 1405 3392 Mikros,
1434 3339 1457 3378 α

322 3414 445 3478 Zrcdna
463 3413 557 3500 folyo'
582 3415 694 3478 niellclt
712 3413 811 3499 fekrb'
828 3413 962 3478 birtohrd
988 3416 1131 3504 biscopes
1147 3419 1318 3504 hatdrjelck
1338 3421 1454 3500 bozou,

413 3522 556 3586 Izdenczi
572 3523 692 3586 Mu'rics
700 3523 816 3605 fiscale
831 3527 1050 3611 aepyucundsy
1065 3527 1228 3592 mdrlca'e‘rt
1246 3527 1359 3610 eladja.

429 3683 617 3766 Capitulum
634 3685 841 3751 Ohasmensis
868 3687 1024 3752 ecclesie.
1042 3737 1047 3752 .
1065 3689 1107 3753 ad
1132 3691 1353 3755 universorum
1371 3693 1457 3756 noti·

322 3794 404 3858 ciam
422 3842 428 3856 .
446 3844 452 3856 .
468 3791 614 3856 volumus
639 3794 814 3875 pervenire,
841 3793 927 3876 quod
942 3793 1099 3861 Nicolaus
1114 3795 1201 3862 filius
1218 3796 1376 3882 Stephani
1392 3799 1455 3865 filii

321 3900 438 3965 Jacobi
455 3899 496 3964 ab
511 3921 577 3964 una
592 3907 694 3983 parte,
709 3899 862 3966 Andreas
887 3903 1028 3986 voyroda
1052 3910 1085 3968 et
1109 3905 1264 3989 predialis
1288 3907 1454 3992 magnifici

321 4010 381 4074 viri
397 4008 547 4092 magistri
564 4007 704 4074 Simonis
720 4008 777 4072 filii
794 4009 947 4076 Mauricii
973 4012 1012 4076 de
1032 4012 1173 4079 Izdench
1189 4015 1257 4080 rice
1273 4021 1306 4080 et
1322 4019 1456 4082 nomine

322 4117 465 4180 eiusdem
489 4117 636 4198 magistri
662 4115 802 4181 Simonis
827 4119 947 4183 domini
973 4121 1022 4183 sui
1040 4119 1081 4184 ab
1097 4121 1210 4200 altera,
1235 4143 1345 4188 coram
1361 4125 1457 4190 nobis

321 4223 534 4307 personaliter
549 4223 727 4304 constituti,
742 4223 827 4288 idem
847 4225 1002 4292 Nicolaus
1018 4227 1104 4292 filius
1115 4227 1272 4313 Stephani
1289 4232 1458 4313 quandam

322 4331 517 4413 particulam
542 4353 633 4396 suam
660 4334 944 4414 possessionariam
968 4337 1148 4418 separando
1174 4341 1208 4402 et
1224 4339 1398 4405 derivando
1416 4341 1458 4406 dc

323 4439 463 4522 quadam
480 4441 679 4522 possessione
689 4461 756 4518 sua,
774 4463 870 4524 quam
886 4443 1034 4509 videlicet
1050 4446 1280 4526 possessionem
1290 4447 1458 4530 quondam

323 4546 426 4612 Belch
442 4553 473 4610 et
494 4545 630 4611 Ohakan
655 4548 818 4614 habebant
843 4558 876 4614 et
900 4551 1114 4634 possidebant,
1131 4573 1169 4616 ex
1194 4560 1334 4637 utraque
1359 4564 1458 4639 parte

324 4652 412 4720 fluvii
428 4653 560 4720 Zredna
585 4654 793 4736 adiacentem,
811 4681 882 4724 cum
909 4658 1055 4727 omnibus
1074 4711 1079 4723 .
1096 4713 1103 4726 .
1120 4661 1350 4747 pertinenciis.
1368 4711 1374 4726 .
1393 4665 1459 4730 sub
