3180 5466
316 582 379 642 560
675 598 854 639 aurounom
871 583 1074 638 onnanrriu.

315 764 364 822 est
383 757 546 822 coufessus
564 805 570 818 .
589 807 594 818 .
620 757 834 838 qnodipseex
846 754 955 836 gracia
975 754 1137 834 quondam
1157 773 1213 834 per
1231 801 1260 814 ..
1284 750 1451 814 Karolum

314 865 390 929 olim
407 913 412 924 .
431 913 436 926 .
462 885 615 945 regem..
640 864 743 928 literis
765 863 830 926 suis
847 859 1103 944 privilegialihus
1125 857 1342 922 mediantibus
1359 857 1394 919 in
1413 877 1449 918 eo

323 973 393 1051 sihi,
404 979 440 1036 ut
450 973 535 1037 idem
547 973 761 1056 possessiones
772 993 846 1036 suas
856 971 1069 1035 hereditarias
1081 968 1284 1050 aquisiticias
1304 966 1449 1030 emticias

314 1088 346 1144 et
362 1083 474 1163 quovis
491 1081 587 1144 titulo
604 1082 646 1144 ad
662 1081 768 1162 ipsum
784 1080 960 1156 devolutas,
978 1079 1089 1142 tamin
1101 1079 1282 1159 vita'quam
1303 1077 1337 1138 in
1347 1083 1451 1139 morte

315 1189 445 1270 legandi
463 1188 603 1253 donandi
621 1190 800 1268 cuicunque
824 1187 921 1251 vellet
945 1187 1082 1250 liberam
1098 1186 1234 1250 haberet
1250 1183 1449 1250 facultatem.

318 1297 404 1380 data,
420 1297 604 1380 porcionem
621 1319 712 1362 suam
728 1299 762 1360 11
779 1297 872 1362 domo
897 1303 930 1360 et
954 1297 1044 1360 ouria
1059 1297 1092 1358 in
1109 1297 1241 1359 civitate
1257 1293 1403 1357 Budensi
1420 1293 1449 1356 in

314 1405 478 1469 vicinitate
495 1405 608 1470 domus
626 1405 748 1469 Thome
765 1404 894 1488 plebani
921 1403 1052 1468 ecclesie
1078 1403 1171 1468 beate
1188 1401 1295 1465 Mario
1313 1400 1449 1482 Magda-

315 1513 387 1577 lene
403 1513 557 1588 habitam,
574 1513 680 1594 ipsum
697 1513 944 1594 contingentem,
956 1533 1028 1576 cum
1039 1509 1186 1575 omnihus
1203 1508 1347 1585 edificiis,
1359 1509 1448 1573 turri.

316 1628 348 1684 et
361 1621 433 1684 aliis
450 1619 622 1684 cuiuslibet
639 1617 722 1703 (igy)
744 1622 809 1683 suis
825 1619 1022 1684 utilitatibus
1032 1619 1072 1682 ad
1083 1619 1186 1699 ipsam
1203 1616 1448 1698 pertinentibus

316 1749 437 1792 necnon
463 1729 570 1792 vineas
596 1749 671 1792 suas
696 1729 729 1790 in
754 1729 918 1792 territorio
947 1727 1089 1790 eiusdem
1116 1726 1254 1789 civitatis
1289 1725 1448 1788 Budensis

315 1837 495 1900 existentes,
513 1836 638 1900 nlaaie
664 1834 730 1898 lilio
757 1834 915 1917 Stephani
942 1835 1052 1899 fratris
1079 1835 1129 1898 sui
1147 1834 1275 1911 uterini,
1293 1831 1447 1896 Ladislao

316 1943 381 2008 lilio
398 1943 546 2022 Simonis,
564 1943 739 2008 Francisco
756 1943 821 2008 lilio
839 1943 1001 2007 Johannis
1027 1943 1084 2006 filii
1106 1941 1269 2005 Dominici
1287 1939 1446 2003 consobri-

315 2053 365 2116 nis
382 2052 447 2116 suis
465 2100 471 2113 .
490 2103 495 2114 .
521 2052 695 2115 donasset.
714 2104 719 2114 .
744 2053 813 2116 iuro
830 2059 984 2135 perpetuo
1002 2103 1008 2116 .
1026 2103 1031 2114 .
1056 2049 1266 2133 possidendas
1284 2101 1290 2114 .
1308 2100 1314 2112 .
1340 2049 1402 2112 imo
1418 2099 1446 2112 ..

318 2159 451 2223 donavit
468 2209 474 2221 .
492 2206 498 2219 .
524 2179 630 2221 coram
649 2158 750 2234 nobis,
767 2159 929 2224 nullumve
948 2158 1123 2222 dominium
1143 2206 1148 2219 .
1166 2209 1172 2222 .
1196 2156 1256 2220 sibi
1274 2155 1316 2219 de
1332 2154 1447 2218 eisdem

316 2265 516 2331 reservando.
541 2265 666 2329 Datum
686 2266 793 2342 Bada,
819 2268 851 2329 in
880 2266 1040 2332 dominica
1065 2265 1193 2346 Latara,
1218 2285 1304 2328 anno
1330 2262 1447 2325 domini

318 2371 492 2437 hlillesimo
508 2370 629 2440 000ιῃο
646 2373 713 2438 L¹¹¹⁰
729 2376 877 2438 secundo.

422 2536 574 2600 Hellapjan
597 2554 613 2586 a
634 2551 707 2602 nagy
730 2536 825 2600 felsegi
844 2537 936 2600 peccet
958 2537 1134 2600 nyomaiva13
1152 2535 1284 2596 credetije
1298 2551 1314 2583 a
1337 2535 1442 2582 12111-

316 2628 459 2674 zcrnnban.

847 2932 919 2994 346.

320 3071 414 3132 1352.
433 3080 527 3134 marl.
546 3071 596 3132 19.
614 3068 644 3134 A
657 3072 857 3156 pdcsodrudl
883 3082 1013 3135 corruent
1038 3073 1109 3136 elota
1133 3073 1223 3136 Vizld
1238 3072 1292 3152 fia
1321 3073 1444 3154 Minuta

317 3186 446 3264 'o'zocpyc
465 3180 602 3242 Karalus
613 3203 759 3265 osszoay,
772 3179 868 3264 Hyrd
878 3188 958 3242 accit
966 3180 1112 3264 folcbad
1124 3183 1342 3244 rnalomrr‘szc'l
1355 3179 1445 3264 Now

469 3289 745 3366 Kclcraenjidnulc
763 3291 948 3354 Pdcaudrcd
961 3291 1141 3360 rairosdbo'l,
1160 3292 1279 3374 alodju.

425 3451 494 3515 Nos
519 3458 694 3523 coamentus
719 3452 905 3516 monasterii
931 3453 1154 3516 Waradiensis
1187 3453 1341 3516 memorie
1368 3473 1445 3514 com·

317 3558 504 3622 mandamns
522 3610 527 3620 .
545 3609 550 3621 .
577 3558 662 3640 quod
680 3559 809 3622 domina
826 3560 939 3622 relicta
967 3559 1136 3624 Michaelis
1153 3559 1209 3622 filii
1226 3558 1365 3643 Wyzlou
1383 3557 1445 3621 Ka-

316 3665 445 3728 therina
462 3672 582 3742 vocata,
609 3665 676 3728 filia
696 3666 844 3730 videlicet
867 3665 1020 3730 Mauricii
1037 3667 1146 3749 magni
1172 3673 1204 3730 et
1223 3667 1330 3749 neptis
1348 3665 1444 3729 Bene·

317 3772 395 3835 dicti
413 3775 556 3854 germani
576 3771 756 3836 Karachini
783 3774 821 3836 de
847 3773 941 3858 Hyrd
968 3773 1008 3838 ab
1034 3796 1099 3838 nna
1116 3783 1216 3856 parte,
1234 3775 1311 3838 item
1326 3771 1444 3853 Grego-

317 3879 384 3942 rius
410 3878 495 3943 filins
521 3880 679 3943 Kalamon
707 3881 814 3962 magni
841 3881 880 3942 de
906 3881 1033 3944 civitate
1051 3881 1262 3946 Waradiensi
1290 3881 1331 3945 ab
1348 3881 1443 3944 altera

318 4007 425 4049 coram
444 3987 532 4050 nohis
559 3986 773 4068 personaliter
799 3994 1027 4070 comparentes
1054 3988 1165 4052 crudem
1190 3989 1322 4068 domina
1338 3988 1443 4052 relicta

242 4136 248 4145 -
318 4091 490 4158 Michaelis
521 4093 580 4157 filii
597 4093 737 4177 Wyzlou
769 4095 913 4158 confessa
930 4101 978 4158 cst
995 4145 1025 4160 ..
1050 4095 1136 4176 quod
1161 4097 1232 4176 ipsa
1258 4103 1362 4160 totam
1380 4117 1444 4180 por-

317 4201 438 4264 cionem
471 4222 562 4264 snam
578 4203 862 4283 possessionariam
892 4201 1071 4283 predictum
1105 4203 1320 4266 Benedictnm
1337 4205 1369 4266 in
1386 4224 1444 4266 mo·

316 4307 445 4371 lendino
478 4307 613 4390 predicti
653 4307 834 4372 Karachini
866 4330 962 4391 snper
993 4308 1088 4372 fluvio
1122 4309 1162 4373 de
1193 4309 1340 4393 predicta
1373 4311 1444 4374 villa

317 4415 411 4497 Hyrd
437 4414 585 4479 effluente
612 4416 695 4480 inlra
714 4416 932 4480 molendinum
950 4417 1045 4482 Pauli
1071 4416 1127 4481 lilii
1155 4416 1286 4484 Andree
1312 4421 1443 4484 existen·

316 4530 399 4600 tem,
438 4525 690 4604 contingentem,
732 4545 828 4605 quarn
870 4527 969 4588 eciam
1014 4527 1083 4607 ipsa
1119 4526 1159 4589 ab
1191 4527 1263 4590 aliis
1296 4529 1443 4610 proximis

316 4632 382 4694 suis
407 4633 518 4695 ordine
543 4632 713 4697 iudiciario
739 4635 975 4715 reoptinuisset,
993 4635 1115 4697 scilicet
1140 4641 1286 4699 octavam
1314 4643 1443 4717 partam,

318 4739 407 4802 cirins
424 4742 524 4804 acirim
542 4742 678 4804 alteram
694 4740 860 4805 dimidiam
885 4743 1106 4822 septimanam
1132 4741 1191 4807 hoc
1208 4749 1256 4806 est
1273 4751 1441 4826 proventus
