3180 5470
314 507 380 568 430
680 523 857 566 susouuoar
873 509 1076 564 centauris.

315 687 448 746 scuutur
459 679 790 763 pertinere,perpetuc
799 679 1008 764 possidendas
1019 681 1215 756 statuissent,
1226 679 1324 744 salvis
1338 685 1453 741 tamen

315 789 438 854 iuribus
463 789 577 854 ahenis
603 789 852 854 remanentibus.
878 789 1002 853 Datum
1018 791 1053 852 in
1069 788 1150 853 festo
1170 787 1259 852 beati
1275 785 1453 854 Valentini

315 898 468 978 martiris,
484 918 568 962 anno
585 903 765 981 prenotato.

428 1041 856 1105 Zarletanpecsetnyorneiva13
870 1040 1000 1104 credetije
1014 1056 1046 1090 az
1061 1055 1130 1090 orsz.
1141 1041 1172 1089 lt.
1187 1040 1252 1102 dipl.
1269 1047 1337 1090 oszt.
1353 1045 1454 1089 31093.

317 1131 418 1182 Kozli:
435 1131 543 1181 Koraos
556 1131 590 1180 N.

845 1480 918 1541 266.

320 1618 415 1680 1351.
433 1617 632 1702 Bessiqfcbr.
649 1620 701 1684 22.
728 1620 755 1682 Ι.
771 1620 867 1703 Lajcs
891 1619 1000 1704 lca'rdly
1016 1617 1083 1682 teht
1105 1619 1337 1704 cerzapnaqyok
1362 1621 1453 1684 ledre-

424 1726 497 1802 se'rr,
522 1725 631 1790 Verebl
646 1727 749 1791 Jonas
756 1726 871 1808 fiducie
893 1725 1074 1790 Tarudsack
1090 1725 1342 1813 ureykepycbnez.

424 1885 494 1952 Nos
525 1886 728 1952 Lodovicus.
755 1937 761 1950 .
796 1907 876 1950 rex,
903 1935 909 1949 .
944 1885 1186 1968 significamus.
1213 1936 1220 1950 .
1255 1887 1343 1970 quod
1375 1886 1454 1950 licet

318 1995 459 2060 Thomas
475 1994 561 2060 filius
571 1993 596 2060 J
597 1996 733 2060 ohannis
744 1995 783 2059 de
794 1995 902 2064 Vereb
920 1997 953 2060 in
969 1995 1215 2080 proscripcicnis
1226 2001 1304 2060 nota
1318 1996 1451 2073 existat,

317 2109 427 2168 tamen
453 2125 510 2167 nos
530 2102 572 2168 ad
588 2102 744 2167 humilem
769 2104 1042 2187 supplicacionem
1067 2105 1296 2188 magistrorum
1322 2104 1454 2186 Konya

317 2211 522 2295 Wclphardi‚
539 2209 679 2278 Simonis
695 2211 753 2276 lilii
773 2211 926 2276 Mauricii
952 2219 984 2276 et
1001 2211 1163 2278 Johannis
1188 2212 1248 2277 filii
1273 2212 1386 2276 Deseu
1413 2231 1451 2275 ac

318 2320 455 2384 aliorum
464 2319 678 2402 complurium
694 2319 834 2384 militum
851 2325 882 2384 et
900 2319 1056 2384 baronum
1073 2326 1258 2385 nostrorum
1268 2341 1328 2403 pro
1339 2319 1454 2384 eodem

319 2427 444 2492 Thema
468 2427 749 2507 intercedencium,
765 2429 872 2513 ipsum
888 2451 984 2513 super
1000 2429 1147 2495 omnibus
1164 2430 1357 2507 excessibus,
1374 2428 1454 2493 deli·

318 2537 388 2613 ctis,
404 2537 604 2601 nocumentis
630 2543 663 2601 et
688 2536 907 2620 quorumlibet
934 2537 1093 2601 malorum
1120 2537 1292 2620 generibus
1319 2536 1453 2617 quibus·

318 2645 405 2726 piam
421 2665 522 2728 usque
538 2645 580 2709 ad
595 2644 655 2709 hec
670 2651 816 2728 tempora
832 2666 890 2727 per
906 2644 1043 2709 eundem
1054 2644 1155 2709 illatis
1173 2644 1403 2727 quoquomodo
1417 2651 1449 2707 et

320 2753 481 2834 irrogatis,
497 2753 537 2816 de
552 2753 754 2843 plenitudine
771 2759 881 2817 nostre
897 2753 985 2834 regie
997 2755 1170 2836 potestatis
1186 2774 1342 2835 generose
1359 2751 1451 2816 duxi-

318 2881 389 2924 mus
414 2858 651 2938 absolvendum,
668 2861 838 2925 reddentes
857 2859 993 2925 eundem
1009 2881 1106 2944 super
1132 2861 1296 2945 premissis
1322 2859 1454 2944 expedi·

319 2975 388 3034 tum
408 2969 595 3053 pariterque
611 2969 923 3051 absolutumvigore
939 2970 1141 3051 presencium
1157 2969 1333 3036 mediante.
1349 2967 1454 3035 Vobis

319 3083 429 3142 autem
444 3077 599 3161 palatino,
616 3078 714 3142 iudici
731 3079 820 3142 curie
836 3083 953 3156 nostre,
970 3077 1049 3141 item
1065 3076 1235 3144 comitibus
1255 3076 1452 3160 parochiali-

318 3186 377 3250 bus
393 3191 427 3250 et
442 3185 600 3250 iudicibus
616 3185 772 3251 nobilium
789 3185 1007 3269 quorumlibet
1030 3187 1252 3264 comitatuum,
1269 3191 1303 3250 et
1319 3204 1454 3269 genera·
1507 3223 1512 3228 =

319 3294 396 3357 liter
422 3295 544 3358 cunctis
577 3295 735 3361 iudicibus
760 3301 792 3360 et
816 3296 994 3360 iudiciariis
1018 3297 1110 3378 regni
1140 3294 1251 3372 nostri,
1277 3313 1455 3376 eorumque

321 3403 405 3466 vices
431 3404 625 3484 gerentibus,
650 3404 766 3487 quibus
794 3409 960 3488 presentes
986 3403 1205 3482 ostendentur,
1230 3401 1324 3466 firmo
1350 3401 1456 3466 edict)

320 3513 409 3594 regio
425 3514 639 3596 precipientes
655 3512 855 3591 mandamus,
871 3517 1032 3594 quatenus
1056 3513 1161 3595 ipsum
1178 3511 1340 3577 rhomam
1357 3529 1456 3594 super

320 3621 467 3686 omuibus
496 3622 668 3705 premissis,
695 3620 902 3704 quibuspiam
931 3640 1034 3703 usque
1059 3619 1101 3684 ad
1125 3619 1186 3684 hec
1215 3625 1365 3703 tempora
1396 3637 1457 3701 per

320 3727 456 3794 eundem
466 3728 567 3794 illatis
579 3727 805 3812 quoquomodo
819 3734 852 3792 et
867 3728 1028 3810 irrogatis,
1039 3727 1212 3793 molestare
1224 3733 1258 3792 et
1273 3747 1457 3811 aggravare

320 3837 506 3902 nullatenus
530 3838 766 3921 presumatis,
782 3839 847 3902 imo
863 3837 999 3901 eundem
1015 3857 1112 3920 super
1131 3835 1297 3919 premissis
1324 3834 1457 3918 expedi-

321 3949 392 4009 tum
417 3943 573 4025 habeatis,
589 3946 710 4028 regista
734 3945 836 4010 eciam
852 3949 885 4008 et
900 3944 1013 4009 literas
1029 3965 1126 4028 super
1148 3943 1312 4028 premissis
1339 3949 1458 4008 contra

320 4052 427 4136 ipsum
459 4053 602 4119 confecta
627 4061 659 4118 et
684 4059 850 4120 emanatas
875 4059 1049 4136 cassantes,
1074 4052 1258 4136 viribusque
1284 4057 1318 4116 et
1342 4053 1457 4136 vigore

320 4182 431 4226 carere
462 4164 704 4228 committentes.
736 4163 861 4228 Datum
884 4163 987 4244 Euda,
1011 4163 1046 4227 in
1071 4162 1151 4228 festo
1166 4160 1339 4228 Kathedre
1365 4159 1459 4224 beati

320 4269 414 4334 Petri
430 4271 575 4355 apostoli,
591 4293 674 4337 auno
690 4271 811 4337 domini
827 4269 880 4335 M⁰
899 4269 998 4338 000ο
1016 4271 1062 4336 L⁰
1078 4271 1191 4354 primo.

426 4413 580 4480 Hdtlapjan
592 4417 695 4481 gydrlis
707 4415 800 4478 peeset
812 4414 969 4479 nyomavel,
982 4429 999 4463 a
1013 4415 1142 4476 melynek
1154 4412 1279 4476 helydne
1290 4412 1395 4463 szavak
1409 4413 1455 4464 ol-

320 4501 472 4552 vashatdk:
498 4506 625 4556 »Relacio
648 4505 768 4569 episcopi
789 4504 1006 4570 Zegrabiensis«.
1028 4504 1208 4572 Eredetijean
1219 4518 1287 4554 orsu.
1302 4505 1333 4553 lt.
1348 4503 1456 4553 kincst.

320 4597 388 4643 oszt.
401 4592 435 4645 N.
449 4595 483 4644 a.
496 4595 531 4647 A.
544 4601 603 4648 391.
618 4601 659 4648 26.
673 4597 740 4660 dipl.
751 4600 818 4646 oszt.
832 4600 911 4646 4175.
930 4596 1030 4646 Kozli:
1044 4594 1152 4646 Kovaes
1165 4596 1198 4645 N.

805 4758 909 4767 unu-„a-
918 4759 963 4765 ....-
