3226 5462
583 463 681 526 1347.
699 464 771 524 nir.
788 462 840 526 20.
1236 465 1276 526 73

142 639 217 706 festi
234 638 387 706 Omnium
404 638 596 706 Sanctorum
615 639 868 723 advenientibus,
885 641 968 706 idem
985 639 1088 707 frater
1102 640 1277 708 Ladislaus

139 769 201 832 pro
216 747 371 832 predictis
387 797 394 812 .
412 801 417 812 .
435 748 749 814 sanctimonialibus.
761 754 812 816 .et
827 755 1081 834 prememoratus
1093 748 1277 834 Stephanus

139 857 292 922 literatus
303 878 363 941 pro
373 855 534 940 prelibato
544 857 686 941 capitulo
697 855 1277 942 Quinqueecclesionsi..adnostram

140 966 333 1032 accedentes
349 967 557 1050 presenciam,
582 967 667 1031 idem
693 965 794 1032 irater
818 967 992 1032 Ladislaus
1018 973 1209 1052 procurator
1226 989 1277 1034 ea·

141 1075 290 1139 rnmdem
306 1097 347 1139 cx
362 1081 456 1158 parte
481 1075 616 1159 capituli
641 1073 994 1160 Quinqneccclesiensis
1020 1076 1156 1160 predicti
1182 1097 1279 1160 super

141 1183 310 1266 premissis
336 1183 455 1248 eisdem
481 1183 640 1267 religiosis
666 1182 858 1248 dominabus
883 1183 1037 1250 iudicium
1062 1191 1095 1249 et
1119 1183 1279 1250 iusticiam

141 1291 376 1356 instantissime
401 1293 586 1375 postularat
610 1291 778 1376 impertiri.
805 1289 930 1376 Quibus
956 1292 1001 1358 sic
1026 1293 1175 1375 peractis,
1201 1293 1279 1375 quia

141 1409 228 1465 mete
253 1401 474 1484 predictarum
500 1401 736 1485 possessionum
761 1401 947 1467 earumdem
963 1453 970 1466 .
987 1450 994 1466 .
1011 1401 1216 1466 dominarum
1241 1401 1275 1466 in

139 1509 239 1574 dictis
255 1508 360 1574 literis
378 1559 385 1573 .
402 1558 409 1573 .
424 1508 505 1574 Belo
521 1509 607 1592 regis
632 1509 775 1576 seriatim
793 1509 1050 1588 continebantur,
1076 1509 1161 1576 dicto
1177 1509 1278 1574 eciam

140 1622 229 1682 mete
255 1617 290 1681 in
314 1615 434 1682 eisdem
458 1616 564 1682 literis
584 1617 853 1701 'privilegiaiibus
878 1623 1027 1684 contente
1052 1638 1110 1683 noo
1135 1624 1279 1700 tempore

140 1723 284 1807 predicti
300 1724 464 1790 Willermi
480 1725 617 1810 palatini
642 1747 699 1810 per
715 1725 860 1794 homines
885 1727 1027 1792 ciusdem
1042 1726 1206 1794 Willermi
1224 1748 1279 1810 pa·

140 1833 241 1898 latini
257 1856 296 1900 ac
314 1835 500 1900 testimonia
524 1835 743 1920 predictorum
759 1835 985 1902 Waradiensis
1002 1841 1035 1900 et
1051 1834 1279 1902 Saxardiensis

141 1942 355 2008 ecclesiarum
365 1949 587 2024 conventuum,
597 1951 629 2010 et
638 1944 767 2010 demum
782 1945 884 2012 eciam
895 1966 953 2010 nec
964 1945 1066 2010 nostri
1077 1944 1279 2027 palatinatus

141 2051 346 2134 temporibus
362 2073 419 2136 ρει·
435 2053 580 2119 homines
597 2058 723 2118 nostros
749 2073 788 2119 ao
813 2053 996 2119 testimonia
1022 2051 1180 2118 dictorum
1207 2073 1279 2118 con·

145 2163 304 2224 ventuum
329 2159 450 2242 pluries
476 2167 509 2226 et
534 2160 655 2245 plurios
680 2160 912 2228 reambulando
938 2159 1073 2246 reperiri
1101 2158 1279 2244 voluerant,

143 2267 205 2334 sed
221 2289 348 2352 semper
363 2270 480 2336 amisse
496 2277 528 2335 et
544 2269 664 2336 abolito
680 2270 779 2338 fuisse
804 2271 1040 2348 asserebantur,
1066 2270 1150 2335 dicte
1177 2270 1278 2334 eciam

145 2377 309 2458 particule
330 2382 416 2442 terre
434 2377 573 2461 litigiose
593 2399 652 2462 pro
673 2379 786 2462 viginti
797 2385 937 2462 quatuor
953 2378 1070 2444 marcis
1086 2379 1179 2443 iuxta
1189 2377 1281 2460 regni

144 2486 408 2552 consvetudinem
440 2487 588 2553 estimato
620 2489 687 2553 fore
719 2487 980 2573 reperiebantur,
1020 2488 1091 2552 ideo
1122 2487 1280 2552 baronum

146 2593 306 2676 regnique
321 2593 475 2660 nobilium
492 2596 656 2661 nobiscum
667 2602 744 2662 tunc
754 2597 983 2662 adherencinm
1000 2595 1123 2661 inducti
1139 2593 1279 2672 consilio,

142 2702 355 2767 decernentes
378 2705 647 2787 commiseramus,
673 2711 709 2771 ut
732 2704 817 2770 idem
842 2704 945 2770 irater
970 2704 1143 2770 Ladislaus
1169 2723 1281 2787 proou-

143 2815 239 2874 rator
255 2809 440 2876 earumdem
456 2811 667 2890 dominarum,
693 2813 744 2878 vel
769 2836 850 2878 unus
867 2814 951 2880 alter
976 2834 1015 2877 ex
1040 2810 1194 2878 fratribus
1211 2832 1282 2894 pre·

144 2917 225 2983 dicti
241 2918 364 2994 ordinis
374 2918 512 2986 fratrum
521 2921 769 3004 predicatorum,
782 2923 813 2986 in
825 2921 906 2988 facie
917 2921 1102 2987 earumdem
1118 2927 1279 2986 terrarum

144 3025 364 3108 litigiosarum
374 3033 407 3092 et
416 3033 575 3093 metarum
585 3029 618 3093 in
629 3031 786 3111 premissa
796 3029 1280 3096 reambulaoioneconfectarum

146 3133 301 3216 vigesimo
317 3139 433 3217 quarto
450 3157 483 3200 se
499 3137 623 3202 incluso
645 3137 804 3203 nobilibus
829 3138 870 3204 ad
896 3137 1173 3202 confirmacionem
1203 3135 1282 3202 dicti

148 3243 311 3327 privilegii
326 3249 360 3308 et
369 3251 528 3310 metarum
538 3246 572 3312 in
582 3245 694 3312 eodem
709 3253 935 3312 contentarum
945 3246 1001 3312 sed
1011 3246 1076 3310 iarn
1087 3244 1282 3310 abolitarum

148 3357 387 3417 sacramentum
404 3359 549 3436 prestare
559 3361 732 3418 teneretur.
749 3355 872 3422 Verum
883 3361 990 3420 tamen
1001 3355 1078 3437 quia
1088 3354 1172 3418 idem
1183 3353 1283 3418 frater

149 3462 323 3528 Ladislaus
338 3462 441 3546 ipsius
456 3461 679 3528 iuramentalis
695 3463 908 3548 deposicionis
925 3469 1034 3528 nostre
1047 3462 1283 3528 adiudicaoioni

151 3591 187 3636 eo
204 3571 474 3638 contradiocionis
499 3573 657 3638 velamine
682 3573 857 3651 institerat,
890 3579 925 3638 ut
941 3573 1055 3655 regula
1080 3571 1199 3636 ordinis
1226 3592 1283 3654 per

151 3679 336 3763 qnempiam
353 3677 487 3745 fratrem
502 3681 603 3763 ipsius
613 3681 735 3746 ordinis
751 3681 784 3746 in
801 3681 905 3746 causis
922 3679 1182 3764 possessionariis
1198 3680 1283 3744 inra-

152 3787 326 3853 mentalem
341 3787 574 3872 deposicionem
599 3787 737 3854 fiendam
762 3811 826 3856 non
842 3795 1008 3871 annueret,
1033 3811 1092 3872 pro
1117 3810 1154 3853 eo
1179 3789 1283 3872 ipsam

154 3897 400 3962 iuramentalem
415 3897 650 3980 deposicionem
674 3919 733 3982 per
749 3919 782 3963 se
798 3897 848 3964 vel
876 3897 1017 3981 aliquem
1041 3897 1179 3962 fratrum
1204 3897 1284 3962 dicti

154 4003 274 4070 ordinis
301 4004 523 4088 deponendam
547 4006 581 4070 in
607 4006 819 4089 preiudicium
845 4005 955 4089 regule
987 4005 1109 4070 ordinis
1140 4005 1284 4088 ipsorum

155 4121 323 4200 acceptare
338 4133 402 4178 non
420 4113 562 4194 auderet,
579 4114 635 4180 sed
651 4114 692 4180 ad
709 4114 810 4198 ipsius
825 4113 960 4198 capituli
977 4115 1194 4179 iuramentum
1211 4134 1283 4179 con-

156 4221 306 4302 mitteret‚
323 4227 418 4305 prout
432 4221 570 4286 dictaret
585 4221 662 4286 ordo
678 4221 775 4304 iuris;
791 4221 891 4306 igitur
915 4223 1076 4306 perceptis
1100 4221 1283 4286 huiusmodi

155 4328 405 4412 allegaoionibus
414 4331 634 4413 procuratoris
645 4329 847 4396 dominarum
857 4329 1087 4413 predictarum,
1100 4329 1282 4395 iudicantes

156 4435 405 4514 decreveramus,
430 4438 515 4520 quod
539 4437 621 4502 feria
645 4443 737 4502 sexta
767 4437 914 4520 proxima
945 4445 1018 4520 post
1050 4443 1179 4502 octavas
1211 4436 1284 4501 festi

157 4543 279 4610 Pascha
305 4544 426 4609 domini
451 4530 594 4627 proxime
612 4551 688 4610 tnnc
711 4545 886 4622 affuturas,
910 4543 1025 4610 Honor
1048 4544 1087 4608 de
1111 4542 1209 4618 Onor,
1233 4544 1284 4607 vel

158 4651 273 4717 Petrus
304 4652 452 4718 literatus
484 4653 523 4718 de
548 4651 653 4730 Dada,
678 4658 735 4718 aut
758 4651 914 4719 Nicolaus
938 4650 1023 4717 iilius
1048 4649 1220 4718 Larrrencii
1246 4649 1285 4722 dc
