3188 5476
534 549 627 606 1352.
647 565 736 606 enen.
758 551 805 608 15.

623 907 699 967 380.

106 1059 197 1122 1352.
215 1071 291 1145 sept.
310 1063 360 1124 15.
379 1059 408 1124 A
425 1070 543 1148 saepest
573 1065 733 1149 criptulae
761 1067 831 1127 ellitt
852 1066 1007 1128 Palairos
1034 1065 1136 1144 Peter,
1157 1058 1238 1126 Pon-

101 1173 196 1252 pru'cz
204 1167 258 1248 fia
278 1170 433 1234 Iteratio
450 1173 640 1256 intemporale
660 1173 866 1236 Erzse'lretnck
882 1175 973 1238 custod
992 1173 1136 1237 Itnnzlrat
1147 1175 1238 1257 Izse'p

147 1277 288 1362 rrry'r'rtclc,
301 1277 459 1366 elalife‘rjo
470 1284 547 1343 utu'n
557 1282 642 1366 jc'ro'
650 1282 779 1344 lritbrsre't
793 1287 823 1345 e's
834 1283 1048 1366 luczomu'nydt
1064 1281 1192 1366 leindjo.

207 1456 277 1523 Nos
293 1461 473 1542 capitulum
489 1460 621 1526 ecclesie
638 1461 725 1528 besti
735 1461 873 1528 Martini
895 1465 934 1528 de
947 1463 1068 1544 Scepus
1085 1511 1092 1526 .
1110 1511 1117 1524 .
1142 1461 1239 1544 signi·

101 1563 232 1630 ficamus
250 1615 280 1630 ..
305 1567 390 1650 quod
406 1571 561 1651 magister
577 1569 677 1654 Isyph
695 1570 734 1635 de
751 1571 865 1636 Runka
890 1572 930 1636 ab
947 1593 1021 1648 una,
1044 1591 1103 1654 pro
1132 1569 1234 1632 nobili

101 1675 229 1740 domina
246 1677 421 1744 Elizabcth
445 1686 558 1744 vocata
583 1681 694 1746 relicta
721 1681 943 1746 Bar-tholomei
972 1681 1030 1746 filii
1049 1679 1225 1763 Pangracii

100 1805 186 1847 nunc
210 1791 357 1850 consorte
382 1787 482 1869 ipsius
505 1789 653 1870 magistri
678 1787 780 1872 Isyph
798 1838 827 1852 ..
852 1811 890 1852 ac
916 1788 1072 1854 Nicolaus
1096 1787 1135 1851 de
1165 1786 1236 1850 Mo-

101 1891 195 1956 chala
220 1914 279 1976 pro
304 1894 459 1976 magistro
484 1895 584 1960 Petro
609 1895 694 1961 dicto
716 1897 863 1962 Poharos
881 1948 911 1960 ..
937 1903 1029 1980 parte
1055 1896 1096 1960 ab
1123 1895 1238 1964 altera,

101 2021 209 2066 coram
234 2000 326 2066 nobis
351 2003 563 2084 personaliter
588 2003 878 2082 constituti,'idem
903 2006 1058 2087 magister
1086 2003 1236 2086 Isyphn..

101 2108 225 2172 exstitit
256 2107 465 2176 confessus..
500 2111 586 2194 quod
624 2114 702 2194 quic
731 2112 896 2194 predictus
931 2113 1086 2194 magister
1116 2110 1237 2174 Petrus

102 2215 205 2280 dictus
231 2216 377 2282 Poharos
409 2225 562 2284 annotate
594 2219 692 2284 nobili
725 2221 852 2285 domiue
878 2221 989 2285 relicte
1014 2216 1237 2284 Bartholomei

101 2324 190 2406 prius
207 2325 376 2406 nominati,
394 2348 478 2391 nunc
494 2329 633 2392 consorti
660 2329 760 2411 ipsius
785 2329 932 2411 magistri
952 2328 1062 2412 Isypli.
1079 2347 1136 2409 pro
1163 2326 1237 2388 dote

100 2437 134 2495 et
164 2432 260 2497 rebus
286 2433 430 2500 eiusdem
454 2436 713 2520 paralernalibus
744 2438 805 2522 ipsi
832 2437 958 2501 domine
994 2436 1033 2499 de
1064 2435 1236 2519 possessio·

99 2540 196 2604 nibus
227 2542 364 2624 predicti
395 2542 617 2609 Bartholomei
649 2543 920 2627 provenientibus
944 2544 1034 2607 iuxta
1073 2543 1236 2607 eontinen-

99 2647 167 2712 cias
193 2647 362 2713 literarum
392 2652 576 2732 patentium
592 2702 623 2716 ..
658 2649 780 2715 Thome
813 2651 927 2715 iudicis
954 2650 1041 2715 curie
1067 2650 1154 2731 regie
1186 2669 1236 2714 co-

99 2779 169 2820 ram
186 2758 298 2822 eodem
313 2756 418 2821 iudice
443 2759 531 2822 curie
556 2760 642 2841 regie
667 2759 883 2834 satisfecisset,
902 2759 973 2822 ideo
999 2758 1112 2822 eadem
1143 2758 1233 2821 nobi-

102 2865 144 2929 lis
175 2864 307 2930 domina
340 2866 444 2949 ipsum
479 2868 671 2950 magistrum
702 2869 835 2933 Petrum
871 2869 992 2932 dictum
1026 2867 1172 2932 Paharos
1206 2874 1238 2930 et

100 2993 177 3036 suos
193 2972 337 3050 heredes,
354 2975 552 3058 superfacto
569 2975 669 3058 ipsius
686 2974 770 3040 dotis
788 2982 819 3042 et
839 2997 948 3041 rerum
973 2975 1236 3058 parefernalium‚

98 3080 163 3162 ipsi
180 3080 308 3145 domine
324 3088 361 3146 ut
385 3083 587 3166 premittitur
621 3081 661 3146 de
686 3083 939 3167 possessionibus
965 3085 1137 3166 prescripti
1156 3083 1236 3146 Bar·

100 3187 259 3253 tholomei
274 3191 533 3272 proveniensium
549 3191 732 3255 demisisset
747 3193 940 3275 expeditum,
952 3199 984 3256 et
1001 3193 1068 3274 ipse
1084 3191 1238 3272 magister

99 3295 205 3379 Isyph
229 3299 357 3362 nomine
374 3305 407 3362 et
423 3301 455 3363 in
476 3319 612 3383 persona
637 3299 778 3364 eiusdem
805 3299 931 3364 domine
958 3300 1115 3365 consortis
1132 3319 1187 3362 sue
1205 3349 1235 3362 ..

99 3404 224 3469 dimisit
249 3411 280 3469 et
306 3405 447 3472 reddidit
472 3407 636 3492 expeditos
661 3409 852 3490 magistrum
886 3409 1022 3476 Petrum
1048 3414 1080 3471 et
1104 3406 1236 3472 heredes

99 3533 177 3577 suos
204 3513 444 3596 prenominatos
467 3536 575 3580 coram
602 3515 692 3580 nobis
709 3567 739 3581 ..
764 3518 798 3580 in
814 3517 933 3580 octavis
953 3515 1025 3580 festi
1046 3514 1237 3579 Natiuitatis

100 3620 239 3702 virginis
271 3619 416 3704 gloriose,
448 3645 532 3687 anno
564 3623 685 3688 domini
713 3623 787 3687 ΜΗΙΟ
820 3621 940 3689 Odon*
968 3623 1236 3705 quinquagesimo

100 3727 253 3792 secundo.

211 3891 364 3956 llirtlepjatn
378 3892 470 3955 penset
484 3893 686 3958 teredekeive13
702 3893 833 3957 credetije
858 3908 890 3942 az
904 3907 973 3942 orez.
996 3894 1026 3942 lt.
1052 3892 1151 3942 kinest.
1170 3897 1235 3940 oszt.

98 3987 133 4034 N.
151 3987 184 4034 lt.
200 3986 231 4034 Α.
247 3989 288 4034 31.
301 3989 342 4035 22.
353 3985 420 4048 dipl.
435 3991 502 4036 oszt.
517 3991 595 4036 4304.
609 3987 708 4035 K'dzli:
728 3987 836 4036 Koraos
848 3987 883 4036 N.

145 4879 302 4917 caroenum
319 4865 491 4916 ourrlurnin.
508 4880 533 4918 v.
550 4869 645 4914 udrnr.
