3188 5470
706 491 894 536 antonnosr
910 475 1124 535 onnlnrrlc.

886 747 958 806 178.

361 907 456 970 1349.
472 905 685 992 Scrospaalc,
711 928 782 991 cup.
810 905 859 968 15.
887 903 1006 968 Milclds
1030 905 1133 970 nudor
1156 929 1177 969 a
1204 905 1351 991 Zcmplcn
1366 905 1394 966 e's
1412 899 1468 987 Uap

356 1015 543 1101 carmepydlc
558 1013 690 1078 resze'rdl
714 1022 821 1077 torholt
845 1011 1058 1098 lelizpydlcsea,
1076 1013 1188 1078 Lazo
1201 1015 1256 1096 fia
1282 1011 1373 1076 Pasa
1394 1010 1470 1096 cpyilc

356 1123 472 1190 dodras¹
489 1121 646 1209 jobddpya
671 1122 702 1184 c's
728 1120 918 1207 Zerdohelpc'
943 1121 1049 1186 Bolcac
1065 1107 1123 1205 fio¹
1143 1121 1260 1186 Miletos
1274 1125 1329 1205 fla
1349 1120 1469 1203 lct‘ztcpp

361 1229 390 1294 lo
405 1230 522 1296 clvitele
539 1231 631 1294 miutt
646 1253 683 1295 oz
699 1228 868 1294 archanas
885 1229 974 1295 eahae
999 1229 1120 1310 arctata,
1145 1253 1167 1294 o
1192 1229 1294 1294 calor
1319 1227 1470 1314 ltdpldajui

486 1337 631 1424 jclcatik,
648 1339 728 1423 hopy
744 1361 776 1401 ez
791 1361 829 1401 az
846 1338 933 1402 calciat
948 1339 1239 1425 barmadmopdvol
1253 1340 1358 1404 letette.

466 1499 499 1566 N
500 1521 534 1566 os
550 1500 706 1567 Nicolaus
724 1549 729 1564 .
747 1549 754 1564 .
771 1501 936 1596 palatinus
953 1507 985 1565 et
1001 1501 1097 1565 iudex
1113 1521 1321 1566 comanorum
1336 1498 1470 1564 memorie

359 1610 626 1686 commendamus,
643 1609 727 1690 quod
745 1609 778 1673 in
795 1604 1047 1692 congregacione
1073 1616 1185 1675 nostra
1201 1610 1344 1692 generali
1361 1608 1468 1672 univer·

358 1721 447 1786 sitati
463 1718 618 1784 nobilium
635 1718 674 1784 de
700 1719 833 1784 Zemlen
858 1724 892 1782 ct
917 1719 957 1782 de
982 1719 1082 1802 Vngh
1099 1721 1318 1796 comitatuum,
1343 1717 1420 1782 feria
1433 1736 1471 1779 se·

361 1829 467 1894 ciinda
482 1827 629 1910 proxima
640 1831 714 1891 ante
724 1825 841 1891 festum
851 1825 1076 1892 Assumcionis
1092 1828 1227 1911 virginis
1239 1828 1376 1911 gloriose
1386 1841 1469 1908 prope

337 1985 342 1999 .
359 1939 522 2004 civitatem
538 1933 646 2010 Patale
663 1933 834 2015 celebrata,
860 1933 1003 2000 Michael
1020 1935 1106 2000 filius
1121 1935 1219 2002 Pauli
1235 1935 1381 2018 iobbagio
1396 1932 1471 1999 Petri

358 2049 415 2113 filii
433 2045 580 2115 Ladislai
596 2045 629 2108 in
645 2042 759 2108 Dobra
775 2065 983 2122 commorans,
1000 2044 1039 2108 de
1055 2045 1159 2110 medio
1185 2043 1323 2110 aliorum
1339 2061 1471 2126 persona-

311 2142 324 2170 *
358 2157 433 2220 liter
450 2153 659 2236 exsurgendo,
670 2160 882 2236 proposuerat
898 2175 934 2220 eo
944 2155 1047 2234 mod0,
1058 2155 1143 2236 quod
1160 2154 1314 2220 Nicotaus
1330 2151 1411 2218 filius
1425 2149 1473 2224 Ni,

359 2263 440 2330 colai
456 2263 515 2328 filii
531 2263 624 2328 Bana
634 2263 673 2327 de
684 2261 874 2344 Zeredahel,
891 2283 948 2347 per
958 2262 983 2328 J
984 2264 1142 2329 ohannem
1160 2261 1281 2328 dictum
1291 2261 1372 2326 Knn
1386 2261 1472 2325 lamii·

360 2373 429 2437 lum
455 2393 548 2436 suum
573 2369 654 2434 feria
680 2375 799 2450 quarta
829 2371 977 2459 proxima
1002 2377 1073 2453 post
1098 2370 1216 2436 festum
1240 2369 1328 2436 beati
1355 2365 1472 2450 Georgii

360 2480 513 2557 martiris,
539 2479 628 2542 cuius
654 2486 746 2543 sexta
777 2479 976 2561 preteriisset
1008 2479 1168 2544 revolucio
1200 2477 1357 2555 annualis,
1388 2495 1472 2540 unum

360 2609 479 2670 equum
505 2609 598 2653 suum
624 2588 759 2652 terciam
784 2587 950 2652 dimidiam
975 2609 1118 2654 marcam
1150 2589 1308 2654 valentem
1340 2586 1472 2658 subtrahi

359 2698 505 2777 lecisset,
529 2716 593 2778 qno
610 2696 720 2789 audito
736 2695 903 2761 Fabianus
929 2697 1068 2762 serviens
1094 2697 1171 2762 dicti
1197 2696 1327 2763 Nicolai
1353 2695 1409 2761 filii
1422 2692 1472 2759 Ni·

360 2806 441 2871 colai
457 2825 515 2888 pro
532 2803 642 2868 codem
659 2802 787 2868 domino
804 2825 861 2868 sno
878 2855 884 2868 .
902 2853 908 2866 .
926 2805 1136 2888 exsurgendo,
1152 2803 1289 2870 cundem
1315 2802 1471 2869 Nicolaum

360 2913 524 2978 dominum
556 2933 649 2976 suum
679 2912 713 2974 in
743 2911 900 2994 premissa
924 2913 1053 2976 accione
1083 2912 1201 2995 prefati
1232 2909 1402 2976 Michaelis
1423 2909 1473 2974 filii

360 3019 458 3086 Pauli
473 3021 676 3083 innocentem
694 3068 699 3081 .
717 3069 723 3083 .
740 3019 806 3084 lore
817 3019 983 3104 allegaret.
1008 3021 1055 3085 Et
1071 3021 1149 3100 quia
1166 3019 1330 3102 predictus
1345 3015 1470 3082 Michacl

359 3128 445 3193 filius
470 3125 567 3192 Pauli
592 3126 754 3190 accionem
779 3147 870 3191 suam
896 3127 1118 3210 supradictam
1142 3148 1201 3192 nec
1225 3127 1330 3192 literis
1354 3126 1473 3206 inquisi-

359 3237 450 3301 toriis
467 3233 662 3312 declarabat
678 3255 737 3299 noc
752 3234 894 3302 humano
918 3236 1100 3301 testimonio
1126 3235 1335 3318 comprobare
1360 3255 1467 3299 assum·

360 3343 477 3424 mebat,
493 3343 564 3408 ideo
581 3363 718 3408 unacum
738 3343 897 3409 iudicibus
913 3344 1068 3410 nobilium
1079 3345 1259 3428 inratisque
1275 3341 1471 3409 assessoribus

361 3453 522 3517 dictorum
537 3451 748 3516 comitatuum
773 3451 995 3518 adiudicantes
1020 3453 1292 3531 commiseramus,
1319 3450 1399 3534 quod
1413 3471 1471 3534 pre-

361 3559 466 3626 dictus
490 3557 645 3624 Nicolaus
671 3558 757 3624 filins
782 3557 909 3624 Nicolai
935 3561 1035 3624 tercio
1060 3581 1093 3624 se
1118 3559 1280 3626 nobilibus
1307 3581 1339 3625 se
1366 3557 1470 3624 incluso

361 3667 620 3750 supe1·eo,quod
647 3669 680 3732 in
704 3669 860 3750 premissa
884 3669 1014 3734 accione
1039 3669 1116 3734 dicti
1141 3667 1315 3734 Michaelis
1340 3671 1470 3732 innocens

361 3778 513 3844 existeret
529 3826 535 3840 .
553 3827 559 3841 .
576 3777 689 3858 quinto
705 3777 756 3841 die
782 3779 1041 3861 congregacionis
1066 3785 1174 3842 nostre
1191 3777 1344 3861 predicte,
1368 3775 1470 3842 scilicet

362 3885 442 3950 feria
458 3890 557 3967 serta,
582 3905 689 3950 coram
707 3885 825 3949 nostris
841 3885 1017 3967 capellanis
1043 3885 1084 3950 ad
1110 3885 1170 3951 hoc
1194 3883 1358 3970 deputatis
1382 3903 1469 3950 sacra-

362 3999 506 4058 mentum
522 3997 669 4074 prestare
685 3996 859 4055 teneretur.
880 3991 1025 4056 Tandem
1041 3992 1110 4074 ipso
1127 3991 1264 4056 termino
1280 3989 1470 4076 deposicionis

362 4099 440 4166 dicti
457 4099 631 4164 iuramenti
647 4103 842 4174 occurrente,
868 4105 1122 4181 prememoratus
1147 4097 1302 4164 Nicolaus
1331 4099 1411 4166 filius
1424 4095 1470 4162 Ni·

363 4207 445 4273 colai
462 4207 655 4290 premissum
678 4225 772 4269 suum
789 4205 1005 4272 iuramentum
1023 4228 1095 4271 cum
1112 4207 1177 4272 suis
1194 4205 1470 4290 condeposiloribus

363 4317 440 4383 dicti
457 4315 639 4392 iuramenti,
655 4334 763 4378 coram
780 4312 879 4380 dictis
891 4315 1067 4398 capellanis
1087 4317 1213 4394 nostris,
1239 4323 1335 4399 prout
1349 4337 1402 4401 per
1417 4335 1471 4379 cos·

363 4424 436 4489 dem
453 4421 635 4506 capellanos
651 4427 777 4487 nostros
794 4423 836 4488 ad
852 4423 913 4488 hoc
928 4424 1099 4507 deputatos
1118 4446 1228 4490 sumus
1246 4423 1414 4502 informati,
1428 4421 1471 4486 de·

362 4533 471 4616 posuit
496 4537 533 4596 ut
557 4528 702 4610 debebat,
733 4530 820 4596 unde
852 4533 989 4598 eundem
1024 4531 1196 4599 Nicolaum
1228 4531 1332 4598 filium
1361 4527 1474 4600 Nicolai

363 4659 458 4724 super
475 4639 638 4724 premissis
654 4637 854 4706 reddidimus
880 4640 1065 4728 expeditum
1083 4647 1192 4706 tenore
1208 4642 1407 4728 presencium
1422 4657 1474 4704 mo·
