3188 5476
559 553 653 614 1352.
671 567 746 612 ocr.
765 555 793 616 6.
1180 552 1245 613 615

113 727 172 794 hili
188 731 316 795 domine
332 737 365 795 et
379 750 438 814 per
454 751 525 795 earn
542 729 629 795 dicto
645 731 791 796 Martino
808 751 846 794 ac
862 751 971 794 eorum
988 727 1160 795 heredibus
1179 729 1249 796 iure

113 843 267 924 perpetuo
284 891 314 906 ..
341 838 551 922 possidendas
568 891 598 904 ..
625 839 666 904 In
693 860 831 922 quorum
858 838 988 921 quidem
1015 838 1159 903 locorum
1185 859 1248 904 ses·

112 946 285 1013 sionalinm
301 954 333 1013 et
348 955 511 1013 terrarum
527 948 758 1032 campestrium
769 947 990 1013 concambium
1011 968 1066 1012 sen
1086 957 1248 1031 permuta-

112 1057 249 1138 cionem,
275 1063 431 1122 annotata
461 1057 578 1120 nobilis
604 1056 733 1120 domina
750 1055 899 1120 similiter
914 1056 1048 1120 totalem
1065 1056 1249 1139 porcionem

112 1186 206 1233 suam
222 1164 507 1248 possessionariam
524 1167 556 1230 in
574 1167 644 1248 ipsa
655 1164 855 1247 possessione
871 1164 1005 1229 Pelehte
1015 1163 1169 1244 habitam,
1186 1185 1243 1228 nu-

111 1272 254 1355 perrime
270 1293 329 1356 per
344 1272 446 1337 dictos
457 1271 574 1337 fratres
591 1293 664 1338 suos
681 1272 714 1336 in
731 1271 970 1355 expedicionem
982 1279 1097 1354 quarte
1114 1293 1170 1338 sue
1186 1273 1246 1339 lili·

111 1379 175 1445 alis
191 1380 303 1445 datam
320 1385 354 1445 et
370 1380 592 1458 condonatam,
609 1379 706 1445 simili
722 1379 816 1444 modo
833 1401 906 1444 cum
926 1379 1072 1444 omnibus
1089 1431 1095 1444 .
1113 1431 1120 1446 .
1144 1383 1244 1464 perti·

112 1489 236 1553 nenciis
253 1487 328 1567 suis,
339 1487 417 1553 locis
433 1489 555 1554 scilieet
571 1488 765 1554 sessionibus
780 1495 814 1553 et
829 1491 924 1554 terris
935 1489 1178 1572 campestribus,
1189 1491 1243 1555 de-

111 1597 217 1662 disset
243 1603 277 1662 et
308 1597 504 1676 contulisset,
521 1605 552 1662 et
577 1597 796 1681 preallegatus
821 1598 985 1662 Martinus
1010 1597 1146 1664 maritus
1172 1613 1248 1664 suus

111 1706 310 1772 auctoritate
327 1707 551 1790 procuratorio
568 1713 685 1771 extunc
698 1707 801 1770 nostri
819 1707 853 1770 in
869 1707 1035 1790 presencia
1060 1707 1197 1773 contulit
1212 1708 1246 1772 in

110 1809 162 1880 ius
179 1821 213 1880 et
228 1816 461 1898 proprietatem
486 1819 735 1879 memoratorum
761 1813 899 1879 filiorum
924 1815 1087 1880 *iohannis
1108 1815 1247 1882 fratrum

112 1943 247 1988 suorum
263 1922 482 2006 perennaliter
498 1923 724 2006 possidendam
750 1924 783 1986 in
808 1923 890 1988 filios
909 1923 1050 1988 filiorum
1067 1945 1198 1989 suorum
1216 1976 1222 1990 .
1240 1972 1247 1988 .

111 2031 233 2096 adiecit
248 2031 350 2096 eciam
366 2031 470 2096 dictus
495 2031 660 2096 Martinus
685 2031 718 2094 in
743 2051 882 2114 persona
907 2030 1033 2095 domine
1053 2031 1246 2114 supradicte,

112 2139 200 2220 quod
215 2140 292 2222 quia
308 2139 470 2221 pretaxati
486 2137 545 2204 filii
561 2138 587 2204 J
588 2139 723 2204 ohannis
748 2138 806 2203 lilii
831 2137 999 2204 Mortonos
1017 2139 1078 2204 sibi
1094 2146 1127 2205 et
1143 2139 1247 2204 eidem

115 2248 248 2313 domine
264 2250 367 2313 sorori
384 2250 526 2333 ipsorum
553 2271 572 2312 a
597 2248 747 2331 pluribus
767 2247 965 2332 temporibus
993 2249 1172 2328 retroactis,
1188 2269 1248 2333 ope

113 2377 212 2444 opere
229 2357 361 2422 consilio
378 2363 411 2421 et
427 2355 534 2423 favore
560 2359 767 2440 complacere,
792 2358 990 2440 negociaque
1006 2357 1150 2440 ipsorum
1169 2363 1247 2422 tcm-

111 2487 192 2549 pore
209 2472 242 2530 et
256 2467 326 2531 loco
343 2465 384 2530 ad
399 2465 433 2530 id
449 2468 637 2551 opportunis
654 2487 726 2530 cum
743 2487 864 2531 summe
881 2465 1048 2531 fidelitatis
1065 2463 1156 2531 cultu
1173 2488 1247 2549 sup-

112 2580 247 2658 portare
264 2571 463 2638 studuissent
478 2579 512 2637 et
528 2596 612 2638 nunc
629 2573 797 2638 studerent
812 2574 1038 2653 indesinenter,
1056 2573 1157 2638 obhoo
1177 2595 1247 2658 pre·

112 2683 260 2763 allegata
276 2682 406 2747 domina
421 2683 454 2746 in
481 2688 529 2746 tot
545 2688 577 2747 et
593 2687 758 2747 tantorum
783 2681 1010 2747 beneficiorum
1027 2703 1244 2764 recompensa·

110 2792 238 2858 cionem
254 2813 292 2856 ac
308 2791 348 2855 ob
362 2791 573 2856 fraternalem
589 2792 807 2869 dileccionem‚
824 2791 924 2856 totale
941 2793 989 2856 ins
1010 2813 1104 2856 suum
1116 2791 1202 2875 quod
1211 2792 1245 2856 in

109 2901 191 2966 locis
207 2900 435 2966 sessionahhus
452 2901 485 2964 in
501 2903 651 2986 porcione
668 2902 921 2984 possessionaria
936 2901 1170 2986 prelibatorum
1186 2901 1244 2965 fili·

109 3031 205 3073 orum
222 3008 247 3074 J
248 3008 384 3073 ohannis
398 3011 431 3072 in
449 3011 646 3092 possessione
671 3008 843 3091 Noghozor
860 3016 973 3075 vocata
997 3030 1056 3092 pro
1078 3009 1175 3074 simili
1192 3009 1245 3073 de·

108 3117 179 3182 bito
196 3123 313 3198 quarte
329 3116 437 3182 filialis
454 3119 523 3181 iure
540 3124 653 3182 nature
671 3117 758 3182 etde
783 3118 879 3182 huius
905 3119 995 3201 regni
1016 3117 1244 3182 consuetudine

108 3225 233 3291 habere
250 3225 480 3306 dinosceretur,
496 3231 529 3289 et
545 3226 631 3308 quod
647 3227 749 3290 eciam
774 3226 813 3290 de
839 3225 917 3290 locis
934 3225 1161 3291 sessionalibus
1178 3247 1244 3291 ma·

109 3333 207 3416 gistri
224 3333 249 3398 J
251 3335 386 3399 ohannis
403 3333 461 3397 filii
488 3333 657 3398 Michaelis
683 3335 761 3399 dicti
786 3335 903 3418 Fyueri
929 3337 962 3399 in
978 3333 1106 3417 prelata
1122 3355 1245 3418 posses·

108 3442 201 3506 sione
217 3439 392 3524 Noghozor
408 3441 538 3519 habitis,
555 3443 596 3507 ab
624 3443 734 3507 eodem
759 3444 914 3526 magistro
939 3443 964 3508 J
966 3444 1092 3510 ohanne
1109 3464 1166 3528 per
1181 3442 1243 3508 lor·

107 3571 198 3615 mam
214 3551 295 3615 iuris
314 3549 478 3634 requirere
494 3557 603 3634 posset
617 3557 649 3615 et
666 3552 830 3634 rehabere,
847 3553 986 3635 exceptis
1002 3553 1098 3617 terris
1116 3553 1245 3620 arabili·

107 3659 172 3724 hus
189 3664 222 3722 et
238 3657 311 3722 aliis
327 3657 514 3722 extrinsecis
531 3658 730 3724 utilitatibus
746 3660 824 3726 dicti
841 3661 920 3724 iuris
938 3659 995 3738 sui,
1012 3661 1188 3726 remisisset
1212 3669 1245 3726 et

105 3767 297 3843 relaxasset,
313 3773 346 3831 et
361 3769 551 3848 pretaxatus
561 3765 726 3832 Martinus
737 3768 887 3832 similiter
897 3769 930 3832 in
942 3789 1080 3850 persona
1096 3771 1241 3834 eiusdem

104 3875 239 3940 domine
255 3895 363 3939 coram
380 3873 471 3938 nobis
482 3875 640 3940 relaxavit
650 3875 725 3939 liliis
736 3875 760 3939 J
762 3877 898 3942 ohannis
909 3877 1112 3960 supradictis.
1130 3879 1243 3943 Econ-

103 3984 213 4048 trario
229 3989 338 4047 autem
355 3989 550 4048 memoratus
567 3983 740 4048 Ladislaus
765 3983 849 4049 filius
866 3985 1028 4050 Johannis
1046 3985 1105 4049 hoc
1121 4007 1242 4050 assum-

104 4092 153 4156 sit
169 4111 278 4156 coram
294 4091 394 4168 nobie,
420 4092 505 4174 quod
532 4092 684 4176 predictis
710 4096 806 4158 terris
832 4093 1010 4158 arabilibus
1035 4095 1068 4158 in
1085 4095 1157 4177 ipsa
1172 4116 1243 4181 pos-

104 4199 251 4266 sessione
268 4197 439 4284 Noghozor
464 4221 523 4284 pro
550 4201 618 4264 iure
645 4201 787 4266 eiusdem
814 4203 940 4267 domine
957 4203 1035 4285 ipsis
1051 4207 1230 4270 remanenti

103 4309 180 4389 hus,
197 4307 329 4391 equales
345 4308 486 4373 arabiles
503 4313 536 4371 et
561 4314 757 4392 campestres
773 4314 879 4374 terras
904 4309 943 4373 de
959 4310 1109 4394 porcione
1127 4333 1185 4375 sua
1208 4314 1242 4376 in

103 4415 221 4482 eadem
237 4416 619 4500 possessioneHelmeche
629 4417 707 4500 ipsis
718 4418 906 4496 remanenti,
917 4439 988 4482 cum
999 4417 1144 4484 funiculo
1155 4441 1243 4484 men·

103 4525 259 4608 serendo,
269 4527 347 4592 dare
357 4532 391 4591 et
406 4527 573 4610 assignare
589 4532 754 4591 teneretur
764 4525 864 4591 nobili
879 4527 1006 4594 domine
1020 4533 1054 4592 et
1069 4527 1242 4595 heredibus

102 4635 176 4701 suis
206 4635 408 4719 supradictis.
439 4635 579 4718 Insuper
610 4635 766 4718 obligavit
797 4657 830 4700 se
863 4642 1036 4701 annotatus
1067 4635 1242 4703 Ladislaus

102 4745 194 4811 filius
210 4742 235 4807 J
236 4743 371 4810 ohannis
388 4748 420 4807 et
436 4743 569 4807 heredes
586 4765 669 4826 suos,
686 4744 927 4826 prenominatos
944 4744 1126 4812 Martinum
1144 4751 1177 4814 et
1188 4747 1241 4814 do·
