3192 5466
515 513 610 578 1349.
627 533 696 578 nn
713 516 742 579 4.
1131 519 1194 580 aar

80 692 189 773 sissent,
222 692 255 755 in
282 714 418 774 quorum
459 693 634 776 presenciis
675 698 816 774 utraque
857 715 932 777 pars
967 716 1026 759 sua
1061 697 1134 760 iura
1166 703 1198 760 et

79 801 281 865 instrumenta
299 800 446 865 literalis
470 822 567 884 super
592 802 679 866 diota
704 803 905 885 possessione
931 803 1057 868 Warad
1074 802 1149 869 hino
1165 811 1198 869 et

81 908 143 973 inde
167 916 320 974 emanata
344 911 489 994 plenarie
516 911 744 990 exhibuissent,
771 931 878 976 cassae
904 919 937 977 et
961 913 1074 978 inanes
1101 914 1196 978 relin-

79 1016 191 1098 quendo
208 1017 236 1082 si
246 1017 327 1082 inihi
343 1018 455 1098 aliqua
465 1040 529 1084 non
539 1018 767 1084 exhiberentur
777 1040 835 1102 per
844 1026 971 1103 partem
987 1022 1178 1087 alterutram
1191 1047 1198 1102 3

79 1125 181 1207 quibus
197 1126 273 1190 visis
290 1132 322 1190 et
338 1127 489 1211 perlectis
506 1148 544 1191 ae
561 1147 671 1192 aarum
691 1127 899 1193 continentiis
915 1127 1087 1212 diligenter
1103 1131 1197 1194 intel·

79 1234 165 1312 lectis,
181 1232 354 1317 superfluis
365 1234 513 1300 omnihus
527 1236 688 1313 resecatis,
699 1256 795 1319 super
805 1245 982 1302 memorata
998 1238 1197 1321 possessione

78 1341 199 1419 Warad,
230 1343 400 1407 memorati
433 1342 555 1407 nobiles
581 1365 619 1408 ac
644 1349 756 1408 nostra
787 1344 973 1410 testimonia
1005 1352 1197 1427 prenarrata

78 1453 163 1515 talem
180 1450 384 1516 concordiam
402 1457 436 1516 et
451 1452 683 1516 limitacionem
699 1452 784 1516 inter
803 1453 890 1535 ipsas
916 1460 1026 1536 partes
1053 1454 1196 1519 ordinas-

77 1565 137 1624 sent
152 1565 309 1642 perpetuo
325 1559 525 1636 duraturam,
543 1559 628 1640 quod
650 1559 726 1640 quia
751 1559 909 1625 medietas
934 1569 1110 1626 memorate
1127 1583 1198 1644 pos-

77 1667 215 1732 sessionis
232 1667 359 1731 Warad
385 1667 538 1750 predictis
565 1669 664 1732 Petro
690 1675 722 1732 et
746 1668 901 1754 Philippo
926 1671 1055 1734 racione
1082 1677 1197 1751 quarte

77 1776 136 1839 avie
152 1796 263 1840 eorum
289 1797 347 1858 per
372 1775 502 1840 Berlsen
528 1777 633 1840 lilium
650 1777 733 1841 Bees
750 1782 783 1840 et
799 1777 935 1841 Petrum
951 1776 1054 1843 filium
1070 1777 1197 1844 Mathai

76 1883 127 1948 filii
142 1883 285 1947 eiusdem
303 1884 385 1948 Bees
402 1883 479 1949 data
488 1889 522 1948 et
532 1883 653 1948 donata
668 1906 741 1949 eum
752 1885 818 1948 suis
838 1884 1034 1950 utilitatibus
1051 1887 1197 1951 omnihus

77 2014 108 2056 ae
122 1993 292 2057 medietate
308 1992 483 2057 molendini
508 1993 541 2056 in
567 1992 662 2057 llruvio
679 1989 803 2056 Geram
827 1991 947 2056 ibidem
964 1993 1130 2058 existentis
1146 2014 1198 2058 ex-

76 2100 202 2165 stitisset
228 2101 320 2164 iuxta
345 2101 481 2165 formam
505 2101 676 2165 literarum
702 2097 836 2184 capituli
861 2099 994 2164 ecclesie
1020 2098 1198 2166 Nitriensis

76 2217 221 2294 perpetuo
237 2211 271 2272 in
287 2208 371 2274 lilios
386 2208 525 2273 filiorum
541 2207 745 2292 possidenda,
762 2214 795 2272 et
811 2208 958 2291 quamvis
974 2209 1059 2273 idem
1077 2209 1198 2275 Petrus

75 2317 151 2383 filius
167 2316 362 2383 Alexandri.
388 2317 429 2382 ad
455 2339 549 2400 quem
575 2318 705 2382 racione
731 2317 953 2399 generationis
968 2323 1042 2400 post
1058 2325 1196 2383 mortem

79 2426 189 2491 domini
206 2426 315 2491 Berke
331 2426 370 2490 de
386 2425 457 2489 iure
473 2423 596 2490 devolvi
615 2424 762 2507 debebat,
788 2445 861 2490 oum
877 2426 1014 2507 pecunia
1039 2426 1197 2491 redimere
1236 2409 1238 2414 ¹

75 2536 156 2617 regni
172 2533 403 2600 consuetudine
419 2535 603 2617 requirente
620 2533 971 2617 potuissetaprediotis
987 2531 1053 2598 filio
1069 2532 1198 2599 Nicolai

76 2650 103 2706 et
117 2643 287 2727 nepotibus
303 2642 454 2720 eiusdem,
471 2649 580 2706 tamen
590 2643 667 2724 quia
677 2641 762 2706 inter
772 2641 854 2706 alias
863 2641 976 2706 literas
986 2641 1070 2706 idem
1080 2641 1199 2706 Petrus

75 2749 152 2814 fihus
167 2750 299 2816 Nicolai
315 2772 375 2832 pro
392 2771 426 2814 se
442 2756 474 2814 et
490 2750 583 2814 dietis
602 2748 677 2813 filiis
702 2749 813 2814 fratris
838 2750 887 2813 sui
913 2749 1070 2831 quasdam
1087 2749 1198 2814 literas

74 2858 187 2923 domini
204 2858 379 2942 Wyllermi
399 2857 535 2940 palatini
561 2879 669 2923 coram
694 2856 969 2922 eisdemarbitris
995 2856 1200 2935 exhibuisset,

74 2967 233 3048 inquibus
250 2987 401 3048 expresse
417 2965 607 3042 habebatur,
627 2965 712 3048 quod
736 2964 943 3030 medietatem
968 2965 1051 3029 dicte
1077 2986 1199 3049 posses·

73 3073 164 3140 sionis
180 3073 310 3138 Warad
327 3073 447 3138 eisdem
464 3074 563 3138 Petro
579 3079 611 3138 et
627 3073 782 3156 Philippo
802 3073 897 3138 fratri
915 3092 972 3137 suo
988 3073 1053 3137 iam
1069 3079 1196 3138 mortuo

72 3185 148 3248 idem
166 3184 286 3248 Petrus
303 3181 389 3246 filius
406 3181 587 3247 Alexandri
603 3181 857 3246 irrevocabiliter
876 3201 934 3264 pro
951 3187 1070 3262 quarta
1086 3202 1198 3264 supra·

72 3291 152 3357 dicta
168 3297 404 3376 perpetuasset,
429 3297 499 3355 tum
515 3297 649 3375 propter
663 3290 806 3372 vigorem
831 3289 992 3353 dictarum
1018 3287 1198 3366 literarum,

73 3403 135 3462 tum
151 3401 255 3464 eciam
281 3403 412 3481 propter
438 3405 592 3480 perpetue
609 3395 777 3462 concordie
792 3397 952 3476 unionem,
978 3401 1015 3458 ut
1039 3394 1199 3460 demedio

72 3527 176 3572 comm
193 3508 298 3571 omnis
314 3504 474 3570 discordia
491 3505 647 3570 radicitus
663 3505 864 3582 evelleretur,
889 3503 980 3567 iuxta
997 3504 1200 3588 composicio-

71 3635 139 3678 nem
155 3616 317 3680 dictorum
334 3613 488 3678 nobilium
514 3614 625 3678 taliter
650 3611 922 3678 concordassent.
940 3663 946 3676 .
963 3611 1049 3691 quod
1066 3613 1199 3677 eandem

71 3723 277 3788 medietatem
301 3721 386 3786 dicte
402 3722 611 3804 possessionis
628 3721 764 3798 Warad,
781 3719 930 3784 videlicet
954 3741 974 3784 a
999 3727 1092 3802 parte
1108 3741 1200 3804 supe-

72 3831 143 3896 riori
170 3831 382 3910 adiacentem,
408 3829 468 3894 suh
484 3829 602 3896 eisdem
628 3829 722 3894 metis
739 3834 771 3892 et
787 3828 932 3892 terminis
949 3847 987 3891 ac
1002 3827 1200 3894 utilitatibus

71 3941 220 4020 eiusdem,
237 3960 361 4004 necnon
377 3939 550 4004 medietate
567 3937 741 4004 molendini
757 3938 791 4002 in
810 3933 906 4002 fluvio
923 3933 1013 4000 Gron
1031 3939 1199 4014 currentis,

71 4047 185 4130 quibus
202 4047 238 4111 in
253 4047 356 4111 literis
382 4045 460 4110 dieti
487 4045 622 4129 capituli
646 4043 821 4110 Nitriensis
846 4043 1062 4108 divisionariis
1087 4044 1200 4108 exinde

70 4157 222 4221 intereos
239 4156 397 4220 emanatis
413 4154 606 4230 continetur,
623 4153 706 4218 idem
723 4154 840 4218 Petrus
867 4151 954 4217 filius
970 4151 1153 4218 Alexandri
1170 4206 1176 4219 .
1194 4205 1199 4220 .

71 4266 207 4330 contulit
223 4271 257 4328 et
272 4263 380 4328 divisit
395 4263 627 4346 prenominatis
653 4262 754 4327 Petro
768 4261 835 4327 filio
852 4260 992 4340 Nicolai,
1008 4283 1046 4326 ac
1061 4260 1199 4326 Nicolao

70 4371 189 4437 Thome
216 4371 362 4435 ‚Iohanni
387 4377 419 4434 et
446 4369 611 4454 Stephano
637 4370 712 4434 filiis
738 4370 883 4453 Philippi
900 4368 1103 4452 supradictis,
1130 4369 1200 4433 iure

69 4487 225 4564 perpetuo
243 4485 275 4543 et
290 4478 546 4542 irrevocabiliter
572 4477 819 4560 possidendam.
837 4530 843 4543 .
861 4499 919 4561 pro
939 4485 1057 4558 quarta
1073 4477 1201 4544 domine

71 4587 258 4670 llargarete
275 4587 345 4651 avie
365 4587 506 4670 ipsorum
523 4586 724 4670 supradiote;
750 4587 848 4651 aliam
865 4608 939 4651 vero
956 4593 1082 4670 partem
1100 4587 1201 4670 ipsius

71 4697 280 4777 possessionis
299 4695 423 4760 Warad
438 4694 586 4760 videlicet
602 4693 794 4777 inferiorem,
812 4703 966 4778 perpetuo
983 4694 1067 4758 idem
1084 4695 1201 4758 Petrus

112 4832 266 4867 nsuouxom
283 4819 454 4866 exuturula.
472 4833 496 4867 r.
514 4821 609 4866 xdrrr.
1060 4825 1091 4872 17
