3192 5466
545 438 638 502 1348.
656 441 727 502 nis.
746 441 796 502 24.
1167 441 1229 503 rol

109 639 301 684 camararum
318 618 476 702 regalium
495 625 627 702 possent
649 617 793 702 adipisci,
810 619 970 702 iidemque
987 615 1232 701 filii(Stephani,

108 725 227 790 domina
252 725 366 789 relicta
391 725 538 792 Ladislai
564 733 596 790 et
621 725 789 790 Johannes
815 726 901 790 filius
926 749 1003 790 suus
1027 725 1145 810 adepto
1170 725 1232 791 fine

108 833 281 900 huiusmodi
298 855 392 900 carrae
419 835 571 918 ipsorum,
589 835 678 899 litem
704 856 801 918 super
827 835 947 900 eisdem
972 835 1232 918 possessionariis

108 943 301 1028 porcionibus
318 942 463 1008 Ladislai
489 943 547 1008 filii
565 943 731 1027 Stephani,
758 944 785 1008 si
801 963 855 1008 eas
872 943 913 1008 ab
930 944 1000 1026 ipso
1015 944 1143 1008 Thema
1158 966 1231 1028 roy-

108 1051 179 1117 roda
194 1074 227 1117 se
244 1051 400 1118 rehabere
415 1055 508 1137 posse
524 1057 700 1136 sperarent,
718 1051 895 1117 suscitandi
920 1051 1057 1116 liberam
1072 1052 1232 1118 haberent

108 1161 304 1241 facultatem3
327 1161 455 1230 sienim
482 1161 578 1225 iidem
602 1159 661 1226 filii
687 1159 854 1243 Stephani,
870 1159 1001 1224 domina
1027 1160 1141 1224 relicta
1165 1159 1229 1225 La-

108 1268 192 1336 dislai
208 1275 241 1334 et
256 1268 426 1334 Johannes
443 1268 529 1334 filius
545 1268 688 1334 eiusdem
703 1269 764 1334 hoc
781 1268 867 1352 quod
883 1267 1046 1352 prodictus
1056 1268 1230 1334 Ladislaus

108 1379 182 1443 filius
198 1377 357 1463 Stephani
368 1401 426 1464 per
436 1380 577 1463 prefatos
589 1373 720 1444 comites
737 1401 939 1445 camararum
955 1379 1113 1462 regalium
1129 1379 1231 1463 culpis

108 1486 164 1551 suis
180 1509 240 1553 non
259 1487 460 1570 exigentibus
478 1493 699 1554 concrematus
725 1489 824 1554 fuerit
849 1487 1047 1554 sufficienter
1071 1495 1104 1552 et
1129 1489 1232 1553 deter-

108 1595 248 1660 minative
272 1597 443 1680 nequirent
457 1596 687 1674 demonstrare,
713 1601 832 1662 extunc
851 1595 961 1662 eedem
976 1596 1143 1680 porciones
1160 1619 1231 1681 pos·

106 1703 287 1768 cessionario
303 1704 404 1788 ipsius
419 1703 566 1769 Ladislai
582 1703 641 1769 filii
658 1703 814 1788 Stephani
830 1705 862 1769 in
889 1705 1041 1788 predictis
1058 1705 1229 1788 possessio-

107 1811 191 1876 nibus
201 1812 307 1895 ipsum
319 1811 447 1894 proprie
458 1811 687 1894 contingentes,
698 1833 756 1896 per
768 1813 957 1894 premissam
973 1812 1118 1895 regalem
1133 1812 1229 1878 colla·

104 1923 220 1985 cionem
235 1920 296 2002 ipsi
313 1919 436 1984 Thome
454 1921 602 2004 woyrode
628 1927 831 1986 remanerent
846 1927 1002 2005 perpetuo
1027 1920 1227 2004 possidenda

106 2029 166 2092 sine
191 2027 369 2112 preiudicio
386 2080 392 2092 .
410 2077 416 2091 .
433 2029 512 2093 iuris
529 2028 635 2110 alieni,
660 2030 754 2094 metis
771 2029 860 2093 noris
886 2050 941 2094 seu
966 2028 1230 2094 distinccionibus

106 2135 269 2200 natalibus
284 2135 372 2218 ipsas
383 2134 570 2200 dividendas
580 2137 848 2220 possessionarias
865 2137 1032 2220 porciones
1042 2136 1083 2202 ab
1094 2137 1230 2204 invicem

105 2243 312 2327 distingrendi
337 2243 474 2308 liberam
498 2243 656 2308 haberent
675 2243 883 2324 facultatem3
900 2250 933 2309 et
949 2246 1096 2327 posthoc
1114 2244 1227 2310 seriem

105 2353 201 2417 tocius
218 2351 295 2418 lacti
315 2399 345 2416 ..
362 2352 394 2416 in
410 2351 512 2418 literis
523 2352 601 2416 dicti
618 2352 753 2435 capituli
764 2353 989 2418 Waradiensis
1009 2359 1118 2436 partes
1129 2353 1231 2418 eidenr

106 2462 206 2527 comiti
223 2461 328 2526 Paulo
345 2461 386 2525 ad
403 2461 589 2543 vigesimum
607 2459 782 2536 secundum
801 2461 886 2526 diem
903 2461 977 2526 festi
993 2461 1080 2526 beati
1098 2457 1230 2544 Georgii

105 2569 241 2634 martiris
257 2575 335 2634 tnnc
350 2574 521 2634 venturum
546 2574 758 2652 reportarent.
784 2567 928 2634 Tandem
944 2569 1014 2653 ip'so
1030 2571 1167 2634 termino
1185 2591 1232 2634 re·

104 2678 295 2762 portacionis
322 2677 417 2742 seriei
442 2677 672 2760 premissorum
704 2684 901 2756 occurrente,
930 2679 1049 2743 Petrus
1080 2677 1229 2744 literatus

104 2807 157 2868 pro
172 2785 285 2851 eodem
300 2785 426 2851 Thema
441 2786 582 2870 voyroda
598 2836 605 2849 .
621 2836 628 2850 .
646 2785 687 2851 ab
703 2807 777 2864 una,
803 2787 946 2870 prefatus
963 2793 1071 2852 autem
1087 2785 1230 2852 Michael

103 2893 184 2958 filius
200 2892 360 2978 Stephani
376 2893 415 2958 de
431 2892 635 2959 Zarrazherlr
651 2916 710 2978 pro
727 2916 760 2960 se
776 2895 999 2978 personaliter,
1016 2918 1074 2979 pro
1091 2894 1115 2959 J
1117 2893 1229 2959 acoho·

105 3024 161 3084 qne
177 3009 209 3068 et
225 3003 250 3067 J
251 3003 378 3068 ohanne
394 3002 548 3068 fratribus
565 3003 631 3068 suis
648 3024 686 3069 ac
701 3003 801 3069 nobili
817 3003 947 3069 domina
962 3004 1076 3070 relicta
1085 3002 1232 3068 Ladislai

103 3117 133 3175 et
147 3109 171 3175 J
172 3111 299 3176 ohanne
315 3109 381 3176 filio
398 3111 540 3176 eiusdem
558 3119 696 3195 ..parte
720 3113 761 3178 ab
786 3112 890 3178 altera
915 3113 956 3178 ad
981 3114 1082 3196 ipsius
1107 3111 1232 3176 comitis

103 3217 195 3282 Pauli
211 3219 402 3286 accedentes
419 3220 628 3302 presenciam,
644 3221 756 3286 literas
776 3221 930 3304 sepedicti
946 3220 1082 3305 capituli
1097 3221 1231 3285 ecclesie

102 3325 326 3392 Waradiensis
336 3327 438 3392 eidem
451 3328 733 3408 demonstrassent,
743 3329 776 3393 in
787 3328 902 3412 quibus
914 3329 982 3412 ipse
993 3350 1098 3394 comes
1108 3329 1232 3394 Paulus

102 3435 316 3502 adinvenisset
332 3436 498 3514 contineri,
522 3436 608 3520 quod
624 3437 769 3520 prefatus
793 3436 819 3502 J
820 3437 938 3503 aeobus
963 3437 1003 3502 de
1028 3435 1121 3522 Gyge
1137 3437 1233 3502 homo

102 3543 220 3608 domini
236 3545 322 3628 regis
338 3550 371 3609 et
388 3595 394 3609 .
411 3595 417 3607 .
434 3543 604 3609 Johannes
620 3543 768 3609 sacerdos
794 3545 883 3610 chori
900 3545 985 3610 dicte
1002 3545 1136 3610 ecclesie
1151 3543 1232 3608 Wa-

103 3651 258 3717 radiensis
284 3652 502 3717 testimonium
528 3651 661 3734 capituli
687 3651 829 3716 eiusdem
855 3651 996 3730 ecclesie,
1021 3653 1054 3717 in
1080 3651 1232 3736 predictis

103 3761 222 3825 octaris
246 3760 319 3824 festi
345 3758 432 3824 beati
459 3756 593 3843 Georgii
619 3760 762 3824 martiris
787 3767 865 3825 tunc
890 3761 1034 3843 proxime
1059 3761 1232 3844 preteritis

101 3869 202 3950 primo
219 3868 261 3932 ad
276 3868 511 3952 possessionem
526 3867 732 3933 Zarrazherk
748 3875 893 3934 vocatam
910 3869 941 3934 in
959 3869 1115 3934 comitatu
1131 3870 1233 3935 Zath-

102 3977 252 4040 urariensi
269 3977 459 4042 existentem
476 3977 600 4060 pariter
613 3976 832 4058 accessissent,
858 3978 1104 4060 convocatisque
1121 3977 1232 4042 vicinis

101 4091 131 4148 ct
145 4085 376 4149 commetaneis
392 4085 536 4150 eiusdem
553 4085 769 4168 possessionis,
795 4091 870 4150 ante
895 4086 1002 4150 omnia
1027 4085 1231 4152 medietatem

100 4191 200 4276 ipsius
217 4193 427 4276 possessionis
443 4215 462 4256 a
478 4199 570 4277 parte
587 4193 777 4258 occidentali
792 4191 875 4258 filios
892 4192 1050 4276 Stephani
1064 4193 1234 4261 dumtaxat

101 4301 349 4384 contingentem,
365 4300 455 4366 salva
471 4301 536 4366 alia
550 4300 691 4366 mediate
711 4301 853 4366 eiusdem
878 4303 1087 4384 possessionis
1104 4324 1124 4368 a
1139 4311 1233 4388 parte

100 4409 251 4474 orientali
284 4410 398 4475 hahita
436 4431 497 4492 que
531 4408 726 4475 Michaelem
758 4408 859 4474 filium
890 4409 1002 4474 Deseu
1034 4410 1231 4494 contigisset,

101 4524 258 4599 quantum
275 4518 318 4583 ad
333 4519 407 4584 loca
423 4518 619 4598 cessionalia,
644 4519 678 4583 in
695 4525 835 4602 quatuor
859 4525 968 4603 partes
995 4519 1126 4602 equales
1155 4519 1232 4586 diri·

102 4625 225 4705 sissent,
243 4647 381 4710 quarum
399 4633 465 4694 tres
481 4627 647 4711 porciones
664 4649 721 4714 per
732 4629 817 4712 ipsos
834 4627 952 4694 divisas
963 4633 996 4692 et
1006 4629 1100 4694 metis
1116 4628 1232 4696 terreis
