3188 5470
694 472 881 520 rurourroru
898 459 1114 518 onulurrls.

872 673 945 734 192.

344 814 437 878 1349.
454 814 561 894 Baelo,
579 838 646 878 oce.
663 815 693 876 5.
710 815 820 878 [storia
834 813 955 902 crdelpi
972 817 1108 900 hcrcch,
1135 817 1246 902 Saepcs
1265 817 1425 901 fdlddaelc
1440 843 1473 881 es

343 921 505 988 Sdrosoolr
523 947 595 1002 aru,
621 923 765 986 Komldsi
782 923 845 988 Pur
862 923 1022 1004 birtolcor't,
1050 927 1173 989 arialdo
1188 949 1227 988 oz
1243 949 1274 987 ez
1291 925 1368 988 clleo
1385 925 1476 989 carel!

341 1033 450 1093 testea·
457 1031 651 1116 pyillroasdpi
662 1033 724 1096 odd
733 1032 968 1117 cloptolonnolc
979 1033 1335 1119 bizoayolt,risszaodoa'
1345 1033 1478 1097 rendeli.

449 1175 518 1240 Nos
535 1174 721 1260 Stephanus
738 1177 788 1242 dei
806 1179 916 1260 gracia
932 1177 997 1242 dux
1008 1177 1258 1242 Transsilvanus
1275 1199 1313 1242 ac
1327 1177 1476 1242 dominus

343 1290 429 1347 terre
457 1283 659 1367 Scepsiensis
679 1292 711 1350 et
737 1286 776 1350 de
802 1285 912 1365 Surus,
939 1285 1203 1370 significamus..
1222 1285 1309 1366 quod
1336 1286 1414 1350 licet
1439 1306 1478 1348 ex

342 1392 502 1456 relacione
519 1395 731 1473 quorumdam
762 1395 927 1460 bominum
948 1396 1088 1461 Paulum
1113 1395 1216 1460 filium
1241 1393 1375 1460 Andree
1401 1395 1478 1458 dicti

343 1499 465 1566 Cantor
483 1501 522 1564 de
532 1501 701 1566 Kumlows
712 1502 751 1566 do
762 1503 916 1567 comitatu
927 1503 1029 1570 Serus
1039 1503 1193 1587 predicte,
1208 1501 1414 1568 fratricidam
1430 1503 1478 1567 sui

342 1607 452 1672 fratris
477 1610 605 1672 nomine
632 1608 713 1674 Ohel
739 1612 804 1674 iam
829 1611 971 1676 defuncti
987 1611 1266 1692 intellexissemus,
1281 1633 1340 1694 pro
1358 1629 1424 1692 quo
1442 1619 1477 1674 ut

343 1720 444 1782 nostri
456 1719 578 1784 ducalis
588 1718 868 1798 incumbitofficio,
879 1721 1133 1802 possessionibus
1150 1721 1217 1784 suis
1227 1725 1260 1784 et
1269 1719 1475 1802 porcionibus

343 1827 603 1908 possessionariis
615 1827 751 1892 eundem
762 1827 901 1892 Paulum
911 1849 969 1910 per
979 1828 1170 1910 magistrum
1187 1826 1361 1892 Nicolaum
1376 1825 1477 1890 filium

342 1934 462 1998 Briocii
487 1934 660 2018 exspoliari
685 1934 848 2012 facientes,
873 1957 932 2017 pro
957 1935 1048 2000 nobis
1074 1935 1345 2018 occupaverimus,
1370 1939 1477 1998 tamen

343 2043 420 2123 quia
436 2041 535 2106 nobili
552 2043 681 2107 domina
707 2043 821 2108 relicta
847 2043 990 2108 eiusdem
1006 2043 1088 2109 Ohel
1104 2043 1200 2108 simul
1218 2064 1290 2107 oum
1307 2042 1474 2126 Stephano

343 2157 375 2212 et
390 2149 546 2215 Ladislao
567 2150 641 2215 filiis
668 2153 734 2216 suis
759 2127 973 2234 perdonaliter
999 2157 1145 2216 nostram
1170 2149 1319 2216 ducalem
1344 2150 1473 2214 odiente

344 2259 541 2339 presenciam
559 2265 591 2323 et
608 2259 698 2324 nobis
716 2260 926 2342 supplicante,
944 2261 1050 2342 ipsum
1067 2258 1148 2324 Ohol
1169 2279 1233 2322 non
1249 2259 1362 2340 aliqua
1379 2260 1473 2342 plaga

344 2365 392 2429 vel
408 2367 474 2431 ictu
493 2367 633 2431 vulneris
660 2367 715 2432 sed
740 2389 797 2450 per
823 2367 908 2432 viam
933 2388 1006 2430 rere
1032 2365 1191 2432 ureturalis
1216 2366 1420 2430 infirmitatis
1445 2375 1474 2430 et

343 2495 456 2539 cursus
472 2475 636 2540 informati
653 2497 691 2540 er
708 2477 768 2540 hoc
785 2477 962 2559 reperimus
973 2476 1080 2541 seculo
1096 2477 1292 2559 migravisse,
1308 2477 1476 2558 porciones

343 2586 611 2666 possessionarr'as
629 2591 661 2649 ot
675 2585 891 2668 possessiones
917 2584 994 2649 dicti
1010 2584 1106 2649 Pauli
1134 2584 1268 2649 ubilibet
1293 2585 1390 2649 modo
1416 2605 1477 2665 quo

344 2717 442 2778 supra
458 2703 640 2778 occupatas,
657 2695 760 2760 eidem
776 2695 881 2758 Paulo
897 2694 966 2758 filio
983 2692 1117 2758 Andree
1134 2693 1297 2758 reddimus
1324 2701 1357 2758 et
1384 2695 1472 2758 resti-

343 2803 463 2867 tuimus
480 2801 707 2884 possidendas,
728 2823 792 2882 quo
808 2804 894 2866 circa
905 2801 1096 2868 officialibus
1108 2803 1258 2884 magistri
1268 2799 1399 2868 Nicolai
1415 2801 1476 2865 filii

345 2908 466 2975 Briocii
482 2911 676 2975 mandantes
701 2911 896 2994 precipimus
913 2959 919 2973 .
937 2961 942 2973 .
961 2915 1121 2990 quatenus
1138 2909 1213 2974 visis
1229 2931 1303 2974 mox
1319 2909 1474 2993 presenti-

342 3018 411 3096 bus,
421 3018 635 3102 possessiones
646 3025 678 3082 et
688 3019 854 3100 porciones
865 3019 1132 3101 possessionarias
1149 3017 1247 3082 Pauli
1259 3017 1400 3099 predicti
1416 3038 1474 3099 pro

346 3127 438 3191 nobis
449 3133 621 3208 occupatas
632 3127 765 3190 reddere
777 3125 920 3190 debeatis
934 3124 1037 3188 eidem
1048 3129 1080 3189 et
1089 3125 1255 3208 resignare
1270 3125 1475 3200 indemniter,

343 3235 499 3299 dilacione
531 3242 563 3298 et
588 3236 754 3301 occasione
780 3233 977 3318 quibuslibet
1001 3233 1218 3315 proculmotis,
1253 3233 1343 3298 aliud
1369 3233 1477 3298 facere

344 3364 407 3407 uon
424 3341 587 3408 audentes.
615 3343 739 3406 Datum
752 3341 854 3417 Rode,
880 3342 912 3404 in
939 3341 1020 3404 festo
1046 3339 1132 3404 beati
1158 3339 1301 3406 Emerici
1328 3339 1418 3405 ducis
1445 3347 1477 3404 et

343 3450 541 3528 confessoris,
557 3472 641 3515 anuo
657 3450 777 3532 domini
793 3447 868 3512 Μ1110
885 3446 1007 3515 000110
1023 3447 1127 3513 XL¹¹¹⁰
1143 3467 1243 3512 nonos

451 3595 603 3658 Hatlapjan
617 3609 692 3644 veres
707 3594 818 3642 via-saba
839 3598 969 3655 nyomott
991 3592 1186 3657 gy'r'rrll-peoset
1208 3595 1376 3658 nyornsival,
1395 3596 1469 3656 mely

343 3687 415 3735 alatt
428 3703 442 3735 e
456 3687 557 3735 anavak
571 3684 754 3734 olvashatok:
777 3684 895 3732 rrelaeio
914 3683 1021 3732 Nicolar'
1046 3682 1098 3731 filii
1108 3683 1236 3732 Briocii«
1257 3683 1397 3748 Eredetije
1410 3699 1427 3733 a
1440 3685 1477 3732 N.

343 3777 538 3840 Muzeuurban,
553 3791 568 3824 a
583 3775 650 3824 debs
663 3790 698 3824 es.
712 3773 849 3822 ltdraban.

870 4029 942 4088 193.

346 4171 440 4232 1349.
460 4193 522 4233 cor.
540 4171 568 4232 8.
588 4167 616 4231 A
634 4168 731 4232 hodor?
756 4169 909 4254 l‘dploloa
928 4168 1076 4253 ιφἰῖιιιΐέειι
1104 4169 1132 4232 Ι.
1152 4167 1247 4252 Lajos
1273 4167 1435 4253 &relabor
1452 4191 1475 4230 (ι

348 4275 453 4340 Lo-lror'
470 4275 531 4339 Pu'l
547 4297 561 4337 s
578 4301 598 4337 u.
614 4277 765 4338 szerencsi
780 4280 869 4361 epm-
885 4277 916 4338 e‘s
934 4275 1068 4338 Monadi
1084 4275 1212 4361 Milro'ly
1233 4273 1390 4338 birlokailr
1407 4275 1478 4337 ledat

465 4383 564 4468 selred
580 4388 660 4449 vitris
676 4385 865 4470 terrestrem
879 4385 1060 4449 tolerarat
1077 4382 1317 4468 megjdrdsdrdl.

452 4531 663 4594 ..Ludovioo
689 4583 718 4594 ..
745 4531 813 4612 regi
839 4579 869 4594 ..
895 4529 1077 4612 capitulum
1101 4529 1263 4593 Budcnsis
1289 4529 1476 4593 ecclesie..

343 4639 454 4708 literas
472 4688 502 4701 ..
526 4639 651 4704 comitis
678 4637 802 4702 Thome
836 4637 952 4702 iudicis
979 4639 1067 4702 curie
1092 4643 1196 4704 vestre
1222 4658 1279 4702 sue
1306 4635 1480 4702 iudiciarie
