3180 5470
600 567 694 628 1351.
714 585 784 629 urs.
804 571 831 630 3.
867 531 878 546 '
1204 573 1268 634 447

129 745 351 830 capitulorum
368 743 599 828 Strigoniensis
616 749 650 808 et
665 742 836 826 Agriensis
855 744 1061 811 ecclesiarum
1079 743 1171 812 nobis
1196 769 1270 832 pre-

129 855 289 934 sentavit3
305 855 339 918 in
356 875 495 937 quarum
509 853 604 917 unius
621 851 743 917 scilicet
765 853 898 936 capituli
925 853 1055 918 ecclesie
1073 851 1271 938 Strigouieu·

130 965 174 1027 sis
191 961 287 1028 litere
302 961 514 1046 privilegialis
541 962 574 1024 in
600 981 684 1025 anno
710 961 830 1025 domini
856 963 930 1026 Μ1110
956 959 1048 1026 0οῑ110
1073 965 1272 1047 sexagesimo

130 1091 215 1134 nono
233 1071 378 1135 confecto
395 1077 507 1134 tenore
524 1069 798 1146 adinveniebatur‚
829 1071 916 1152 quod
932 1070 1048 1136 nobilis
1065 1073 1113 1135 rir
1128 1071 1273 1138 Alexan·

132 1179 190 1243 der
206 1177 295 1244 filius
313 1179 402 1244 Pous
417 1175 491 1260 (stb.
509 1179 529 1242 l.
550 1182 640 1260 egesu
658 1177 907 1260 terjedelmtben
924 1178 1051 1242 korolve
1066 1180 1192 1246 »Hauai
1208 1181 1273 1247 Ok-

131 1291 305 1371 manytar‹
324 1287 407 1356 VII.
425 1291 499 1352 110.
510 1285 554 1370 1.).
571 1287 612 1351 In
629 1265 764 1351 alterius
783 1309 857 1351 rero
874 1287 1022 1353 videlicet
1038 1289 1160 1354 domini
1176 1291 1274 1356 Ladi-

131 1398 194 1462 slai
210 1398 300 1482 regis
316 1397 412 1462 litere
432 1395 643 1480 privilegialis
660 1398 693 1460 in
710 1417 794 1462 anno
818 1396 939 1462 domiui
959 1398 1034 1462 Μ1110
1054 1397 1273 1464 ducentesimo

131 1507 376 1590 septuagesimo
402 1504 516 1588 quinto
542 1503 685 1570 confecto
719 1511 829 1570 tenore
855 1507 1068 1588 comperimus
1101 1507 1273 1582 evidenter,

131 1611 220 1697 quod
238 1615 308 1697 ipse
329 1613 504 1679 Ladislaus
530 1635 586 1676 rex
614 1609 688 1694 (stb.
706 1612 725 1676 l.
742 1615 911 1678 tartalmtt
927 1615 1049 1679 suinten
1069 1617 1160 1698 egesz
1179 1617 1274 1699 terje·

131 1721 302 1788 delmeben
319 1721 450 1786 kbzblve
473 1720 536 1785 ›H.
553 1718 775 1804 Okmauytar«
794 1721 874 1786 VII.
895 1727 965 1787 158.
982 1719 1028 1806 1.).
1049 1723 1089 1788 In
1116 1725 1218 1789 tercia
1235 1726 1274 1790 si-

132 1830 267 1914 quidem
284 1829 383 1894 litera
409 1828 603 1912 privilegiali
629 1827 706 1892 dicti
733 1829 866 1912 capituli
883 1829 1054 1914 Agriensis
1071 1833 1103 1895 in
1120 1853 1205 1896 anno
1221 1833 1274 1898 do-

134 1939 215 2004 mini
227 1938 304 2002 ΜΝ
320 1937 543 2002 ducentesimo
557 1937 776 2019 octuagesimo
786 1937 924 2004 secundo
935 1945 1084 2004 emanata
1094 1939 1275 2022 reperieba-

132 2053 196 2124 tur,
223 2047 312 2128 quod
338 2045 497 2122 Mathius‚
523 2045 605 2109 Bors
631 2041 707 2128 (stb.
734 2045 753 2110 l.
783 2045 845 2112 »Η.
878 2044 1036 2112 Olrmttr«
1065 2045 1165 2114 VIII.
1192 2047 1270 2132 tot).

133 2153 285 2238 Quarum
302 2153 433 2238 quidem
451 2153 619 2217 literarum
640 2139 892 2218 exbibicionibus
909 2155 1013 2232 faetis‚
1023 2155 1160 2238 predicti
1177 2155 1274 2221 Nico-

132 2263 207 2328 lans
224 2263 334 2327 dictus
351 2260 497 2344 Ghynige
514 2265 546 2325 et
563 2258 724 2344 Georgius
742 2260 826 2326 filius
857 2261 1017 2328 debannis
1045 2263 1115 2347 ipsa
1131 2263 1194 2328 duo
1211 2262 1274 2347 pri·

132 2371 255 2454 vilegiu
272 2369 489 2454 capitulorum
508 2368 736 2452 Strigoniensis
753 2376 785 2432 et
802 2368 973 2452 Agriensis
991 2371 1207 2453 ecclesiarum,
1218 2391 1276 2455 per

133 2478 320 2562 predictum
336 2477 544 2542 Dominicum
561 2477 662 2542 lilium
673 2478 788 2542 Douch
813 2477 965 2545 exhibita,
982 2501 1039 2562 per
1057 2499 1113 2544 nos
1130 2479 1275 2544 lecerunt

133 2587 285 2662 detineri,
315 2579 495 2650 asserentes
521 2592 557 2650 ut
581 2585 728 2668 predicta
752 2586 815 2651 duo
840 2586 1016 2671 privilegia,
1039 2609 1177 2652 unacum
1203 2588 1277 2652 aliis

135 2695 244 2759 literis
261 2695 406 2778 ipsorum
423 2715 521 2777 super
537 2694 795 2777 possessionariis
816 2694 939 2760 iuribus
956 2696 1098 2778 ipsorum
1116 2695 1277 2772 confectis,

134 2825 196 2888 per
214 2801 395 2884 Georgium
412 2807 445 2866 et
462 2801 601 2866 Paulum
618 2800 700 2866 lilios
717 2801 794 2866 Isalr
813 2803 1026 2885 personaliter
1042 2804 1075 2868 iu
1091 2805 1193 2870 nostri
1204 2825 1277 2886 pre·

135 2911 249 2976 sencio
276 2915 431 2988 astantes,
447 2909 487 2972 de
513 2908 648 2973 ecclesia
679 2914 788 2974 sancte
814 2908 983 2974 Elizabeth
1010 2909 1044 2974 in
1060 2910 1147 2975 dicta
1163 2909 1278 2976 Malah

135 3019 293 3083 existenti
313 3016 431 3081 furtive
448 3016 558 3080 ablata
585 3016 773 3098 extitissent,
790 3037 936 3100 nuncque
963 3018 1025 3100 ipsi
1050 3018 1177 3083 eosdem
1195 3019 1277 3083 filios

136 3129 220 3194 Isalr
237 3148 335 3210 super
352 3126 439 3191 facto
455 3125 640 3190 eorumdem
657 3125 898 3208 privilegiorum
910 3131 1023 3190 contra
1034 3147 1066 3190 se
1077 3125 1119 3191 ad
1135 3135 1279 3192 nostram

136 3235 345 3321 presenciam
361 3233 403 3297 ud
420 3253 541 3299 causan
558 3232 777 3310 attraxissent,
802 3237 833 3296 et
860 3231 979 3296 ibidem
996 3232 1152 3313 quasdam
1169 3235 1279 3298 literas

135 3343 310 3411 citatorias
343 3341 478 3426 capituli
507 3341 639 3406 ecclesie
664 3339 833 3423 Agriensis
862 3340 953 3406 uobis
984 3347 1220 3424 presentarunt,
1247 3345 1279 3408 in

136 3451 259 3535 quibus
278 3502 284 3515 .
302 3501 308 3514 .
334 3449 471 3514 vidimus
488 3448 655 3526 contineri,
672 3447 757 3529 quod
773 3450 807 3512 in
823 3449 967 3532 personis
983 3447 1112 3514 Nicolai
1129 3455 1162 3515 et
1178 3449 1280 3516 Geor-

137 3561 183 3644 gii
200 3559 345 3624 filiorum
362 3558 387 3623 J
389 3559 525 3624 ohannis
541 3557 581 3621 de
596 3557 711 3621 Malah
736 3557 863 3622 domino
888 3558 957 3640 regi
973 3557 1095 3622 dictum
1112 3559 1280 3636 extitisset,

138 3669 229 3753 quod
245 3668 398 3732 universa
414 3666 630 3731 instrumenta
648 3666 789 3748 ipsorum
815 3685 913 3747 super
928 3666 1181 3748 possessionibus
1198 3666 1280 3750 ipso·

136 3799 213 3842 rum
231 3775 397 3858 Haripan,
414 3775 516 3840 Kezw
532 3779 565 3839 ct
589 3773 722 3840 Rechlre
746 3775 867 3840 vocatis
892 3773 1046 3856 confecta,
1064 3771 1225 3859 Georgius
1249 3781 1282 3839 et

137 3885 268 3952 Paulus
284 3883 343 3948 filii
360 3883 439 3948 Isalr
455 3889 568 3950 contro
590 3881 788 3946 voluntatem
814 3882 954 3964 ipsorum
980 3887 1128 3946 tenerent
1154 3889 1187 3948 st
1209 3905 1281 3948 con·

137 3999 431 4076 servarent3super
443 4013 506 4075 quo
517 3991 600 4056 idem
611 3990 757 4055 dominus
768 3995 878 4054 noster
889 4011 944 4053 rex
954 3988 1103 4054 fidelibus
1114 3992 1179 4055 suis
1191 3994 1280 4074 capi-

137 4103 209 4168 tulo
228 4101 362 4167 ecclesie
380 4100 552 4183 Agriensis
569 4150 599 4163 ..
623 4098 758 4163 firmiter
783 4096 986 4180 precepisset,
1012 4103 1172 4180 quatenus
1195 4099 1281 4183 ipso·

138 4233 214 4276 rum
231 4209 402 4274 mitterent
418 4208 580 4272 hominem
598 4257 604 4270 .
622 4258 628 4270 ,
652 4227 715 4288 quo
734 4211 882 4290 presente
903 4205 1090 4270 Demetrius
1115 4203 1199 4270 filius
1217 4205 1281 4270 Ki-

138 4320 223 4385 liani
255 4319 352 4383 homo
374 4317 488 4400 regius
514 4316 555 4380 ad
582 4315 741 4398 predictos
769 4311 946 4397 Georgium
972 4320 1004 4377 et
1027 4313 1168 4378 Paulum
1194 4334 1282 4379 acce·

138 4428 257 4506 dendo,
267 4425 419 4511 predicta
432 4425 647 4489 iustrumenta
663 4428 788 4507 peteret
804 4421 894 4486 reddi
912 4428 944 4486 et
960 4422 1088 4487 restitui
1105 4421 1145 4486 ab
1162 4422 1282 4486 eisdem

139 4536 223 4620 ipsis
239 4533 317 4599 filiis
334 4532 360 4596 J
361 4531 499 4596 ohannis
516 4529 728 4614 personaliter
754 4529 1023 4613 comparentibus,
1040 4530 1136 4614 quisi
1152 4530 1282 4595 restitu-

139 4644 230 4708 erint
244 4641 328 4706 bene
354 4637 495 4722 quidem,
520 4638 664 4721 alioquin
691 4637 807 4702 citaret
832 4635 958 4702 eosdem
985 4643 1098 4702 contra
1122 4637 1282 4722 predictos

140 4748 322 4816 Nicolaum
348 4753 382 4812 et
408 4747 587 4830 Georgium
611 4745 653 4811 ad
678 4745 797 4828 regiam
830 4746 1028 4828 presenciam
1053 4745 1094 4812 ad
1111 4747 1282 4811 terminum
