3138 5462
512 507 612 568 1347.
629 523 703 568 sor.
725 508 772 568 12.
1145 511 1205 570 151

91 691 193 749 extunc
208 705 323 766 penam
348 684 438 767 dupli
465 684 644 749 incurreret
669 705 706 748 eo
723 685 808 748 sacto
823 734 830 748 .
848 735 854 748 .
871 685 994 750 Datum
1011 687 1090 750 teria
1107 689 1208 751 tercia

90 793 220 878 proxima
243 797 319 856 aute
345 792 463 856 festum
488 791 641 859 Omnium
667 792 869 870 Sanctorum,
893 815 977 859 auno
994 795 1113 860 domini
1130 793 1205 858 Μιῃο

90 901 196 972 CCC¹¹²⁰
212 902 317 968 ΧΙ,1110
333 902 477 986 septimo.

182 1085 309 1148 Popiron,
322 1083 466 1147 hatlapjau
480 1083 572 1146 pecse't
585 1085 742 1146 nrourairal
754 1103 761 1148 3
774 1085 904 1148 eredetije
917 1101 949 1134 az
962 1101 1032 1136 orez.
1053 1087 1084 1136 u.
1104 1085 1204 1136 kiucst.

91 1184 147 1224 oszt.
162 1176 192 1224 N.
205 1177 238 1226 R.
252 1175 286 1226 Α.
304 1181 380 1226 1698.
395 1181 437 1228 58.
450 1175 518 1240 dipl.
532 1176 562 1225 lt.
578 1181 656 1226 3947.
677 1177 775 1226 Kozli:
796 1177 904 1227 Koraos
917 1177 951 1226 N.

560 1393 719 1400 m-

615 1615 665 1676 66.

92 1789 171 1852 terr.
187 1812 250 1852 uor.
271 1789 320 1851 12.
347 1787 376 1852 A
394 1787 494 1852 budoi
507 1789 663 1874 triptolemi
680 1789 751 1854 elr'itt
769 1790 927 1854 Demoleos
942 1792 986 1868 tir
1016 1791 1124 1854 Istron
1142 1789 1203 1853 loir.

81 1899 190 1981 jeppzo',
204 1901 235 1958 e's
252 1897 438 1960 testcorcuelr
450 1895 635 1978 Pdluokfla
654 1897 775 1976 Istru'u,
797 1898 907 1960 Heres·
927 1898 1069 1983 Xoprrid·
1087 1897 1204 1959 Bibae·-

87 2005 186 2090 Berep·
202 2005 297 2070 Pilia·
307 2003 469 2070 Szuturdr·
485 2007 516 2068 e's
532 2005 676 2071 Szobolcs
702 2008 880 2092 ru'rraeqpci
894 2009 982 2071 tczos
1007 2006 1203 2070 birtokru'kou

517 2116 751 2198 irrasosdozoctz

182 2345 210 2358 ..
227 2295 406 2378 capitulum
423 2293 585 2358 Budensis
603 2295 735 2360 ecclesie
752 2343 759 2358 .
777 2345 783 2358 .
800 2296 842 2360 ad
858 2297 1078 2360 universorum
1095 2344 1101 2359 .
1118 2343 1125 2359 .
1144 2316 1198 2358 no·

85 2403 180 2466 tiriam
205 2451 236 2466 ..
262 2401 408 2466 volumus
433 2402 608 2484 pervenire,
635 2401 720 2485 quod
746 2405 905 2486 magistro
937 2401 1102 2486 Stephano
1135 2401 1203 2467 filio

84 2508 232 2574 Dominici
249 2507 382 2592 speciali
400 2510 526 2573 notario
543 2557 550 2571 .
566 2560 572 2572 .
590 2509 746 2574 Ludorici
772 2560 803 2574 ..
829 2512 914 2592 regis
941 2559 971 2574 ..
999 2509 1096 2593 sigilli
1123 2527 1202 2574 rann·

84 2617 159 2694 laris,
174 2639 244 2680 cum
260 2617 361 2680 Petro
377 2613 443 2679 filio
460 2636 517 2680 suo
534 2615 575 2681 ab
591 2637 657 2680 nna
673 2624 774 2700 parte,
791 2623 824 2681 et
841 2617 1007 2701 Stephano
1024 2617 1090 2682 filio
1104 2619 1200 2684 Pauli

83 2725 132 2789 filii
147 2725 284 2790 eiusdem
301 2724 463 2788 Dominici
480 2723 591 2790 fratris
607 2727 656 2789 sui
677 2731 756 2790 natu
772 2726 902 2790 maioris
912 2746 951 2789 ex
961 2725 1075 2808 altera,
1092 2748 1199 2792 coram

84 2833 164 2897 nobis
179 2830 392 2916 personaliter
408 2831 601 2908 constitutis
617 2833 817 2915 propositum
843 2832 967 2896 exstitit
990 2853 1048 2916 per
1074 2833 1200 2900 eosdem

85 2991 89 3003 .
106 2991 111 3004 .
127 2949 160 3005 ut
174 2941 458 3024 possessionariam
484 2939 671 3005 divisionem
697 2940 937 3024 infrascriptam
962 2942 1047 3005 inter
1062 2963 1096 3005 se
1111 2941 1201 3007 fecis·

81 3055 165 3114 sent.
181 3102 187 3113 .
202 3055 358 3134 perpetuo
383 3048 584 3124 duraturam,
608 3047 757 3114 videlicet
782 3049 996 3132 possessiones
1020 3049 1112 3114 Bura
1136 3050 1201 3115 Ba·

80 3149 193 3224 rhanad
209 3165 241 3224 et
255 3157 487 3222 Kerekwduor
502 3164 611 3222 vocate
629 3158 662 3221 in
679 3158 831 3222 comitatu
857 3156 896 3222 de
913 3157 1148 3242 Heueswyuar‚
1165 3167 1198 3224 et

81 3268 214 3352 i'ossyan
231 3275 347 3333 vocata
363 3269 394 3331 in
411 3269 567 3333 comitatu
584 3266 833 3350 Neugradieusi‚
858 3289 895 3330 ac
911 3267 1060 3334 Chukmo
1076 3273 1109 3330 et
1125 3267 1200 3334 Bel·

81 3397 185 3440 mezou
200 3381 311 3442 vocate
337 3376 370 3438 in
396 3377 551 3440 comitatu
567 3376 760 3452 Bihoriensi‚
792 3395 914 3440 necnon
933 3373 1021 3458 Atye
1037 3383 1150 3440 vocata
1166 3369 1197 3439 in

78 3486 221 3550 romitatu
236 3484 275 3548 de
291 3483 408 3565 Bereg‚
423 3490 455 3547 et
470 3484 722 3566 possessionaria
738 3484 846 3564 porcio
862 3481 1081 3566 Bekasmeger
1097 3485 1129 3548 in
1147 3505 1196 3549 co·

77 3592 184 3656 mitatu
208 3592 372 3657 Pilisieusi
406 3592 588 3669 existentes,
620 3594 692 3656 cum
719 3591 867 3656 omuibus
893 3591 1148 3676 ..pertinenciis
1166 3643 1197 3660 ..

77 3701 235 3764 cessissent
252 3750 259 3762 .
276 3752 282 3763 .
299 3699 332 3762 in
350 3700 400 3764 ius
417 3705 450 3763 et
464 3699 697 3782 proprietatem
714 3701 857 3782 ipsorum
874 3701 1022 3783 magistri
1040 3700 1196 3784 Stephani

76 3813 104 3869 et
118 3807 205 3870 Petri
221 3807 279 3872 filii
298 3808 346 3871 sui
365 3805 584 3889 perennaliter
600 3806 807 3890 possidende3
824 3829 840 3870 e
858 3829 1009 3873 converso
1027 3811 1198 3892 possessio-

76 3937 125 3978 nes
140 3915 215 3980 Eur
230 3923 262 3980 et
277 3913 404 3998 Apathi
422 3921 531 3979 vocate
557 3937 595 3980 ac
621 3917 787 3998 porciones
812 3917 1061 3998 possessionarie
1078 3917 1110 3980 in
1127 3939 1198 4001 pos·

75 4024 258 4088 sessionibus
273 4023 412 4088 Pathud
429 4031 461 4088 et
478 4023 605 4091 Gornez
632 4026 664 4088 in
690 4026 844 4089 comitatu
861 4023 1109 4101 Zothmariensi,
1127 4047 1198 4090 nec-

73 4153 127 4195 uon
142 4132 356 4214 possessiones
373 4133 464 4215 Boog
482 4129 617 4216 Gyurgy
628 4139 660 4196 et
670 4131 849 4215 >tog-Iucu
865 4138 975 4196 vocate
992 4133 1024 4196 in
1041 4133 1195 4197 comitatu

73 4239 215 4304 Zabooch
240 4241 425 4320 existentes
452 4239 602 4304 similiter
628 4261 700 4304 cnm
726 4238 875 4304 omnibus
894 4289 900 4302 .
918 4291 923 4303 .
941 4240 1197 4322 pertinenciis..

73 4347 233 4412 cessissent
258 4349 291 4411 iu
317 4345 368 4412 ius
394 4353 427 4411 et
452 4349 684 4429 proprietatem
711 4348 812 4430 ipsius
838 4345 995 4431 Stephani
1026 4346 1083 4410 tilii
1100 4347 1196 4412 Pauli

72 4454 174 4518 eodem
198 4454 292 4519 modo
318 4453 538 4536 perennaliter
564 4455 754 4538 possideude
779 4503 786 4517 .
813 4506 819 4518 .
848 4454 973 4518 Datum
999 4477 1057 4538 per
1082 4476 1195 4521 manus

71 4559 191 4626 discreti
209 4563 267 4626 riri
283 4562 432 4645 magistri
449 4561 619 4626 Benedicti
635 4562 763 4627 lectoris
779 4561 912 4626 ecclesie
923 4569 1039 4642 nostre,
1057 4565 1195 4629 secundo

70 4668 195 4738 dictasti
207 4669 292 4736 beati
303 4669 441 4739 Martini
452 4669 649 4752 confessoris,
661 4691 745 4736 anno
756 4671 875 4737 domini
887 4669 938 4736 Μο
953 4670 1074 4740 OOCmo
1091 4672 1195 4741 XLm‘*
