3138 5462
493 503 589 565 1347.
605 520 695 564 surr.
713 503 763 564 16.
1120 505 1182 566 129

72 679 153 743 modo
167 653 437 760 acquirendarum
464 689 497 746 et
512 680 776 745 inveniendarum
801 679 835 744 in
860 679 1016 757 futurum,
1041 681 1189 764 magistri

72 787 195 868 Bereud,
211 792 244 850 et
269 787 335 852 alia
359 787 516 853 medietas
542 788 644 872 ipsius
669 789 818 872 magistri
844 787 996 871 Gregorii
1022 795 1190 854 eteorum

72 915 272 960 successorum
290 894 358 960 fieri
376 895 530 961 deberent
547 898 580 961 in
596 903 805 980 perpetuum,
828 897 981 980 predictis
992 904 1100 962 autem
1116 918 1187 982 pos·

71 1003 250 1070 sessionibus
266 1003 410 1088 Nogzele
427 1011 460 1070 et
474 1004 621 1089 Kyszele,
647 1027 720 1070 cum
737 1007 810 1071 aliis
831 1005 977 1072 omnibus
994 1006 1036 1070 ad
1051 1009 1186 1072 terciam

71 1115 237 1195 porcionem
254 1115 402 1196 superius
419 1134 604 1198 expressam
621 1115 741 1196 positis,
767 1137 840 1179 cum
856 1136 968 1186 earum
994 1115 1189 1180 utilitatibus

70 1229 99 1284 et
112 1223 312 1303 pertinenciis
328 1222 484 1286 universis
511 1221 656 1304 predicto
681 1220 828 1287 Martino
853 1223 1004 1288 similiter
1028 1224 1099 1287 iure
1118 1246 1190 1308 per·

70 1335 155 1410 petuo
170 1327 428 1409 remanentibus;
453 1335 486 1393 et
510 1329 597 1412 ipsas
615 1329 853 1412 quinquaginta
878 1351 1013 1412 marcas,
1029 1337 1066 1395 ut
1082 1351 1189 1412 preor-

68 1437 201 1502 dinatum
218 1439 405 1516 exstitisset,
417 1437 502 1502 idem
519 1437 676 1520 magister
691 1437 821 1502 Bereud
836 1441 869 1503 in
887 1439 1023 1503 termino
1048 1459 1106 1522 per
1131 1460 1189 1503 nos

69 1547 249 1629 assignando
275 1545 379 1612 eidem
396 1546 541 1628 predicto
566 1547 722 1629 magistro
746 1545 893 1611 Martinc
917 1547 1039 1612 solvere
1065 1567 1186 1612 assum·

69 1655 168 1734 sisset;
190 1655 251 1719 hoc
266 1656 368 1720 eciam
386 1653 588 1719 ordinassent
604 1659 636 1718 et
651 1653 878 1718 assumsissent
893 1655 965 1738 pari
982 1675 1137 1719 consensu
1154 1661 1186 1720 et

66 1760 228 1839 voluntate,
245 1763 330 1843 quod
347 1764 374 1828 si
390 1783 543 1846 processu
562 1767 743 1846 temporum
769 1782 808 1826 ex
833 1761 986 1846 predictis
1012 1764 1184 1844 possessio-

67 1869 149 1934 nibus
166 1871 214 1934 rel
230 1871 490 1953 possessionariis
507 1871 712 1954 porcionibus
739 1872 896 1953 premissa
921 1869 1075 1934 divisione
1100 1868 1186 1934 factu

66 1977 101 2040 ad
116 1977 213 2043 dictas
228 1983 296 2043 tres
312 1985 422 2062 partes
439 1999 495 2043 seu
512 1980 678 2062 porciones
695 1979 806 2061 positis
817 1983 850 2041 et
861 1979 1028 2062 cessisper
1044 1979 1186 2058 aliquem

66 2085 164 2166 aliquo
179 2085 292 2150 ordine
308 2087 388 2152 iuris
404 2086 669 2168 recaptiraretur,
686 2094 718 2151 et
743 2087 928 2169 gravamine
954 2085 1097 2150 eiusdem
1113 2101 1192 2169 pos-¹

65 2193 201 2256 sessionis
228 2193 351 2258 scilicet
375 2200 508 2277 propter
532 2193 706 2258 indebitam
733 2194 978 2276 occupaoionem
1004 2191 1053 2257 rel
1077 2192 1186 2257 deten-

65 2301 176 2363 cionem
192 2299 310 2372 eadem
320 2303 479 2384 possessio
490 2301 538 2366 vel
549 2301 661 2382 aliqua
676 2323 752 2385 pars
769 2301 911 2366 eiusdem
922 2307 980 2364 aut
993 2299 1034 2364 ad
1050 2300 1185 2364 eandem

64 2409 285 2489 pertinencium
316 2409 507 2490 perderetur
539 2410 580 2474 ab
612 2410 731 2488 eodem,
763 2416 880 2474 extunc
905 2408 1001 2473 iidem
1033 2407 1181 2490 magistri

64 2515 216 2580 Martinus
242 2517 372 2580 Bereud
398 2522 431 2580 et
455 2515 635 2598 Gregorius
660 2519 871 2582 communiter
896 2517 999 2580 eidem
1023 2517 1063 2580 de
1089 2515 1181 2581 ouius

65 2625 204 2704 porcione
221 2625 292 2706 ipsa
308 2625 466 2706 possessio
482 2623 532 2689 rel
548 2624 800 2708 possessionaria
819 2625 929 2708 porcio
945 2625 1074 2706 perdita
1091 2628 1183 2704 esset,

65 2732 255 2814 reintegrare
270 2739 468 2796 tenerentur.
484 2730 609 2816 Quibus
619 2732 766 2797 omnibus
782 2733 876 2796 sactis
893 2738 925 2796 et
941 2733 1089 2815 peractis,
1099 2729 1183 2796 idem

65 2837 152 2902 homo
167 2839 283 2921 regius,
300 2840 502 2924 presentibus
518 2840 672 2922 predictis
688 2843 830 2924 ipsorum
846 2840 1046 2916 testimoniis,
1071 2839 1183 2902 habita

60 2945 82 3007 si
98 2947 221 3026 quidem
248 2948 395 3030 predicta
419 2949 672 3032 possessionaria
688 2951 850 3028 divisione,
876 2957 910 3014 et
934 2949 1087 3033 predictis
1113 2969 1180 3013 ma-

60 3054 158 3134 gistris
173 3055 304 3120 Berend
321 3063 354 3120 et
370 3053 529 3140 Gregorio
546 3107 552 3120 .
570 3107 576 3120 .
594 3058 674 3122 duas
690 3063 799 3140 partes
817 3077 873 3120 seu
889 3058 1056 3140 porciones
1072 3077 1131 3140 pro
1148 3079 1181 3122 se

58 3168 204 3243 perpetua
220 3162 401 3228 stabilitate
428 3163 622 3246 eligentibus
638 3169 671 3228 et
686 3163 931 3248 acceptantibus
947 3163 1006 3228 sub
1022 3163 1178 3229 condicio

58 3268 142 3332 nibus
157 3271 331 3353 premissis,
348 3277 381 3335 et
396 3271 496 3336 tercia
506 3273 656 3353 porcione
680 3272 869 3354 presignata
894 3271 997 3335 eidem
1023 3272 1180 3354 magistro

58 3377 192 3442 llartino
208 3378 360 3443 similiter
374 3381 444 3444 iure
462 3385 617 3462 perpetuo
628 3385 822 3458 remanente,
839 3380 1014 3461 unicuique
1030 3381 1177 3462 parcium

57 3483 195 3550 uidelicet
210 3485 293 3550 duas
309 3487 476 3570 porciones
502 3488 580 3570 ipsis
605 3489 769 3570 magistris
795 3487 924 3552 Bereud
952 3494 985 3550 et
1011 3485 1178 3571 Gregorio,

56 3599 88 3655 ut
111 3594 301 3674 premissum
326 3600 418 3672 esset,
450 3595 546 3659 simul
571 3602 603 3659 et
627 3595 764 3659 invicem
789 3595 1027 3678 recipientibus
1043 3597 1177 3661 terciam

56 3721 122 3764 rero
146 3702 329 3783 porcionem
360 3702 503 3784 predicto
534 3703 689 3786 magistro
720 3703 866 3768 Martino
891 3703 957 3767 filio
982 3703 1111 3768 Bereud
1137 3703 1179 3767 ad

55 3809 159 3888 predia
174 3809 365 3892 separanda
382 3817 414 3875 et
430 3817 466 3875 ut
482 3833 581 3895 supra
605 3817 752 3875 notatum
769 3817 825 3892 est,
843 3809 993 3894 'exceptis
1009 3813 1179 3894 possessio-

54 3915 140 3980 nibus
156 3918 243 3999 ipscs
270 3916 319 3980 rel
344 3915 520 3997 quemlibet
546 3939 654 3984 eorum
680 3919 749 3982 iure
775 3919 1034 4002 impignoratieio
1058 3923 1178 3984 contin-

53 4025 201 4105 gentibus,
217 4025 278 4090 sub
294 4032 451 4090 metarum
469 4029 677 4108 antiquarum
695 4027 958 4093 distinctionibus
975 4048 1076 4108 usque
1092 4012 1179 4093 nunc

54 4134 214 4210 scatentis,
231 4131 380 4216 partibus
406 4133 467 4198 sibi
493 4135 572 4218 ipsis
597 4137 629 4199 in
656 4136 829 4200 nominatis
855 4135 1110 4217 possessionibus
1127 4138 1175 4201 uel

53 4241 304 4318 possessionariis
328 4240 533 4323 porcionibus
559 4262 641 4322 quas
666 4243 807 4307 dividere
832 4244 1021 4326 potuissent,
1038 4243 1070 4306 in
1087 4245 1186 4308 nullo¹

53 4347 350 4427 contradicentibus,
368 4349 492 4429 absque
507 4351 684 4432 preiudicio
710 4351 828 4415 iurium
845 4353 878 4414 iu
895 4351 1042 4415 omuibus
1059 4358 1091 4416 et
1106 4351 1174 4416 ubi-

52 4475 108 4532 que
123 4455 342 4536 quorumlibet
359 4449 505 4540 aliorum,
523 4465 554 4522 et
571 4464 606 4522 ut
622 4460 708 4540 ipsos
722 4460 907 4542 contingere
925 4458 1176 4538 dinoscerentur,

52 4562 229 4645 reliquisset
246 4571 279 4629 et
298 4566 464 4631 statuisset
489 4575 644 4650 perpetuo
670 4569 878 4650 possidendas
903 4569 982 4651 ipsis
1007 4574 1040 4632 et
1065 4590 1175 4634 eorum

51 4672 280 4737 successoribus
298 4674 454 4739 tenendas
471 4682 503 4739 et
518 4674 700 4756 habendas;
724 4676 784 4740 hoo
809 4677 910 4740 eciam
937 4678 1176 4758 expressissent,

91 4807 244 4844 arrouxoar
261 4796 433 4847 oxulsxnn'u.
450 4809 475 4846 v.
486 4799 582 4848 ndens.
1053 4811 1067 4856 9
