3188 5470
689 523 874 590 snsouuonr
893 509 1109 566 onulsrrla.

857 687 930 747 209.

333 829 426 892 1350.
445 827 555 906 Bada,
565 825 650 912 febr.
670 827 721 889 13.
739 825 856 888 Miletos
871 825 1003 910 adprdbi
1013 827 1138 912 pilapblc
1165 829 1195 888 e's
1220 825 1345 912 kirolyi
1369 829 1455 890 tillus

331 937 490 1002 cancellar
507 935 577 998 eluit
594 934 735 999 Nekobei
751 933 857 1012 Decio,
874 933 1030 1020 Baronya
1042 937 1219 1021 odrmepyoi
1235 935 1348 998 bdrom
1364 935 1455 999 birlol·

330 1048 422 1110 otiati
447 1047 534 1110 όυάεΐ
560 1053 632 1122 lesa,
650 1043 729 1127 kopp
755 1042 875 1108 ezolcrr'r'l
899 1042 1019 1126 Ko'ropi
1040 1041 1161 1130 Fuzpus
1192 1045 1306 1107 resze‘re
1331 1067 1353 1106 a
1378 1043 1452 1108 bos:-

461 1153 533 1216 niot'
547 1150 703 1236 triptotum
720 1151 865 1237 e'rchnyea
882 1150 1018 1214 obiratol
1032 1150 1069 1214 ki
1083 1173 1120 1214 aa
1136 1150 1332 1215 dllilbosson.

439 1313 509 1380 Nos
525 1313 681 1380 Nicolans
697 1313 829 1378 ecclesie
854 1312 1085 1395 Zagrabiensis
1110 1313 1231 1378 electus
1256 1313 1458 1378 confirmatus

332 1443 437 1488 comes
454 1422 577 1506 capello
589 1427 621 1486 et
637 1422 829 1486 secretarius
846 1420 1059 1485 cancellarius
1076 1421 1196 1485 domini
1206 1420 1303 1504 regis,
1313 1423 1459 1487 memorie

333 1533 599 1609 commendamus,
625 1531 710 1615 quod
735 1531 891 1613 magister
915 1529 1012 1596 Denlr
1036 1530 1076 1599 do
1091 1529 1224 1595 Nekche
1241 1551 1350 1596 coram
1374 1530 1461 1595 nobis

333 1640 543 1724 personaliter
559 1640 759 1718 constitutus,
776 1659 834 1722 per
849 1639 978 1702 modum
995 1639 1241 1723 protestacionis
1261 1639 1353 1703 nobis
1370 1639 1461 1722 signi·

333 1747 429 1814 ficare
445 1749 579 1828 curavit,
597 1746 682 1830 quod
698 1748 851 1830 magister
868 1747 1014 1831 Phylpus
1040 1747 1079 1812 de
1095 1747 1234 1830 Korogh
1252 1753 1462 1831 preconccpto

253 1879 257 1890 ·
333 1857 513 1922 dolositatis
524 1855 769 1939 fomento‚super
778 1855 863 1920 facto
874 1856 1089 1938 quarumdam
1099 1857 1338 1940 possessionum
1347 1856 1464 1922 Zenth·

332 1965 438 2030 lanlou
448 1963 544 2030 Lulra
560 1970 592 2028 ot
601 1964 626 2028 J
628 1963 753 2045 agodna
772 1969 969 2041 vocatarum,
978 1985 1036 2046 per
1045 1965 1151 2047 ipsum
1168 1965 1361 2046 magistrum
1371 1963 1463 2028 Denlr

333 2073 394 2139 sibi
410 2093 430 2137 a
445 2077 616 2156 prenotato
631 2073 787 2154 magistro
803 2071 949 2156 Phylpus
965 2071 1182 2136 mediantibus
1203 2071 1274 2135 aliis
1294 2071 1400 2136 litoris
1416 2094 1465 2136 no

333 2184 409 2247 stris
426 2181 540 2246 exinde
556 2180 708 2246 confectis
724 2181 925 2264 deposicione
952 2181 1002 2245 sui
1021 2179 1195 2246 iuramenti
1214 2185 1464 2263 reoptentarum

334 2289 577 2356 convencionem
594 2307 667 2352 cum
683 2287 793 2352 eodem
809 2287 928 2368 facisse,
948 2288 1059 2353 literas
1076 2287 1287 2371 quorumdam
1312 2287 1466 2370 capitulo

334 2419 406 2463 rum
421 2405 453 2462 et
469 2396 652 2481 specialiter
677 2397 810 2480 capituli
835 2396 966 2462 ecclesie
990 2397 1169 2462 Bonnensis
1193 2399 1339 2461 emanari
1364 2397 1467 2462 facero

334 2507 504 2584 niteretur,
521 2511 558 2569 ut
574 2527 631 2589 per
646 2505 956 2569 bociurisdicciones
967 2525 1041 2569 suas
1058 2504 1091 2569 in
1102 2505 1197 2570 dictis
1213 2506 1468 2588 possessionibus

333 2613 462 2678 habitas
487 2614 573 2678 idem
590 2614 745 2696 magister
761 2613 907 2697 Phylpus
930 2634 989 2695 pro
1015 2634 1048 2677 se
1067 2615 1169 2697 possit
1190 2614 1372 2698 applicare3
1398 2635 1467 2678 cunr

333 2721 500 2786 tamenin
525 2721 610 2785 facto
627 2720 786 2786 dictarum
811 2721 1047 2804 possessionum
1075 2741 1148 2784 oum
1174 2721 1285 2786 eodem
1311 2723 1468 2804 magistro

333 2828 480 2912 Phylpus
505 2829 538 2892 in
559 2827 679 2892 nullius
705 2827 840 2911 capituli
865 2829 1031 2910 presencia
1056 2828 1192 2892 astando
1223 2830 1468 2894 consensionem

335 2936 463 3002 fecisset
487 2935 671 3018 aliqualem,
694 2935 779 2999 unde
805 2935 941 3000 eundem
964 2936 1156 3017 magistrum
1176 2936 1323 3018 Phylpus
1348 2958 1369 2999 a
1385 2957 1468 3000 reos-

335 3045 457 3127 pcione‚
474 3049 682 3125 prenotatam
698 3063 772 3106 vcro
788 3041 966 3125 capitulum
986 3041 1161 3107 Bonnensis
1173 3043 1305 3108 ecclesio
1320 3049 1354 3106 et
1370 3043 1470 3125 queli-

335 3153 390 3217 bet
406 3152 471 3216 alia
487 3152 630 3236 capitula
655 3173 692 3217 ac
708 3157 881 3215 conventus
907 3149 1066 3233 quoslibet
1091 3172 1111 3216 a
1136 3151 1268 3215 dacione
1293 3157 1325 3215 et
1341 3171 1470 3215 emana-

336 3262 426 3326 cione
443 3260 625 3325 huiusmodi
642 3260 810 3324 literarum
826 3281 884 3342 per
900 3259 1030 3324 modum
1040 3259 1286 3342 protestacionis
1302 3257 1471 3343 probibuit

336 3390 442 3434 coram
459 3367 551 3433 nobis
568 3417 574 3431 .
592 3418 598 3431 .
617 3421 623 3433 .
648 3367 773 3432 Datum
788 3367 891 3446 Bada,
908 3367 1043 3432 sabbato
1068 3368 1214 3450 proximo
1233 3373 1311 3432 anto
1337 3367 1470 3432 domini·

320 3455 406 3540 ‘cam
422 3477 598 3554 Invocavit
615 3498 699 3542 anno
715 3477 834 3540 domini
851 3473 903 3540 Μ0
932 3473 1052 3542 000ῑηο
1068 3476 1346 3559 quinquagesimo.

444 3639 578 3703 Papiron3
592 3639 739 3702 hatlapjan
749 3638 841 3702 psosot
853 3638 1052 3703 tbi-edekeiv013
1063 3638 1192 3701 oradetije
1207 3654 1239 3688 aa
1251 3653 1321 3687 orsz.
1329 3639 1361 3686 lt.
1373 3638 1472 3686 lsincsr.

338 3733 408 3778 oszt.
419 3730 452 3779 N.
466 3730 500 3778 R.
514 3727 547 3776 Α.
564 3731 641 3778 1509.
657 3733 696 3778 10.
711 3727 778 3790 dipl.
792 3732 859 3777 oszt.
873 3732 952 3776 4113.
966 3727 1178 3777 kozli:1(0vaos
1191 3729 1224 3777 N.

866 4035 939 4096 210.

341 4195 437 4257 1350.
455 4192 541 4278 febr.
567 4194 617 4254 20.
649 4187 718 4277 [ἶνις]
748 4197 909 4278 υάνιηεφῃε
940 4193 1101 4277 alispa'njo
1132 4197 1162 4256 e's
1188 4191 1381 4278 azolpobirrii
1404 4195 1478 4259 elon

338 4301 457 4384 Mincji
471 4301 588 4378 Jonos„
603 4299 760 4363 Helmoczi
776 4299 899 4364 Simont
914 4303 945 4364 «ἴε
962 4301 1075 4363 tarsati-
1093 4298 1157 4363 Laz
1167 4308 1246 4362 corut
1259 4299 1361 4363 hirtos
1379 4299 1478 4385 elfhp-

773 4407 921 4471 Ialosotol
936 4408 1030 4492 abja

444 4569 513 4634 Nos
530 4571 651 4636 Micael
667 4569 751 4634 filius
767 4571 900 4636 Marcus
926 4572 1100 4635 vicecomes
1120 4570 1269 4653 magistri
1285 4569 1419 4634 Nicolai
1446 4581 1481 4636 et

338 4686 476 4764 quatuor
492 4679 611 4743 iudices
627 4677 781 4742 nobilium
798 4678 837 4742 de
853 4679 965 4761 anh
990 4679 1103 4743 damus
1128 4698 1188 4760 pro
1204 4679 1368 4755 memoria,
1386 4680 1480 4760 quod
