3226 5462
606 480 856 560 1341161661.
1206 453 1208 458 ¹
1261 481 1300 558 ld

158 662 377 758 Margarethe
393 665 1084 762 11111616166611661616116616(1161166166
1101 694 1121 742 6
1137 669 1299 742 nobilibus

158 782 293 853 6161116
320 783 543 851 communibus
568 783 654 851 dicte
677 785 841 869 provincie
866 790 900 849 et
923 783 1074 850 villarum
1104 783 1297 860 hominibus,

157 891 347 975 specialiter
363 893 397 956 in
412 892 561 977 predicta
575 892 655 958 11116
671 892 811 977 Magyar
827 898 860 958 et
876 891 969 978 Ogya
994 891 1142 976 diligenti
1167 892 1296 957 1616611·

157 999 295 1082 gacione
310 999 492 1084 prehabita,
518 999 628 1084 palam
653 1001 785 1079 occulte,
809 1000 992 1084 ubicunque
1017 999 1178 1066 decuisset
1193 1005 1226 1064 61
1242 1019 1294 1064 ex-

158 1106 294 1190 pediens
310 1106 434 1186 fuisset,
449 1108 549 1174 talem
566 1109 606 1174 de
632 1108 903 1192 subsequentibus
928 1109 1096 1175 scivissent
1120 1107 1299 1191 1611161616,

157 1215 247 1297 quod
262 1222 430 1299 pretectus
446 1217 622 1284 Ladislaus
638 1217 724 1284 filius
740 1218 831 1284 Petri
848 1217 887 1282 de
905 1215 1045 1301 Magyar
1059 1216 1142 1282 feria
1157 1215 1299 1282 secunda

156 1324 309 1407 proxima
324 1331 399 1408 post
412 1325 597 1410 predictum
621 1325 740 1392 festum
765 1333 875 1392 666616
893 1325 1065 1392 Trinitatis
1081 1324 1123 1390 ad
1137 1323 1298 1408 prefatam

157 1433 395 1514 possessionem
421 1433 523 1517 ipsius
539 1417 669 1502 Nicolai
693 1435 806 1502 1166611
831 1441 978 1502 16661661
993 1434 1026 1498 16
1042 1433 1186 1519 predicto
1202 1433 1297 1498 eomi-

155 1547 231 1604 1616
259 1540 448 1608 Ρο66616661
471 1543 665 1610 Ι6116166166
689 1543 915 1628 potencialiter
938 1542 1103 1625 ueniendo,
1128 1539 1180 1606 die
1206 1540 1296 1606 clara

157 1647 298 1730 triginta
315 1649 395 1714 duas
405 1643 505 1734 equas
516 1651 707 1735 equaoiales,
718 1651 859 1735 exceptis
870 1651 1011 1736 poledris
1022 1649 1208 1715 earumdem
1218 1649 1295 1713 anni

157 1763 240 1820 tunc
255 1758 425 1840 presentis,
441 1779 497 1824 sex
524 1780 622 1842 equos
639 1759 776 1826 domitos
801 1780 873 1825 cum
898 1780 1009 1826 eorum
1033 1757 1132 1824 116616
1149 1762 1182 1822 61
1197 1756 1296 1840 sellis,

158 1863 279 1946 viginti
294 1866 443 1949 pecudes,
459 1873 588 1932 centum
608 1887 681 1934 6166
697 1875 730 1933 61
745 1887 859 1951 porcos
883 1867 1027 1933 eiusdem
1043 1865 1172 1932 Nicolai
1188 1864 1295 1949 depel-

157 1969 268 2053 lendo,
286 1973 416 2058 aliaque
433 1975 674 2060 quamplurima
689 1976 809 2041 damna
824 1973 1006 2058 irrogando,
1027 1973 1143 2040 abduci
1158 1973 1294 2056 16616661,

158 2100 246 2162 quas
277 2081 399 2149 scilicet
424 2103 523 2166 equas
549 2083 732 2167 equeciales
757 2105 830 2149 cum
856 2083 947 2166 equis
973 2102 1096 2147 necnon
1120 2080 1296 2164 pecudibus

155 2189 371 2274 quamplures
387 2211 426 2255 ex
441 2191 594 2276 predictis
616 2190 780 2258 nobilibus
805 2196 838 2256 61
862 2187 1082 2256 communibus
1112 2187 1296 2258 hominibus

154 2295 324 2380 prefatum
340 2299 532 2366 Ladislaum
541 2300 668 2386 depelli,
686 2299 831 2366 61661661
847 2298 959 2382 aliqua
974 2319 1014 2364 ex
1030 2297 1149 2364 eisdem
1164 2298 1295 2362 vendise

153 2405 278 2471 vidisse
294 2407 490 2475 retulissent.
506 2405 1294 2492 1761666616616111616611611161666111166Ρ6111

156 2535 222 2580 sue
239 2535 337 2598 prave
353 2518 560 2601 cogitacionis
586 2517 782 2583 desiderium
797 2518 830 2582 in
846 2517 964 2582 mentis
991 2535 1048 2580 sue
1073 2519 1196 2580 secreto
1221 2534 1293 2580 cou-

159 2630 304 2704 oeptum,
320 2625 353 2690 in
370 2624 631 2706 emanationibus
648 2625 807 2691 dictorum
827 2623 982 2690 falsorum
997 2625 1293 2702 instrumentorum,

159 2729 218 2795 dei
243 2732 358 2798 timore
381 2733 569 2817 postposito,
595 2735 681 2800 omni
701 2733 750 2799 sui
776 2732 954 2798 conaminis
985 2729 1091 2796 studio
1116 2729 1293 2796 laborando

154 2839 291 2923 inopus
307 2842 483 2924 producere
500 2863 564 2908 non
579 2861 700 2925 161666,
711 2840 753 2908 ad
762 2840 922 2906 dictarum
931 2839 1166 2922 possessionum
1182 2859 1294 2920 peren—

153 2946 268 3014 nalem
283 2951 459 3031 perniciem
469 2956 502 3016 et
512 2951 696 3016 eorumdem
712 2951 837 3016 comitis
848 2948 1017 3014 Merhardi
1033 2969 1072 3014 66
1087 2945 1216 3014 Nicolai
1233 2945 1291 3010 filii

151 3055 324 3124 Dominici
338 3057 513 3124 vindictam
530 3058 701 3141 capitalem
711 3059 914 3141 processisse,
926 3055 1203 3138 preexhibitarum
1222 3054 1292 3120 lite-

152 3185 269 3230 rarum
284 3165 450 3232 tenoribus
466 3165 696 3249 reperiebatur,
713 3172 745 3232 et
761 3165 878 3232 nedum
894 3170 1114 3248 protectorum
1129 3171 1201 3228 octo
1217 3163 1291 3228 1161-

150 3294 250 3338 orum
265 3275 495 3358 premissorum
508 3273 667 3358 rubigine,
682 3275 904 3339 verumetiam
915 3273 1010 3338 66166
1020 3293 1131 3338 661616
1147 3271 1290 3354 predicte

151 3381 251 3446 litere
279 3383 498 3466 privilegiales
523 3383 583 3452 sub
599 3384 726 3448 nomine
750 3382 920 3447 literarum
944 3379 1194 3465 privilegialium
1211 3377 1290 3444 dicti

151 3489 295 3573 capituli
320 3490 346 3556 J
347 3493 506 3558 auriensis
534 3510 592 3575 per
617 3493 725 3575 ipsum
759 3489 951 3557 Ladislaum
976 3490 1009 3554 in
1034 3488 1138 3554 forma
1162 3488 1229 3553 litis
1255 3490 1289 3552 in

151 3605 269 3664 nostro
286 3605 320 3664 et
334 3599 492 3666 baronum
517 3601 611 3684 regui
635 3605 809 3683 conspectu
834 3597 984 3682 exhibite,
1011 3618 1074 3680 que
1099 3603 1137 3676 ut
1160 3597 1290 3680 6161611-

151 3708 302 3790 gerimus
318 3709 498 3792 peripsum
513 3708 694 3793 capitulum
708 3708 732 3774 J
735 3709 883 3774 curiense
910 3707 1083 3792 diligenter
1099 3706 1289 3787 examinate,

152 3835 228 3880 6666
253 3836 318 3880 666
343 3815 473 3883 fuerant
496 3823 633 3902 reperte,
658 3819 739 3884 vicio
765 3815 917 3882 falsitatis
933 3816 972 3882 de
989 3817 1059 3880 iure
1075 3819 1226 3898 poterant
1244 3811 1288 3877 of-

149 3923 287 4002 fuscari,
310 3924 382 3990 ideo
407 3927 514 4009 ipsum
538 3925 729 3992 Ladisluum
754 3924 857 3990 1111616
883 3925 975 3990 Ρ6111
999 3925 1032 3988 16
1057 3929 1202 3988 nostram
1217 3941 1288 4004 pre-

150 4033 299 4098 senciam
309 4031 351 4097 ad
360 4033 445 4100 dicte
454 4054 550 4100 cause
565 4035 759 4099 decisionem
774 4031 904 4100 finalem
919 4031 1025 4098 redire
1041 4053 1105 4097 non
1121 4037 1288 4096 curantem

151 4142 248 4204 etin
275 4163 332 4206 666
358 4142 590 4226 culpabilitatis
615 4143 770 4209 indicium
795 4141 920 4208 616616
945 4142 1026 4206 16116
1051 4147 1084 4205 61
1108 4139 1234 4204 16611616
1253 4158 1287 4202 66

152 4250 288 4331 penitus
315 4249 547 4331 absentantem,
563 4253 691 4318 amissis
722 4252 789 4316 suis
814 4249 939 4316 iuribus
964 4248 1224 4333 possessionariis
1255 4252 1288 4312 et

151 4357 250 4422 bonis
277 4358 398 4440 ubique
425 4362 458 4426 in
483 4381 582 4444 regno
614 4359 825 4426 existentibus
846 4359 1012 4438 uniuersis,
1038 4363 1071 4422 et
1096 4358 1129 4420 in
1160 4353 1287 4422 duabus

150 4463 305 4548 partibus
322 4469 439 4533 nostris
454 4469 641 4548 iudiciariis,
666 4471 700 4532 in
724 4469 826 4533 tercia
850 4488 924 4532 vero
949 4473 1042 4549 parte
1070 4465 1286 4548 predictorum

150 4575 283 4639 comitis
299 4575 469 4642 Merhardi
485 4585 517 4643 et
532 4577 660 4644 Nicolai
670 4575 728 4641 filii
738 4575 900 4641 Dominici
916 4574 1069 4642 offensam
1086 4580 1119 4638 et
1133 4573 1286 4637 lesionem

150 4683 358 4765 paciencium
383 4685 531 4750 manibus
556 4685 737 4769 applicatis„
762 4683 1028 4766 quandocunque,
1055 4681 1236 4762 ubicunque
1254 4686 1286 4742 et
