3138 5462
358 442 401 502 98
703 451 889 500 auuouuom
905 438 1119 498 ouuturrla.

357 618 441 682 inter
467 612 683 698 possessiones
717 611 913 678 Jeneutelek
943 613 1046 696 ipsius
1077 608 1217 696 vop-voda
1248 614 1282 673 et
1310 606 1484 672 Bachanad
1563 694 1567 709 Ι

357 727 458 811 ipsius
484 723 632 808 magistri
658 722 814 805 Stephani
839 723 909 788 fieri
929 723 1039 808 possit,
1064 721 1111 786 ita
1131 720 1329 785 erectionem
1345 718 1484 800 ipsarum
1563 736 1567 776 τ

357 840 518 898 metarum
543 883 574 898 ..
600 833 792 897 ordinarunt
817 853 925 898 coram
949 832 1050 910 nobis,
1083 830 1169 912 quod
1194 835 1305 913 partes
1331 825 1485 892 adducent

360 939 573 1007 communiter
589 947 731 1024 quatuor
755 939 872 1023 probos
897 942 990 1018 viros,
1014 939 1164 1002 videlicet
1189 935 1363 1002 Nicolaum
1388 933 1484 997 filiurn

356 1049 529 1116 Michaelis
546 1048 585 1114 de
602 1050 717 1132 Woya
734 1048 873 1114 Paulum
883 1047 986 1112 filium
996 1048 1090 1113 Petri
1099 1046 1158 1111 filii
1169 1046 1310 1123 Iwanch,
1319 1043 1484 1125 Matthyus

358 1159 398 1223 de
414 1159 502 1223 Baas
518 1163 552 1222 et
567 1157 700 1240 Fogach
716 1157 755 1222 de
772 1157 914 1240 Fugach,
930 1147 986 1238 ita,
997 1156 1083 1236 quod
1099 1156 1125 1219 si
1141 1177 1224 1220 unus
1235 1176 1273 1218 ex
1283 1154 1362 1236 ipsis
1379 1151 1485 1216 adesse

361 1287 425 1330 non
441 1271 560 1350 posset,
576 1272 653 1329 tunc
669 1265 739 1330 loco
756 1265 857 1348 ipsius
874 1265 936 1330 erit
951 1263 976 1328 J
977 1263 1096 1328 acobus
1112 1262 1198 1326 filius
1214 1262 1325 1327 Deseu
1342 1261 1382 1325 de
1392 1259 1485 1335 Reda,

357 1375 385 1439 si
401 1394 475 1438 vero
491 1371 601 1455 plures
617 1393 657 1436 ex
672 1373 750 1456 ipsis
762 1371 942 1450 deficerent,
960 1377 1078 1436 extunc
1094 1377 1190 1436 eruut
1205 1369 1254 1434 illi
1281 1391 1362 1452 quos
1378 1377 1482 1451 partes

358 1477 408 1546 vel
424 1501 535 1546 eorum
551 1480 696 1544 homines
713 1480 872 1544 adducere
887 1485 1049 1563 poterunt,
1065 1485 1175 1543 tamen
1191 1486 1300 1563 preter
1316 1480 1417 1543 istum
1435 1475 1485 1542 Ni·

359 1589 486 1654 colaum
501 1587 604 1652 filium
620 1587 792 1652 Michaelis
822 1587 879 1652 alii
904 1587 1018 1652 famuli
1042 1587 1144 1672 ipsius
1169 1586 1308 1672 voyvode
1334 1586 1483 1650 iuteresse

359 1717 422 1760 non
447 1697 589 1779 possint3
623 1695 679 1776 qui
705 1695 835 1776 quidem
867 1701 1008 1776 quatuor
1038 1695 1131 1778 probi
1155 1697 1215 1760 viri
1240 1695 1378 1759 iurando
1404 1695 1485 1776 prius

359 1825 457 1888 super
482 1825 528 1886 eo,
553 1810 591 1868 ut
614 1803 710 1868 deum
735 1803 883 1868 habendo
908 1825 966 1888 pre
992 1803 1092 1868 oculis
1118 1804 1278 1868 iusticiam
1304 1803 1390 1867 inter
1406 1802 1486 1884 ipsas

359 1891 468 1994 partes
484 1911 654 1976 observent
670 1963 676 1976 .
695 1963 700 1974 .
717 1912 836 1976 vadant
847 1913 1018 1977 etvideant
1034 1912 1108 1976 illas
1124 1933 1217 1976 veras
1228 1918 1260 1976 et
1270 1917 1377 1977 rectas
1389 1918 1487 1976 metas

360 2026 484 2084 erectas
501 2019 701 2100 errantique,
725 2040 783 2104 per
808 2040 889 2100 quas
915 2020 999 2084 dicte
1026 2021 1242 2104 possessiones
1266 2019 1445 2085 Bachauad
1460 2027 1488 2082 et

360 2125 385 2190 J
387 2126 557 2190 eneutelek
573 2125 615 2190 ab
631 2127 766 2190 invicem
783 2134 993 2211 separantur-3
1011 2128 1127 2209 quibus
1143 2129 1220 2192 visis
1231 2134 1363 2193 atrecta
1377 2127 1488 2192 limita·

361 2235 451 2299 cione
468 2257 579 2300 earum
605 2237 739 2314 rescitis,
756 2239 864 2301 corar'rr
889 2239 997 2303 Iotore
1014 2237 1052 2302 de
1068 2239 1162 2323 Myse
1188 2245 1220 2304 et
1244 2239 1269 2302 J
1271 2239 1398 2304 ohanne
1423 2235 1488 2301 rufo

362 2341 401 2405 de
417 2341 615 2408 Erdeutelek
632 2364 670 2408 ao
686 2343 851 2426 Stephano
868 2345 907 2409 de
924 2345 1030 2430 Kulpi
1047 2347 1232 2414 homiuibus
1258 2347 1378 2412 nostris
1394 2347 1487 2427 regiis

360 2453 393 2512 et
408 2451 593 2515 testimonio
610 2451 744 2534 capituli
761 2451 894 2517 ecclesie
911 2450 1081 2532 Budensis
1108 2455 1194 2536 quod
1219 2460 1330 2539 partes
1357 2474 1489 2518 commu·

361 2557 445 2620 niter
462 2557 631 2640 adducent,
648 2561 733 2626 circa
748 2567 870 2626 veteres
896 2583 993 2626 novas
1021 2562 1149 2645 erigant
1164 2567 1267 2627 metas
1284 2569 1317 2626 et
1333 2562 1490 2626 ereccione

362 2669 523 2730 metarum
539 2665 626 2749 ipsas
642 2669 859 2751 possessiones
875 2668 916 2734 ab
933 2671 1068 2734 invicem
1079 2671 1279 2754 distinguant
1291 2677 1323 2735 et
1334 2675 1491 2753 separent.

360 2776 398 2834 ut
413 2771 563 2856 deinceps
579 2773 752 2839 altercacio
768 2775 838 2840 fieri
863 2799 926 2842 non
953 2779 1055 2861 possit
1079 2781 1164 2844 inter
1180 2781 1286 2862 ipsas;
1309 2781 1372 2845 hoc
1387 2786 1490 2843 tamen

260 2963 267 2978 .
361 2900 521 2962 expresso,
537 2886 574 2944 ut
590 2883 616 2946 si
633 2883 709 2947 talis
726 2887 861 2949 terrain
879 2908 944 2970 qua
959 2887 1067 2970 fruges
1085 2893 1118 2952 et
1134 2895 1260 2972 segetes
1285 2888 1373 2953 cirea
1392 2893 1490 2952 metas

363 2989 520 3052 seminate
537 2989 680 3056 existunt
696 2992 791 3058 unius
809 2996 921 3076 partis,
937 2995 970 3058 in
988 2997 1037 3060 ius
1062 2996 1197 3062 alterius
1222 2998 1327 3080 partis
1352 2996 1490 3060 devolve-

361 3102 460 3174 retur,
487 3103 564 3161 tune
587 3096 696 3180 fruges
722 3107 754 3164 et
779 3109 903 3185 segetes
928 3105 974 3168 eis
1000 3124 1138 3186 quorum
1164 3111 1239 3169 sunt
1266 3106 1489 3180 restituantur,

362 3225 436 3266 cum
452 3225 516 3267 non
534 3205 634 3271 fuerit
659 3213 770 3274 notum
796 3210 950 3276 hactenus
983 3213 1034 3276 cui
1066 3215 1138 3297 ipsa
1169 3221 1257 3278 terra
1288 3213 1490 3290 devolvatur3

362 3320 583 3378 assumserunt
614 3321 722 3380 autem
753 3324 863 3401 partes
894 3321 988 3384 istam
1018 3321 1256 3386 ordinacionem
1282 3323 1342 3387 sub
1368 3320 1492 3385 vinculo

362 3418 601 3502 quinquaginta
617 3444 800 3490 marcarum
817 3426 994 3494 observare.
1011 3479 1017 3494 .
1035 3479 1041 3492 .
1058 3429 1182 3494 Datum
1195 3429 1298 3513 Bude,
1309 3432 1343 3494 in
1353 3431 1492 3495 crastino

361 3523 436 3589 festi
452 3524 643 3594 Natiuitatis
660 3533 763 3597 sancti
788 3533 813 3598 J
815 3535 950 3600 ohannis
975 3537 1136 3620 Baptista,
1161 3558 1246 3602 anuo
1271 3537 1393 3603 domiui
1416 3538 1493 3604 ΜΝ

363 3630 484 3698 000ωο
500 3634 605 3702 XLffl⁰
621 3640 767 3722 septimo.

471 3817 598 3881 Papirou,
612 3819 758 3883 heitlapjaiu
773 3822 864 3884 peeset
877 3824 1044 3885 nyornaival.
1064 3826 1203 3889 Eredetije
1216 3843 1248 3876 aa
1262 3843 1333 3878 orsz.
1348 3829 1378 3876 lt.
1392 3827 1493 3876 kint-st.

363 3909 429 3953 oszt.
444 3905 476 3954 N.
491 3907 523 3954 R.
537 3907 570 3955 A.
586 3913 609 3958 5.
625 3913 648 3957 4.
662 3910 728 3972 dipl.
743 3917 809 3960 oszt.
825 3917 904 3962 3918.
920 3915 1019 3962 Kozli:
1034 3916 1142 3964 Kourias
1156 3917 1188 3965 N.
