3180 5466
582 507 674 567 1351.
695 523 764 567 uno.
782 509 810 566 8.

652 796 724 854 327.

123 957 218 1018 1351.
236 955 346 1034 Barda,
363 955 427 1019 deu
445 955 474 1019 8.
492 955 521 1018 I.
533 953 637 1040 Luq'os
651 953 761 1038 kirrilp
772 978 793 1017 a
805 953 954 1040 Zomplda
969 959 1153 1041 odrmyyd
1174 955 1257 1019 Tor·

116 1065 222 1148 bvirrya'
253 1062 371 1126 Tumo‘s
397 1067 427 1126 e's
457 1063 588 1147 Mdtgsds
616 1062 695 1140 ¹sicil
730 1063 957 1125 ucinrlenaemlt
985 1063 1164 1147 birsdpolcis
1189 1065 1255 1130 alol

606 1170 762 1252 fdlmenti.

228 1333 298 1400 Nos
314 1333 494 1402 Lodovicus
512 1385 517 1395 .
536 1385 542 1397 .
567 1357 622 1400 rex
639 1387 669 1400 ..
693 1337 846 1400 memorie
872 1335 1140 1414 commendamus,
1166 1335 1252 1421 quod

117 1465 175 1508 nos
192 1465 253 1527 pro
269 1443 477 1508 alleviacione
493 1449 596 1508 status
607 1445 699 1526 regni
709 1445 812 1508 nostri
827 1445 976 1509 universa
987 1444 1108 1510 iudicia
1123 1451 1156 1510 et
1172 1445 1254 1510 iudi-

115 1555 240 1618 ciorum
259 1552 402 1635 quelibet
418 1553 614 1634 gravamina,
625 1573 761 1636 quorum
772 1552 854 1617 mole
864 1553 1044 1635 regnicolas
1057 1559 1183 1619 nostros
1193 1575 1252 1638 per

116 1663 262 1726 diversos
281 1663 370 1746 regni
386 1662 490 1726 nostri
507 1661 628 1726 iudices
645 1662 800 1726 hactenus
818 1661 1028 1728 diversimode
1044 1661 1250 1746 perturbatos

115 1771 216 1836 fuisse
236 1773 447 1855 percepimus,
464 1770 502 1834 de
518 1770 718 1853 prelatorum
746 1777 778 1834 et
794 1771 951 1836 baronum
978 1775 1161 1836 nostrorum
1177 1793 1253 1836 oon-

114 1880 187 1944 silio
203 1887 403 1963 promoturo,
431 1881 570 1961 exoeptis
603 1879 803 1943 solummodo
828 1878 1042 1944 solucionibus
1069 1900 1127 1962 per
1143 1900 1253 1962 quem·

115 2009 246 2072 cunque
263 1989 313 2053 vel
330 2008 540 2071 quoscunque
556 1988 695 2071 cuipiam
721 1987 939 2052 mediantibus
958 1987 1121 2071 aliquibus
1147 1987 1250 2054 literis

115 2095 322 2180 obligatoriis
340 2102 451 2180 sponte
467 2093 573 2159 facere
591 2096 750 2176 assumtis,
767 2095 806 2159 de
823 2097 910 2177 regie
927 2095 1095 2178 potestatis
1112 2097 1250 2180 plenitu-

112 2206 189 2270 dine
215 2207 344 2289 penitus
370 2211 403 2270 et
426 2206 460 2268 in
486 2209 552 2268 toto
579 2210 752 2281 cassantes,
769 2225 806 2268 ex
829 2227 914 2270 nunc
941 2205 1141 2289 presencium
1168 2206 1250 2270 serie

112 2312 356 2394 committimus,
374 2317 407 2376 et
423 2311 510 2376 vobis
536 2312 690 2395 palatino,
716 2310 813 2376 iudici
840 2313 927 2376 curie
944 2319 1061 2391 nostre,
1078 2313 1250 2379 comitibus

113 2420 357 2506 parochialibus
374 2428 406 2486 et
422 2419 581 2486 iudicibus
608 2419 763 2484 nobilium
790 2419 1008 2503 quorumlibet
1031 2423 1250 2504 comitatuum,

107 2531 251 2614 aliisque
267 2529 432 2614 quibusvis
448 2527 607 2594 iudicibus
624 2549 679 2593 seu
696 2527 880 2594 iusticiariis
900 2530 991 2611 regni
1010 2531 1119 2611 nostri,
1137 2527 1240 2594 eccle-

110 2639 255 2705 siasticis
280 2638 329 2702 vel
348 2635 555 2715 secularibus,
581 2635 697 2719 quibus
716 2641 882 2720 presentes
908 2637 1130 2716 ostenduntur,
1156 2637 1248 2702 firmo

109 2750 202 2830 regio
219 2747 279 2812 sub
295 2748 400 2812 edicto
416 2746 530 2810 damus
547 2747 579 2810 in
596 2747 766 2823 mandatis,
778 2751 935 2828 quatenus
956 2745 1084 2811 amodo
1100 2746 1246 2812 Domini·

110 2879 186 2922 cum
212 2855 317 2920 filium
342 2855 465 2920 Thome
490 2860 523 2918 et
547 2853 738 2918 Ladislaum
764 2853 865 2919 filiurn
897 2855 1023 2920 Mathis
1048 2853 1087 2920 de
1112 2854 1246 2921 Tarkan

110 2967 288 3030 comitatus
305 2963 540 3039 Zemliniensis,
557 2962 685 3027 racione
711 2963 893 3044 aliquorum
919 2962 1118 3028 iudicialium
1135 2985 1247 3046 grava·

109 3075 237 3140 minum
254 3093 310 3136 seu
327 3072 550 3153 birsagiorum,
568 3071 598 3134 iu
617 3070 731 3153 quibus
748 3069 845 3134 iidem
865 3073 1019 3136 hactenus
1035 3093 1144 3138 eoram
1159 3072 1247 3138 vobis

108 3182 157 3246 vel
175 3181 288 3270 aliquo
303 3186 482 3244 vestrorum
494 3179 788 3262 quomodocunque,
803 3179 1071 3264 qualitercunque
1088 3187 1119 3246 et
1136 3187 1247 3246 eontra

109 3309 321 3372 quoscunque
337 3287 472 3352 convicti
489 3286 555 3350 fore
572 3287 791 3366 dinoscuntur,
817 3289 957 3370 exceptis
982 3289 1141 3354 duntaxat
1157 3289 1245 3354 solu-

108 3397 258 3464 cionibus
274 3420 331 3480 per
348 3399 433 3482 ipsos
459 3400 615 3481 premisso
641 3400 734 3462 modo
766 3399 905 3482 cuipiam
934 3399 1115 3463 voluntarie
1139 3397 1245 3462 facere

107 3507 275 3588 assumtis,
300 3505 485 3571 nullatenus
512 3506 712 3590 perturbare,
737 3527 794 3570 nec
821 3505 1007 3588 aliqualiter
1038 3526 1135 3588 super
1158 3507 1244 3590 ipsos

109 3614 226 3697 aliqua
241 3614 406 3680 iudicialis
423 3616 611 3697 gravamina
626 3615 783 3696 preterita
808 3613 891 3699 exigi
917 3613 1021 3678 facere
1047 3635 1244 3697 presumma-

107 3723 159 3800 tis,
172 3723 239 3786 imo
256 3722 383 3788 eosdem
398 3745 494 3805 super
510 3721 657 3786 omnibus
674 3721 865 3787 iudiciorum
876 3720 1050 3786 honeribus
1060 3723 1243 3800 transactis,

110 3830 256 3914 exceptis
273 3833 427 3912 protactis
445 3830 633 3894 voluntariis
650 3829 863 3894 solucionibus
879 3829 1041 3908 faciendis,
1058 3830 1149 3894 iuxta
1173 3852 1243 3913 pre·

106 3942 206 4006 misse
223 3941 330 4022 gracie
347 3947 454 4006 nostre
471 3940 606 4004 formam
632 3961 690 4024 por
705 3940 812 4004 omnia
831 3939 995 4023 expeditos
1015 3937 1242 4018 committatis3

107 4049 245 4114 obtentu
262 4055 370 4112 nostre
387 4048 494 4130 gracie
511 4067 602 4111 secus
620 4069 682 4111 non
698 4046 824 4112 facturi.
850 4047 975 4113 Datum
991 4047 1094 4124 Bada,
1110 4048 1143 4110 in
1160 4045 1241 4110 festo

107 4157 330 4240 concepeionis
355 4155 487 4238 virginis
513 4155 658 4240 gloriose,
685 4177 769 4220 anno
789 4156 909 4220 domini
927 4155 978 4219 M⁰
1007 4151 1127 4220 000ῐῃο
1153 4154 1241 4237 quin·

107 4265 298 4348 quagesima
315 4267 427 4348 primo.

220 4429 371 4492 Httlapjtn
386 4433 488 4493 gydr'us
502 4431 593 4494 penset
618 4428 880 4492 maradvdnyaival;
901 4427 1031 4490 credetija
1057 4441 1088 4476 az
1114 4440 1181 4475 orez.
1208 4427 1239 4474 lt.

106 4520 209 4569 kincet.
224 4523 291 4568 osnt.
302 4519 336 4567 N.
350 4521 383 4568 R.
397 4519 429 4569 Α.
445 4525 504 4570 861.
522 4525 561 4570 18.
575 4519 641 4582 dipl.
656 4523 721 4568 oszt.
736 4521 813 4568 4237.
836 4519 960 4566 Kdadlve
973 4517 1056 4567 nebai
1069 4517 1173 4566 Viucze
1186 4515 1239 4565 Ga·

107 4612 159 4658 bor
171 4609 365 4658 masolattbdl.
381 4610 401 4657 l.
416 4609 497 4672 bajus
510 4609 601 4671 kirtly
618 4609 753 4658 »Paulum
767 4609 856 4658 filiurn
869 4607 1017 4658 Laurencii
1030 4606 1063 4656 de
1076 4605 1180 4671 Pulrur,
1191 4606 1238 4656 Ni-

106 4700 221 4748 colaum
234 4697 415 4748 Benedictum
429 4705 457 4748 et
471 4701 644 4762 Stephanum
658 4700 729 4748 filios
743 4713 813 4763 suos,
828 4699 1001 4778 Tristianunr
1014 4697 1046 4746 de
1062 4697 1198 4760 Treptusa
1211 4701 1238 4746 et
