3188 5476
560 520 653 582 1352.
671 537 742 582 eno.
761 522 810 583 ll.
1190 523 1252 584 631

118 701 181 783 ipsi
197 699 357 784 prefatam
373 699 535 764 dominam
553 685 814 778 Claram,²iuxta
839 700 956 784 prefati
983 701 1145 785 privilegii
1166 707 1255 769 teno-

118 831 187 874 rem
206 829 302 892 super
318 811 390 892 ipsa
406 809 508 874 tercia
524 814 617 892 parte
634 808 758 890 prefate
776 809 985 893 possessionis
1003 810 1187 876 Felbarcba
1212 811 1253 878 ab

118 897 189 1001 ipso
206 917 322 983 Doncb
340 918 529 1001 expedirent
545 938 604 981 nec
620 937 669 998 ne,
685 917 782 982 iidem
799 916 857 984 filii
875 901 998 983 Thome
1015 925 1052 984 ut
1068 925 1116 983 est
1132 903 1255 984 dictum

118 1047 177 1110 per
194 1046 252 1090 nos
268 1025 426 1110 requisiti,
443 1025 577 1090 eandem
594 1026 756 1097 dominam
782 1025 914 1091 Claram
935 1047 1031 1110 super
1055 1029 1127 1111 ipsa
1154 1028 1255 1092 tercia

120 1141 217 1218 parte
232 1133 356 1217 prefate
376 1135 594 1216 possessionis
611 1135 651 1200 ab
669 1133 779 1200 eodem
797 1133 912 1199 Doneh
924 1133 989 1199 filio
1005 1135 1101 1200 Enck
1116 1135 1255 1200 liberare

119 1225 152 1306 et
169 1241 322 1326 expedire
349 1249 462 1325 sponte
489 1249 717 1308 assumserunt.
750 1241 873 1308 Verum
900 1245 978 1324 quia
1002 1241 1170 1326 prefati..
1195 1241 1254 1307 filii

119 1349 244 1416 Thome
275 1372 333 1433 per
366 1371 422 1414 nos
452 1349 595 1434 legitime
635 1351 792 1433 requisiti,
829 1351 920 1416 iuxta
945 1350 1064 1434 prefati
1089 1349 1248 1434 privilegii

118 1458 254 1543 capituli
279 1457 449 1542 Agriensis
477 1465 620 1524 tenorem
652 1459 849 1542 sepedictam
881 1459 1043 1525 dominam
1075 1458 1250 1526 Olarama

117 1566 245 1650 prefato
261 1565 378 1632 Doneh
394 1587 490 1650 super
505 1574 682 1632 memorata
709 1569 811 1632 tercia
834 1573 928 1650 parte
953 1565 1103 1632 iamdicto
1124 1590 1249 1652 posses·

117 1676 217 1740 sionis
231 1673 414 1740 Felbarcba
430 1675 578 1758 expedire
596 1726 625 1740 ..
650 1680 871 1740 assumserunt
895 1695 1003 1741 coram
1032 1675 1132 1754 nobis,
1159 1684 1191 1742 et
1215 1679 1249 1742 iu

118 1784 299 1848 statucionc
317 1783 419 1867 ipsius
450 1786 548 1852 tercie
582 1785 732 1868 partis..
757 1783 865 1849 nullus
897 1784 980 1849 alter
1010 1783 1072 1849 nisi
1103 1785 1251 1868 prefatus

118 1891 236 1958 Doneh
254 1892 471 1966 contradictor
496 1893 593 1958 fuisse
609 1893 852 1978 1·eperiebatu1·;
877 1891 949 1958 ideo
969 1913 1040 1956 cum
1062 1895 1179 1959 nostris
1203 1915 1251 1960 as-

117 1998 295 2066 sessoribus
311 1999 489 2066 iudioantes
505 1999 713 2077 decrevimus,
729 2005 766 2064 ut
782 2000 927 2064 homines
943 2000 1045 2066 nostri
1066 2001 1099 2064 in
1126 2003 1248 2068 octavis

118 2109 183 2174 diei
200 2107 415 2176 Strennarum
430 2109 575 2191 proxime
585 2108 728 2174 venturis
794 2107 950 2178 accedant
965 2107 1006 2172 ad
1022 2105 1137 2174 faciem
1151 2110 1252 2194 ipsius

119 2218 330 2302 possessionis
355 2215 538 2282 Felbarcha
564 2223 595 2282 et
620 2217 770 2300 ipsam..
795 2238 853 2301 per
878 2237 953 2282 suas
984 2235 1077 2282 veras
1095 2265 1125 2280 ..
1149 2224 1252 2286 metae

116 2327 330 2407 reambulent‚
347 2334 380 2392 et
397 2328 501 2410 ipsam
526 2327 658 2394 terciam
684 2334 810 2412 partem
828 2379 833 2392 .
852 2378 858 2392 .
884 2349 955 2393 cum
974 2326 1122 2392 omnibus
1138 2327 1204 2392 suis
1221 2377 1227 2392 .
1245 2378 1251 2393 .

116 2437 337 2520 pertinenciis,
363 2457 427 2501 non
453 2435 654 2502 obstantibus
671 2436 986 2502 contradiccionibus
1014 2435 1174 2502 dictorum
1189 2435 1249 2502 fili·

116 2566 210 2610 orum
227 2543 350 2611 Thome
368 2551 401 2610 et
417 2543 534 2610 Doneh
550 2543 608 2609 filii
634 2545 738 2623 Enok,
754 2543 855 2627 Myko
872 2565 910 2610 ac
928 2543 953 2608 J
957 2544 1092 2609 ohannis
1109 2543 1248 2612 filiorum

115 2653 248 2719 Nicolai
264 2653 348 2736 nigri
364 2658 397 2718 et
415 2653 538 2719 Thomu
563 2653 622 2718 filii
643 2653 669 2719 J
671 2653 815 2736 ohannis,
831 2657 979 2718 statuant
1004 2652 1108 2717 eidem
1124 2652 1251 2719 domine

115 2762 213 2830 Olane
229 2768 386 2847 perpetuo
402 2763 637 2847 possidendam,
664 2763 691 2828 si
716 2785 773 2846 per
798 2763 878 2828 alios
895 2784 958 2828 non
975 2761 1072 2826 fuerit
1089 2761 1249 2828 contradi·

114 2879 212 2950 ctum,
229 2870 481 2938 contradictores
498 2892 571 2936 vero
588 2872 615 2936 si
641 2872 696 2953 qui
713 2870 769 2936 alii
794 2869 922 2952 fuerint,
943 2875 1056 2935 contra
1071 2869 1175 2953 ipsam
1193 2869 1246 2935 do-

114 2979 237 3044 minam
254 2980 295 3044 ad
315 2984 459 3044 nostram
478 2985 587 3044 evocet
612 2979 822 3062 presenciam,
842 2980 884 3044 ad
900 2981 1050 3045 octavum
1066 2977 1149 3058 diem
1164 2984 1249 3044 octa·

114 3109 229 3153 varum
254 3088 317 3152 diei
342 3086 555 3154 Strennarum
581 3087 808 3172 predictarum.
841 3087 935 3154 Unde
962 3107 1034 3152 cum
1054 3087 1160 3152 omnia
1176 3107 1248 3170 pre·

113 3197 215 3262 missa
231 3217 289 3280 per
305 3216 360 3260 vos
379 3195 449 3260 fieri
466 3193 611 3275 velimus,
627 3195 727 3279 igitur
743 3200 847 3261 vestre
873 3195 1069 3260 sinceritatis
1086 3193 1249 3262 devocioni

114 3307 148 3370 iu
165 3306 285 3370 virtute
302 3309 411 3369 sancte
427 3302 611 3369 obediencie
627 3303 821 3373 auctoritate
831 3303 995 3368 ordinaria
1004 3324 1069 3387 qua
1085 3302 1250 3386 fungimur

113 3414 329 3499 precipientes
345 3411 544 3490 mandamus,
558 3418 718 3496 quatenus
735 3434 789 3477 vos
807 3413 839 3477 in
857 3413 976 3480 octavis
992 3411 1170 3495 prenotatis
1187 3411 1249 3476 diei

114 3521 331 3587 Strennarum
349 3521 456 3586 omnia
472 3521 629 3604 premissa
647 3572 653 3585 .
671 3572 677 3584 .
703 3543 774 3586 cum
801 3520 949 3604 partibus
967 3521 1131 3603 premissis
1148 3518 1248 3586 fideli·

114 3636 165 3694 ter
182 3636 216 3696 et
231 3628 465 3694 conscienciose
482 3629 613 3712 exsequi
632 3626 798 3709 studeatis,
814 3634 847 3693 et
863 3628 995 3711 posthoc
1011 3628 1152 3692 omnium
1177 3649 1248 3713 pre·

113 3737 286 3803 missorum
301 3737 416 3802 seriem
435 3784 442 3798 .
460 3783 466 3798 .
491 3735 687 3808 rescribatis.
705 3735 829 3801 Datum
840 3735 952 3819 Agris,
970 3735 1083 3819 quinto
1099 3735 1247 3802 dieocta·

113 3867 228 3912 varum
253 3845 326 3910 festi
351 3845 439 3910 beati
455 3843 589 3910 Andree
615 3845 753 3930 apostoli
778 3843 1007 3928 predictarum,
1026 3865 1110 3912 anuo
1127 3841 1247 3910 domini

113 3953 289 4020 Millesimo
310 3952 430 4022 ΟΟΟ1110
447 3954 714 4039 quinquagesimo
730 3953 877 4020 secunde.

203 4147 205 4150 -
221 4119 353 4184 Papiron,
362 4117 488 4170 sarlaten
500 4117 617 4168 monorb
639 4115 731 4180 pecset
753 4116 1013 4182 maradvanyaiva13
1037 4115 1167 4181 eredetije
1179 4131 1196 4167 a
1208 4117 1243 4166 N.

114 4211 309 4274 Muzeumban,
324 4209 484 4272 aMariassy
498 4225 533 4258 cs.
547 4207 793 4270 letetemenyeben.
