3180 5470
322 513 387 574 416
677 525 865 572 auronnoar
882 512 1096 572 orulsrrla.

321 685 407 768 Vnd,
423 694 535 754 contra
559 687 751 752 Ladislaum
775 686 878 752 filium
903 685 1081 764 Feuldruh,
1106 685 1284 765 Feuldruh,
1309 687 1457 754 Olemen·

321 799 386 858 tem
403 799 435 859 et
450 793 598 860 Blasium
613 793 695 858 lilios
712 793 811 872 Bake,
837 794 973 858 Petrum
998 791 1101 857 filium
1126 792 1152 858 J
1153 793 1299 872 ohannis,
1313 791 1457 858 Paulum

320 899 422 966 filium
445 901 549 966 Blasii
574 907 608 966 et
632 900 834 984 Stephanum
859 899 962 966 filium
981 899 1112 966 Nicolai
1138 900 1263 966 nobiles
1290 899 1330 964 de
1346 897 1456 982 Olazy,

321 1009 412 1074 iuxta
427 1009 663 1074 continenciam
677 1007 823 1090 priorum
838 1007 1009 1074 literarum
1024 1013 1219 1086 nostrarum,
1235 1009 1268 1072 in
1285 1007 1456 1091 quindenis

322 1115 513 1180 reversionis
538 1113 659 1180 domini
683 1115 786 1180 nostri
812 1115 898 1197 regis
924 1113 964 1178 de
995 1114 1144 1197 partibus
1173 1115 1401 1180 transmarinis
1425 1115 1457 1178 iu
1577 1131 1578 1138 ¹

321 1223 451 1288 Budam
467 1223 573 1288 locum
589 1222 764 1288 mansionis
781 1241 838 1288 sue
848 1221 929 1286 feria
949 1227 1068 1304 quarta
1083 1225 1230 1305 proxima
1246 1229 1322 1286 ante
1340 1220 1457 1288 festum
1576 1297 1578 1308 ,

324 1329 477 1398 Omnium
494 1330 688 1397 Sanctorum
712 1330 807 1410 facte,
832 1347 958 1396 morere
974 1331 1118 1398 habebat
1134 1352 1242 1396 coram
1258 1330 1360 1410 nobie,
1376 1332 1458 1413 regi·

323 1439 390 1505 nali
406 1440 587 1505 literatorie
603 1439 642 1504 de
658 1439 821 1518 mandato,
839 1437 881 1504 ad
896 1444 1025 1504 octavas
1041 1437 1116 1504 festi
1131 1439 1219 1505 beati
1229 1436 1366 1522 Georgii
1376 1457 1458 1502 mar·

323 1551 395 1616 tiris
411 1571 498 1615 nunc
513 1555 675 1627 venturas,
691 1548 842 1614 duximus
867 1547 927 1614 sub
952 1550 1053 1632 priori
1073 1555 1161 1615 statu
1177 1550 1372 1632 peremtoria
1388 1570 1458 1631 pre
1578 1543 1579 1598 l

325 1660 510 1742 rogandam
534 1659 660 1724 Datum
679 1658 781 1736 Bada,
806 1664 918 1722 octavo
943 1659 995 1724 die
1021 1660 1152 1724 termini
1177 1658 1350 1742 prenotati,
1373 1677 1457 1720 anno

325 1766 448 1832 domini
472 1765 525 1830 Μο
550 1767 670 1834 OOC¹¹²⁰
695 1766 972 1850 quinquagesimo.

429 1949 558 2015 Paplron,
579 1949 706 1998 atrlattn
728 1947 820 2012 pecset
833 1948 1011 2014 nyomaiva13
1031 1947 1161 2014 eredetije
1179 1965 1215 1999 aa
1238 1965 1308 1999 orsz.
1335 1949 1456 2015 ltarban,

324 2053 341 2086 a
355 2037 476 2102 Osicsery
490 2055 525 2088 ca.
539 2037 785 2100 letetemenyeben.

853 2385 927 2446 256.

329 2557 423 2622 1350.
441 2579 505 2622 noo.
525 2558 574 2621 17.
599 2555 736 2642 Aqydrr'
751 2558 906 2644 lcdptalun
926 2559 996 2624 etto
1013 2561 1105 2623 Pc‘ter
1114 2558 1166 2640 fia
1192 2557 1338 2644 Audyclz,
1354 2560 1460 2645 olpyat

327 2666 466 2750 Pozsooy
476 2666 657 2751 edrmeqyet'
664 2688 775 2744 acmes,
792 2665 930 2756 Mupyar
944 2675 1025 2731 nevit
1034 2666 1212 2754 helyadqbeu
1230 2689 1287 2753 epp
1301 2668 1459 2732 advorte!-

326 2775 377 2839 loct
391 2778 422 2838 e'a
438 2775 620 2838 tartoztkatr
636 2799 657 2840 a
673 2778 823 2862 mapyuri
836 2787 918 2841 secat
936 2778 1051 2841 kereeat
1075 2776 1283 2863 templombun
1290 2775 1458 2862 feldtluou

526 2883 724 2968 dodiopsdpos
738 2893 810 2948 saltz
825 2883 995 2950 oltctrdnulc
1011 2884 1250 2971 adomctnyozzo.

434 3061 503 3128 Nos
537 3064 716 3146 capitulum
749 3065 934 3131 ‹lauriensis
975 3065 1107 3131 ecclesie
1139 3115 1170 3129 ..
1193 3064 1458 3148 significamus..

327 3169 414 3253 quod
429 3172 584 3254 magister
599 3170 739 3256 Andych
754 3172 839 3238 filius
855 3173 948 3238 Petri
959 3173 1017 3238 filii
1027 3171 1159 3238 Andree
1174 3172 1292 3239 nobilis
1312 3173 1352 3238 de
1368 3173 1460 3258 Ogya

327 3278 367 3343 de
392 3281 548 3346 comitatu
573 3281 762 3347 Posoniensi
788 3282 828 3346 de
853 3282 1002 3348 districtu
1027 3281 1214 3362 Ohallolrus,
1239 3305 1348 3348 coram
1369 3283 1459 3348 nobis

327 3387 542 3471 personaliter
558 3391 752 3455 constitutus
785 3439 815 3455 ..
839 3391 932 3456 nobis
949 3389 1131 3474 significare
1150 3392 1284 3471 curavit,
1295 3392 1459 3474 quodipse

327 3517 428 3560 unam
445 3497 567 3562 curiam
583 3498 617 3562 in
627 3499 826 3582 possessione
836 3499 1460 3584 ipsornmhereditariaMagyarvocata

327 3605 362 3668 in
379 3602 464 3668 dicto
481 3605 636 3670 comitatu
651 3605 840 3672 Posoniensi
856 3608 890 3672 in
906 3607 993 3672 dicto
1018 3608 1167 3674 districtu
1184 3603 1364 3674 Challokuz
1381 3609 1460 3672 exis-

328 3717 461 3794 tentem,
478 3711 563 3776 inter
579 3711 751 3779 Nicolaum
767 3713 870 3780 filium
896 3715 1020 3781 Thome
1046 3717 1085 3782 de
1104 3716 1218 3782 eadem
1233 3715 1328 3800 Ogya
1343 3723 1377 3782 et
1391 3737 1461 3800 pos·

330 3820 504 3886 sessionem
521 3821 654 3888 ecclesie
670 3831 779 3888 sancte
804 3826 907 3890 crucis
923 3827 957 3890 in
973 3825 1086 3891 eadem
1104 3827 1306 3910 possessione
1322 3827 1461 3910 Magyar

328 3935 517 4008 constructe,
534 3951 607 3994 cum
640 3931 736 3996 terris
761 3931 1020 4018 Nogjanusseldy
1044 3935 1174 4015 vocatis,
1202 3954 1265 4018 que
1297 3935 1462 4000 continent

329 4037 362 4100 in
379 4058 414 4101 se
431 4039 600 4120 sexaginta
626 4039 740 4122 iugera
765 4047 927 4107 terrarum
952 4041 1124 4106 arabilium
1149 4043 1256 4107 minus
1272 4042 1406 4126 duobus,
1427 4049 1462 4108 et

329 4145 492 4226 quandam
517 4147 711 4229 particulam
737 4154 823 4214 terre
849 4171 868 4213 a
894 4149 1206 4235 Moscha-Magyary
1236 4159 1365 4230 emtam,
1389 4173 1461 4217 cum

330 4253 396 4318 suis
412 4253 612 4318 utilitatibus
637 4255 739 4338 pratis
756 4257 845 4321 silvis
861 4263 893 4322 et
909 4257 1003 4341 aquis
1019 4279 1057 4324 ao
1073 4257 1223 4342 pomerio,
1244 4265 1382 4343 excepta
1397 4261 1462 4326 Ra-

218 4395 223 4404 ·
329 4360 522 4445 machazegy
554 4383 653 4444 supra
669 4362 779 4428 villam
794 4363 973 4447 Wywasar,
1005 4365 1089 4429 inter·
1104 4367 1321 4448 possessiones
1337 4367 1463 4432 heredi·

328 4468 431 4532 turias
447 4467 549 4550 ipsius
575 4467 757 4548 existentes,
773 4475 806 4534 et
830 4469 947 4536 vallem
967 4470 1120 4536 Tekerew
1138 4473 1393 4556 circumquaque
1408 4473 1464 4537 ad-

330 4574 487 4639 iacentem
503 4597 605 4658 usque
621 4583 724 4642 metas
742 4575 869 4644 Gemba
890 4579 1124 4662 procedentem,
1140 4579 1281 4646 dedisset
1299 4587 1333 4646 et
1348 4581 1464 4646 donas·

330 4688 379 4746 set
395 4703 468 4746 aree
493 4681 587 4748 beate
613 4685 746 4766 virginis
772 4686 804 4750 in
831 4685 941 4750 eadem
968 4687 1105 4752 ccclesia
1130 4694 1239 4753 sancte
1265 4690 1370 4753 crucis
1389 4711 1466 4754 con·
