3180 5466
516 489 610 550 1351.
629 506 718 552 surr.
737 491 786 551 13.
1142 490 1205 550 515

83 685 180 729 camus
196 715 228 730 ..
254 665 340 748 quod
366 665 554 730 accedentes
580 665 622 728 ad
647 671 790 730 nostram
816 666 1016 748 presenciam
1035 665 1204 732 Jobannes

82 771 156 836 filius
171 771 319 836 Lndislai
335 771 394 837 tilii
407 772 513 837 Ektor
538 773 577 837 de
594 773 707 858 Bayon
733 771 774 836 ab
800 794 873 850 una,
889 779 981 855 parte
998 794 1036 836 ex
1053 772 1157 837 altera
1174 821 1180 836 .
1198 822 1205 836 .

82 881 224 962 magister
250 881 384 947 Cosmus
412 884 584 946 canonicus
609 880 984 947 ecclesioWaradiensis
1008 902 1115 964 pro..
1140 880 1205 945 De-

82 988 186 1052 metrio
204 1040 209 1052 .
228 1039 233 1051 .
260 991 408 1072 episcopo
424 990 634 1054 Waradiensi
660 991 786 1073 prelato
803 1011 860 1055 suo
878 1041 883 1052 .
902 1041 908 1054 .
933 989 1016 1054 idem
1036 989 1061 1054 J
1062 991 1204 1054 ohannes

83 1093 157 1158 filius
173 1097 321 1162 Ladislai
339 1148 345 1160 .
363 1151 369 1162 .
394 1097 556 1165 confessus
582 1105 639 1177 est,
656 1098 742 1181 quod
757 1099 826 1181 ipse
843 1103 978 1180 urgente
995 1098 1135 1182 quadam
1152 1119 1203 1162 ne·

81 1205 228 1280 cessitate,
254 1207 524 1288 possessionaries
558 1209 724 1291 porciones
759 1212 791 1270 in
818 1206 1072 1289 possessionibus
1104 1206 1203 1272 inira·

81 1313 206 1393 scriptis,
233 1334 314 1394 quus
340 1314 416 1378 olim
442 1315 525 1379 idem
558 1314 731 1378 Ladislaus
756 1319 849 1395 pater
873 1335 950 1378 suus
966 1313 1112 1378 Johanni
1138 1313 1204 1379 filio

80 1418 241 1484 Michaelis
258 1421 298 1484 de
315 1423 463 1486 Zelemer
480 1425 761 1505 impignoraverat‚
778 1427 810 1485 et
827 1443 908 1504 quas
919 1423 987 1504 ipse
998 1443 1017 1484 a
1028 1423 1127 1488 Petro
1137 1421 1204 1487 lilio

79 1526 209 1591 eiusdem
236 1527 398 1594 Jobannis
430 1530 625 1610 redemisset
652 1529 799 1593 videlicet
823 1531 856 1592 iu
882 1529 1006 1606 Ladan,
1032 1529 1144 1614 Bayon
1171 1537 1203 1594 et

80 1630 210 1718 Gurbey
226 1635 364 1712 habitas,
375 1635 477 1701 eidem
494 1637 621 1700 domino
638 1637 787 1718 episcopo
803 1658 861 1718 pro
871 1637 979 1701 decem
990 1639 1105 1702 marcis
1116 1659 1204 1720 gros-

78 1763 185 1824 sorum.
210 1765 354 1810 marcum
370 1745 549 1828 quamlibet
573 1745 810 1828 quinquaginta
841 1747 960 1826 grossis
977 1745 1199 1826 computando,

78 1851 161 1932 plene
179 1854 319 1936 receptis
336 1859 368 1918 et
385 1853 505 1919 hubitis
522 1853 563 1917 ub
580 1853 689 1917 eodem
706 1902 712 1915 .
731 1902 737 1915 .
763 1853 990 1934 impignoravit
1014 1874 1123 1918 coram
1146 1874 1201 1918 no-

78 1957 126 2032 bis.¹
142 1959 189 2022 ita
210 1959 367 2037 videlicet,
400 1961 485 2043 quod
511 1959 765 2042 quandocunque
791 1961 859 2042 ipse
885 1960 1011 2024 easdem
1043 1961 1200 2026 redimere

77 2067 207 2132 voluerit
223 2119 230 2132 .
248 2117 254 2129 .
279 2067 363 2130 idem
380 2063 542 2150 (dominus
557 2069 724 2150 episcopus
741 2064 814 2151 pro)
832 2089 891 2132 suu
915 2069 1052 2150 pecunia
1068 2068 1201 2151 capitali

77 2195 142 2236 cum
160 2178 296 2256 promtis
313 2175 455 2240 denariis
472 2198 527 2242 seu
544 2176 663 2258 grossis
689 2175 815 2240 easdem
841 2177 1111 2259 possessionarias
1129 2198 1201 2260 por-

42 2293 46 2302 '
74 2283 173 2346 aiones
199 2283 262 2346 sibi
287 2284 458 2347 restituere
488 2281 650 2346 tenebitur
678 2281 800 2362 ubsque
831 2283 1023 2348 difficultate
1054 2282 1200 2365 aliquali.

77 2389 192 2454 Datum
211 2390 345 2455 sabbato
361 2391 506 2473 proximo
522 2396 596 2473 post
611 2389 728 2454 festum
744 2389 854 2473 Egidii
874 2390 1013 2463 abbatis,
1039 2412 1123 2454 anno
1147 2390 1200 2456 do-

74 2499 147 2561 mini
162 2499 239 2562 Mer
255 2497 377 2566 ΟΟΟΠιο
394 2500 662 2581 quinquagesimo
678 2500 789 2582 primo.

175 2680 325 2745 Zsigmond
338 2679 487 2743 kirtlynak
504 2681 613 2730 1423-ik
626 2679 670 2729 evi
681 2679 777 2743 junius
806 2680 885 2730 15-en
907 2680 1016 2730 kiarlott
1038 2679 1197 2744 atirattbbl‚

72 2769 196 2831 molynek
210 2769 340 2834 credetije
366 2785 484 2834 megvan
498 2785 530 2819 az
545 2785 613 2818 orsz.
626 2772 658 2819 lt.
669 2771 768 2819 kincst.
788 2775 855 2820 oszt.
869 2771 903 2819 N.
916 2771 950 2819 R.
964 2771 996 2818 A.
1012 2774 1071 2820 856.
1086 2775 1110 2818 6.
1131 2770 1198 2831 dipl.

71 2871 133 2908 oszt.
151 2865 248 2910 11294.
274 2861 371 2910 szli:
394 2861 503 2910 Koraos
516 2861 549 2910 N.

597 3294 671 3356 313.

69 3450 162 3512 1351.
191 3450 297 3527 Budu,
325 3460 398 3535 sept.
417 3451 467 3513 13.
492 3451 519 3514 I.
541 3451 633 3534 Lajos
657 3449 765 3534 kirrily
790 3452 976 3536 merjbappjo
996 3475 1017 3514 α
1033 3453 1201 3535 jdszrivriri

65 3557 264 3640 prepostnulc,
289 3558 369 3641 bopy
393 3559 502 3640 jussui
527 3560 557 3620 e‘s
582 3557 700 3621 sornodc‘
716 3557 936 3642 jobbctqpuitol
965 3581 986 3620 a
1013 3558 1200 3622 Fslreteerdb'

66 3674 143 3727 uerit
172 3665 275 3728 birtok
305 3663 551 3728 busandlata'buu
580 3690 600 3729 a
625 3666 725 3750 szepsi
745 3665 936 3750 polqoirolrat
967 3665 1201 3750 briborqattatui

534 3797 571 3836 ne
596 3775 728 3857 enpedje.

174 3934 244 4000 Nos
259 3934 440 4000 Lodovicus
451 3985 458 3999 .
470 3969 482 3998 ·.
506 3955 580 3998 rex.
597 3986 603 3998 .
628 3933 846 4018 significamus
862 3985 869 3998 .
886 3986 893 3999 .
918 3933 1003 4018 quod
1020 3983 1026 3996 .
1044 3983 1050 3997 .
1075 3933 1100 3998 J
1101 3934 1198 3999 ohan·

63 4067 117 4108 nes
135 4043 296 4126 plebanus
313 4049 345 4106 et
359 4042 504 4108 «lacobus
529 4043 606 4107 civis
631 4045 757 4108 iuratus
782 4042 821 4106 de
848 4042 966 4126 Scepsy
993 4043 1058 4106 suis
1083 4048 1114 4106 et
1131 4043 1199 4106 uni·

65 4174 231 4217 versorum
247 4153 364 4217 civium
380 4174 418 4216 ac
433 4153 596 4234 hospitum
613 4158 797 4218 nostrorum
813 4152 853 4216 de
869 4152 982 4217 eodem
993 4150 1112 4234 Scepsy
1131 4153 1198 4216 vice

61 4267 93 4323 ct
109 4258 298 4330 nominibus
309 4258 351 4322 ad
360 4264 470 4324 nostre
488 4262 671 4325 serenitatis
681 4260 868 4324 accedentes
884 4261 1094 4343 presenciam,
1105 4258 1197 4322 nobis

62 4369 91 4430 in
118 4389 233 4438 eorum
259 4367 469 4450 querimoniis
494 4367 692 4444 detexerunt,
720 4367 806 4450 quod
830 4369 892 4450 ipsi
921 4367 1032 4432 silvam
1052 4373 1198 4431 nostram

61 4479 207 4560 regalem
233 4475 490 4540 Felretewerdew
515 4481 670 4554 vocatam,
684 4497 722 4540 ex
747 4475 976 4559 impedimento
1002 4482 1034 4541 et
1057 4474 1198 4558 prohibi-

60 4587 153 4649 cione
171 4584 375 4650 diversorum
391 4585 556 4649 hominum
573 4585 748 4648 vicinorum
765 4590 797 4647 et
814 4586 1199 4666 commetaneorumipso·

61 4717 141 4770 rum,
152 4698 190 4757 et
200 4693 384 4776 specialiter
400 4714 439 4756 ex
455 4697 547 4774 purte
563 4692 719 4775 prepositi
736 4691 774 4755 de
791 4691 896 4756 ‘leucu
907 4696 938 4754 et
954 4691 1198 4774 populorumuc

1039 4817 1089 4866 sa*
