3180 5466
584 543 675 603 1351.
694 559 765 602 rrae.
784 545 811 603 6.
1190 544 1252 603 533
1293 615 1296 622 Ι

122 721 231 800 Anna,
249 722 356 786 omnio
373 743 431 785 sua
459 727 525 786 tam
552 720 805 804 possessionaria
831 745 927 806 quam
945 729 977 786 et
993 721 1057 786 alia
1073 721 1145 786 iura
1161 721 1255 786 modo

121 851 184 914 quo
201 853 301 914 supra
317 831 421 915 ipsam
438 829 669 910 contingentia,
685 829 718 893 in
735 831 989 913 possessionibus
1007 830 1130 895 avitinis
1151 837 1256 914 pater·
1343 911 1347 922 ¹

122 939 171 1002 nis
188 945 219 1004 et
236 939 278 1003 ab
295 959 355 1003 ava
371 938 538 1016 devolutis,
555 937 685 1015 eisdem,
700 938 762 1021 ipsi
778 939 936 1022 magistro
953 937 1076 1004 Simoni
1094 939 1189 1003 fratri
1200 959 1258 1003 suo

119 1055 150 1112 et
167 1049 233 1112 suis
249 1047 430 1125 heredibus,
445 1054 515 1112 tum
540 1047 580 1110 ob
606 1067 748 1112 amorem
774 1048 886 1112 intime
903 1048 1046 1113 frateme
1063 1047 1254 1126 dileccionis,

122 1162 190 1220 tum
207 1157 307 1220 eciam
325 1155 364 1220 ob
381 1155 600 1220 condicionem
618 1154 859 1240 infrascriptam
875 1157 1053 1222 relaxasset
1069 1163 1102 1220 et
1117 1157 1256 1222 remisis-

120 1271 168 1330 set
185 1270 218 1328 et
234 1285 342 1328 coram
359 1263 450 1328 nobis
476 1265 509 1327 in
535 1269 725 1347 perpetuum
752 1263 837 1330 idem
862 1271 1053 1349 procurator
1072 1265 1254 1350 resignavit,

121 1395 247 1439 omnem
264 1373 344 1437 iuris
360 1372 591 1456 proprietatem
608 1377 641 1435 et
657 1371 789 1437 dominii
807 1373 856 1437 sui
867 1373 1054 1456 excipiendo
1064 1372 1103 1437 de
1114 1372 1252 1453 eisdem;

121 1483 270 1566 idemque
287 1483 444 1565 magister
461 1479 572 1546 Simon
588 1480 673 1546 filius
694 1481 847 1546 Mauricii
872 1483 906 1546 in
931 1481 1147 1547 omnimodam
1164 1481 1256 1546 satis·

120 1591 294 1656 factionem
320 1591 551 1674 resignacionis
577 1597 610 1655 et
634 1591 831 1655 remissionis
861 1591 981 1655 iurium
1015 1591 1255 1674 premissorum,

120 1699 281 1782 quoddam
299 1705 440 1764 castrum
458 1721 550 1762 suum
578 1697 707 1782 Somlyo
731 1705 887 1780 vocatum,
914 1721 1013 1784 prope
1032 1698 1164 1764 fluvium
1180 1697 1252 1763 Ka·

118 1829 218 1874 razna
235 1808 383 1888 existens,
410 1829 480 1872 eum
506 1807 760 1890 possessionibus
786 1809 827 1872 ad
854 1809 936 1875 idem
961 1807 1197 1892 pertinentibus
1222 1813 1254 1872 et

117 1917 202 1983 villis
220 1916 358 2001 Somlyo,
373 1917 551 1996 Pereehun,
570 1912 690 1999 Oheby,
711 1913 942 2001 Gyurgteluke,
959 1915 1100 2000 Hydueg
1125 1917 1254 1994 vocatis,

117 2049 189 2091 eum
208 2025 329 2090 tribute
346 2026 378 2088 in
395 2024 508 2090 eadem
524 2023 662 2109 Hydveg
688 2025 772 2107 exigi
798 2032 955 2108 consveto‚
980 2027 1058 2090 item
1083 2023 1255 2108 possessio-

116 2156 191 2200 nem
208 2133 438 2218 Myklouslaka
454 2134 644 2216 inpartibus
671 2133 909 2200 Transsilvanis
928 2135 1019 2199 iuxta
1034 2132 1165 2198 fluvium
1182 2133 1254 2198 Mo-

116 2265 172 2308 rus
189 2245 224 2308 in
242 2242 379 2308 Albensi
405 2244 500 2307 sitam
525 2243 688 2320 comitatu,
710 2265 781 2308 cum
814 2243 960 2307 omnibus
979 2295 1008 2308 ..
1032 2241 1250 2327 pertinenciis,

117 2351 177 2416 sub
195 2351 314 2416 eisdem
330 2351 425 2416 metis
442 2355 474 2413 et
491 2350 645 2429 terminis,
663 2349 779 2432 quibus
795 2373 852 2435 per
879 2351 1014 2416 eundem
1031 2351 1141 2416 habite
1158 2351 1253 2415 exsti·

116 2465 230 2524 terunt
245 2467 277 2524 et
294 2479 446 2543 possesse,
472 2465 647 2523 memorate
673 2458 773 2522 nobili
799 2459 926 2524 domine
943 2458 1039 2523 Anne
1068 2459 1170 2523 sorori
1196 2479 1253 2522 sue

115 2568 287 2632 karissime
304 2574 335 2631 et
352 2587 410 2650 per
425 2587 496 2630 eam
513 2567 579 2630 suis
595 2565 767 2631 heredibus
785 2619 791 2633 .
809 2619 815 2632 .
840 2567 887 2630 nil
905 2567 985 2631 iuris
996 2566 1107 2647 nilque
1118 2565 1254 2630 dominii
1308 2595 1311 2602 ·

116 2677 177 2742 sibi
195 2675 229 2738 in
245 2675 364 2739 eisdem
382 2679 414 2738 et
430 2673 496 2738 suis
513 2675 650 2756 posteris
667 2675 859 2739 reservando
876 2725 882 2739 .
901 2723 906 2736 .
931 2674 1118 2739 contulisset
1142 2679 1175 2738 et
1199 2692 1249 2738 oo-

114 2807 187 2849 ram
204 2782 313 2847 nobis.
330 2833 336 2845 .
353 2782 490 2846 contulit
506 2783 575 2845 iure
592 2789 747 2865 perpetuo
764 2833 769 2846 .
787 2834 793 2846 .
817 2781 1026 2864 possidendas
1044 2834 1050 2847 .
1068 2833 1074 2846 .
1099 2781 1157 2846 tali
1183 2781 1249 2845 vin·

115 2895 189 2959 culo
214 2913 273 2975 per
302 2899 411 2975 partes
436 2897 589 2972 assumto,
606 2891 691 2974 quod
719 2894 746 2956 si
772 2893 841 2975 ipsa
865 2891 995 2956 domina
1011 2890 1110 2956 Anna
1125 2891 1177 2956 vel
1201 2891 1250 2955 sui

115 3001 253 3067 heredes
270 3001 438 3081 utriusque
455 3023 548 3065 sexus
575 3000 695 3066 solacio
721 3001 976 3065 destituerentur
999 2998 1183 3078 liberorum,
1200 3021 1252 3064 ex-

115 3117 195 3174 tunc
211 3114 425 3174 memoratum
443 3115 584 3173 castrum
602 3114 634 3171 et
649 3108 864 3191 possessiones
881 3109 1029 3192 superius
1045 3107 1208 3172 nominate
1218 3107 1252 3171 in

116 3221 166 3284 ius
184 3223 218 3281 et
233 3217 465 3300 proprietatem
482 3214 624 3280 eiusdem
642 3215 788 3298 magistri
805 3214 945 3280 Simonis
961 3214 1009 3277 vel
1027 3236 1156 3279 suorum
1182 3235 1251 3280 suo·

116 3347 289 3404 sessorum,
305 3347 367 3389 non
385 3326 532 3390 obstante
548 3326 657 3408 aliquo
671 3326 738 3390 litis
751 3324 948 3402 intermedio,
964 3324 1203 3389 revolverentur
1220 3375 1226 3388 .
1245 3377 1251 3389 .

117 3433 318 3516 possidendo.
336 3432 370 3498 Si
387 3455 461 3498 vero
486 3434 590 3517 ipsum
616 3434 807 3516 magistrum
825 3431 986 3498 Simonem
1012 3433 1061 3496 vel
1077 3433 1179 3516 ipsius
1194 3432 1250 3496 he-

116 3541 210 3605 redes
229 3540 350 3622 absque
368 3540 484 3605 sobolis
500 3542 727 3622 procreacione
738 3561 831 3604 sexus
851 3540 1028 3605 eommunis
1044 3539 1139 3604 modo
1153 3539 1251 3605 simili

117 3650 251 3714 destitui
277 3651 485 3732 contingeret.
511 3650 596 3730 quod
622 3649 715 3726 absit,
741 3669 848 3713 omnes
881 3650 1097 3732 possessiones
1122 3656 1155 3714 et
1179 3649 1251 3714 iura

118 3758 255 3822 eandem
271 3757 432 3821 dominam
449 3755 581 3822 Annam
606 3758 699 3822 modo
719 3759 874 3842 premisso
890 3759 1122 3842 contingendis,
1139 3764 1172 3824 et
1188 3779 1251 3842 que

117 3866 158 3930 ob
174 3885 346 3948 personam
362 3864 489 3930 domine
506 3887 562 3930 ave
589 3889 644 3931 sue
668 3868 700 3930 iu
717 3867 970 3951 possessionibus
986 3867 1120 3951 Medyes
1137 3873 1169 3932 et
1185 3867 1250 3932 Ez-

117 3973 222 4038 dench
240 3973 358 4039 voeatis
375 3981 506 4056 possent
531 3974 715 4057 contingere
741 3976 810 4039 iure
835 3976 1051 4053 successionis,
1071 3975 1103 4038 in
1120 3976 1249 4059 propri·

117 4087 238 4145 etatem
256 4089 288 4147 et
304 4081 479 4147 dominium
505 4083 587 4147 dicte
613 4083 728 4148 nobilis
754 4083 881 4148 domine
898 4083 996 4149 Anne
1012 4104 1180 4148 suorumve
1195 4084 1249 4149 he·

117 4190 230 4254 redum
247 4211 340 4254 sexus
357 4192 526 4274 utriusque
551 4191 812 4273 devolverentur3
837 4199 986 4276 preterea
1010 4193 1087 4276 quia
1113 4213 1192 4257 avus
1216 4199 1249 4258 et

116 4304 213 4382 pater
240 4299 387 4382 magistri
414 4299 552 4365 Simonis
578 4301 706 4382 aliquas
732 4303 945 4384 particulares
971 4301 1186 4385 possessiones
1209 4299 1249 4366 de

117 4405 371 4490 possessionibus
388 4407 429 4471 ad
445 4407 550 4491 ipsum
567 4406 696 4492 Somlyo
713 4407 949 4492 pertinentibus
966 4408 1116 4487 abscisas,
1127 4407 1250 4474 scilieet

116 4515 236 4599 Vylak,
255 4513 365 4582 Sudak
382 4523 414 4580 et
430 4515 566 4581 Nicolao
583 4536 735 4598 germano
752 4517 903 4596 eiusdem,
923 4519 999 4582 item
1016 4517 1248 4602 possessionem

118 4623 216 4704 Zech,
232 4622 387 4688 Ladislao
404 4631 435 4689 et
452 4625 549 4689 Petro
566 4625 756 4692 contulisset
772 4631 927 4709 perpetuo
943 4627 1012 4690 iure
1038 4647 1096 4708 pro
1112 4623 1248 4690 fidelita-

118 4730 206 4795 tibus
224 4733 416 4810 eornmdem,
433 4733 520 4817 ipsas
536 4733 644 4818 Vylak
661 4741 693 4796 et
708 4733 796 4799 Zech
822 4735 1036 4817 possessiones
1054 4732 1112 4798 sub
1128 4733 1248 4798 eisdem
