3192 5466
359 418 423 476 230
709 427 896 473 uauounoar
915 414 1130 472 cantarida.

357 591 500 656 eiusdem
516 589 586 654 iure
606 595 785 673 perpetuo.
803 642 808 655 .
826 589 1015 655 contulisset
1040 588 1274 672 possidendam.
1299 585 1396 654 Unde
1414 587 1493 666 quia

357 698 399 764 ad
409 697 598 780 premissam
614 697 900 780 possessionariam
916 695 1104 764 divisionem
1114 695 1293 780 plenariam
1309 695 1493 762 faciendam

357 806 501 872 homines
527 807 609 889 regii
634 813 666 870 et
690 806 875 872 testimonia
903 805 1131 890 prememorati
1156 803 1292 888 capituli
1317 803 1492 887 agriensis

357 917 424 982 vice
438 917 558 981 iterata
573 917 751 982 transmitti
767 915 929 982 debebant
944 916 1134 993 necessario,
1160 915 1260 998 igitur
1277 913 1425 998 predicto
1443 934 1491 976 ca-

358 1023 462 1108 pitulo
479 1021 634 1106 Agriensi
650 1024 830 1089 literatorie
850 1021 1018 1088 scribendo
1044 1042 1156 1086 eorum
1180 1021 1360 1087 amiciciam
1385 1027 1493 1104 postu·

358 1133 504 1198 laramus
522 1183 527 1196 .
545 1181 551 1194 .
569 1136 731 1196 uteorum
756 1131 924 1196 mitterent
948 1129 1094 1194 homines
1119 1150 1179 1212 pro
1203 1129 1399 1194 testimoniis
1415 1127 1492 1192 fide·

358 1240 486 1324 dignos,
497 1239 613 1320 quibus
624 1239 826 1322 presentibus
846 1237 1020 1303 Ladislaus
1035 1237 1174 1322 Vothey,
1193 1237 1243 1302 vel
1259 1237 1387 1302 Abram
1404 1237 1492 1301 silius

358 1348 384 1413 J
385 1349 531 1426 ohannis,
546 1353 603 1413 aut
618 1347 644 1413 J
644 1349 763 1413 acobus
779 1348 868 1414 filius
884 1346 1056 1413 Michaelis
1083 1367 1141 1431 pro
1157 1353 1250 1430 parte
1267 1346 1397 1424 actoris,
1417 1347 1492 1410 item

359 1456 560 1526 hamondae
585 1456 673 1524 filius
689 1456 873 1535 Menhardi‚
890 1456 939 1521 vel
955 1455 1146 1521 Dominicus
1162 1455 1250 1522 filius
1268 1455 1409 1520 Marlrns
1436 1477 1491 1538 pro

359 1565 495 1649 partein
509 1587 640 1632 cansam
656 1565 798 1644 attracti,
815 1565 887 1630 aliis
898 1563 1084 1630 absentibus
1099 1564 1377 1629 hominesdomini
1395 1564 1488 1646 regis,

361 1672 443 1738 feria
467 1679 558 1739 sexta
583 1675 731 1757 proxima
755 1679 827 1756 post
852 1679 980 1738 octavas
1006 1673 1079 1737 festi
1105 1672 1192 1738 beati
1217 1672 1303 1754 regis
1330 1669 1487 1754 Stephani

362 1803 448 1847 nnnc
458 1781 604 1865 proxime
613 1782 777 1866 preterita,
794 1781 835 1847 ad
846 1780 1115 1846 faciesdiotarnm
1131 1779 1370 1864 possessionum
1381 1778 1488 1844 Maza-

363 1889 468 1974 ondya
492 1896 525 1954 et
549 1888 624 1956 Ond
639 1896 828 1956 vocatarum
845 1939 852 1954 .
869 1939 875 1954 .
893 1889 1092 1967 accederent,
1108 1893 1142 1953 et
1157 1888 1277 1953 dictam
1302 1887 1487 1954 divisionem

363 1996 563 2081 prolatarum
572 2000 808 2083 possessionum
819 2049 826 2062 .
836 2049 843 2062 .
853 1999 997 2082 plenarie
1008 1997 1211 2081 perlicerent,
1227 1998 1388 2080 etcuique
1399 1999 1483 2082 parti

362 2127 422 2171 sua
447 2106 520 2172 iura
544 2106 798 2190 possessionaria
823 2155 853 2170 ..
880 2107 948 2171 sine
974 2104 1149 2188 preiudieio
1175 2105 1254 2170 iuris
1280 2104 1380 2170 alieni
1401 2104 1491 2170 relin-

362 2221 498 2298 querent
513 2220 546 2280 et
561 2221 743 2282 statuerent
758 2223 915 2301 perpetuo
931 2215 1134 2300 possidenda,
1155 2215 1249 2299 siper
1268 2215 1351 2280 alios
1368 2213 1490 2294 aliquos

362 2345 426 2388 uon
441 2321 536 2388 fieret
551 2323 794 2400 contradictum,
811 2323 1065 2390 contradictores
1075 2331 1182 2388 autem
1193 2325 1220 2388 si
1231 2324 1288 2405 qui
1298 2323 1356 2389 alii
1372 2322 1490 2396 fierent,

362 2435 476 2496 contra
491 2429 581 2496 illam
597 2439 723 2515 partem
748 2453 845 2516 quam
862 2432 997 2514 deceret,
1013 2432 1153 2498 citarent
1169 2432 1202 2496 in
1218 2433 1344 2514 regiam
1367 2451 1489 2516 presen-

363 2538 446 2602 ciam
473 2590 478 2601 .
506 2539 732 2621 particulam
764 2545 871 2604 autem
903 2540 1190 2622 possessionariam
1225 2559 1283 2622 per
1309 2539 1489 2621 quempiam

363 2646 568 2730 prohibitam,
594 2647 695 2730 signis
711 2669 769 2730 pro
785 2648 878 2714 metis
897 2648 1011 2731 positis
1038 2647 1256 2730 consignando
1273 2654 1329 2712 et:
1348 2698 1354 2711 .
1371 2668 1490 2712 mensn-

364 2754 465 2820 rando
482 2803 489 2818 .
506 2803 512 2818 .
530 2753 720 2820 estimarent
737 2805 742 2818 .
760 2803 767 2818 .
784 2761 817 2820 et
827 2762 900 2839 post
910 2755 969 2821 hec
979 2756 1094 2820 seriem
1111 2757 1253 2820 omnium
1265 2757 1489 2839 premissorum

364 2912 371 2927 .
388 2911 395 2926 .
411 2861 453 2926 ad
469 2867 616 2928 octavum
632 2862 716 2927 diem
733 2863 818 2928 dicte
837 2863 1000 2929 divisionis
1016 2866 1050 2929 in
1066 2865 1169 2929 literis
1186 2864 1343 2948 sepedicti
1359 2862 1489 2948 capituli

343 2967 536 3065 'Agriensis
567 2991 626 3052 per
650 2959 758 3053 partes
788 2970 879 3036 nobis
921 2972 1182 3038 commiseramus
1214 2973 1386 3055 reportari.
1420 2971 1491 3054 Ipso

365 3077 524 3159 siquidem
541 3077 680 3143 termino
695 3081 927 3162 reportacionis
944 3081 1038 3146 seriei
1054 3081 1284 3163 premissorum
1299 3079 1491 3154 adveniente,

364 3186 606 3268 prenominatus
617 3186 738 3252 Paulus
755 3187 840 3252 filius
853 3188 879 3253 J
881 3189 1016 3254 ohannis
1027 3188 1067 3252 ab
1078 3209 1152 3265 una,
1163 3187 1310 3272 prefatus
1321 3187 1488 3254 Ladislaus

365 3292 454 3360 filins
470 3292 630 3360 Lukachii
650 3301 742 3379 parte
759 3295 800 3360 ab
819 3297 923 3362 altera
947 3297 1162 3381 personaliter
1187 3297 1228 3362 ad
1253 3303 1399 3362 nostrum
1415 3296 1493 3360 reui-

369 3408 457 3468 entes
473 3409 687 3488 conspectum,
697 3403 809 3469 literas
820 3406 990 3488 prescripti
1007 3404 1142 3491 capituli
1152 3403 1325 3488 Agriensis
1342 3455 1349 3470 .
1367 3457 1374 3469 .
1391 3411 1493 3470 nostro

366 3512 534 3578 iudiciario
551 3515 691 3580 examini
707 3514 970 3580 demonstrarunt
985 3515 1193 3594 continentes,
1216 3513 1302 3596 quod
1318 3514 1492 3598 predictum
1579 3553 1580 3606 p

368 3621 545 3703 capitulum
561 3615 723 3703 Agrianes
741 3669 747 3685 .
764 3667 770 3686 .
788 3645 858 3688 cum
875 3623 1000 3705 prefato
1020 3623 1145 3688 Jacobo
1171 3621 1345 3690 Michaelis
1371 3621 1492 3687 homine
1579 3613 1580 3666 l

368 3729 455 3812 regie
480 3729 668 3808 maiestatis,
700 3751 809 3794 eorum
839 3731 1001 3796 hominem
1028 3783 1057 3797 ..
1083 3731 1108 3795 J
1110 3732 1267 3796 ohannem
1301 3729 1494 3795 sacerdotem

367 3835 559 3918 magistrum
576 3839 691 3904 altaris
716 3840 820 3905 sancti
845 3839 971 3906 Mathai
997 3841 1136 3925 apostoli
1161 3841 1199 3905 de
1225 3839 1338 3905 eadem
1365 3838 1494 3904 ecclesia

368 3945 519 4027 ipsorum,
535 3967 594 4028 pro
604 3951 697 4028 parte
708 3947 854 4013 annotati
863 3948 961 4014 Pauli
971 3948 1033 4014 filii
1042 3949 1067 4014 J
1069 3949 1204 4014 ohannis
1215 3949 1334 4014 actoris
1350 3947 1494 4012 transmi-

369 4052 485 4116 sissent
510 4075 568 4136 pro
592 4055 774 4120 testimonio
800 4056 842 4121 ad
867 4057 1024 4139 premissa
1055 4057 1262 4140 exequenda3
1286 4057 1342 4140 qui
1370 4055 1494 4139 quidem
1579 4069 1580 4088 ¹

369 4161 464 4226 homo
480 4161 588 4245 regius
605 4211 611 4226 .
630 4212 635 4226 .
654 4163 816 4229 retulisset
832 4165 893 4230 isto
909 4165 1012 4244 mode,
1039 4165 1124 4246 quod
1141 4165 1209 4249 ipse
1226 4186 1365 4230 unacum
1391 4162 1496 4228 eodem

370 4267 553 4334 testimonio
569 4271 712 4354 ipsorum
728 4271 761 4336 in
779 4272 867 4338 dicta
882 4273 965 4338 feria
980 4281 1072 4340 sexta
1088 4280 1161 4357 post
1176 4273 1266 4357 ipsas
1282 4280 1412 4338 octavas
1427 4271 1496 4336 sesti

370 4375 474 4440 sancti
499 4379 584 4460 regis
611 4377 768 4462 Stephani
799 4381 864 4445 iam
896 4381 1071 4463 preteritas
1102 4381 1312 4446 accessissent
1336 4381 1379 4445 ad
1404 4380 1498 4445 facies

371 4485 580 4566 possessionis
607 4484 680 4552 Ond
706 4492 738 4550 et
761 4487 964 4572 Mazaondya
993 4487 1264 4572 supradictarum,
1290 4493 1323 4552 et
1347 4485 1422 4552 licet
1437 4486 1498 4569 ipsi

373 4593 501 4663 easdem
517 4595 731 4682 possessiones
742 4595 774 4664 in
786 4597 938 4662 comitatu
949 4595 1165 4680 Zemlynieusi
1182 4603 1219 4665 ut
1234 4595 1356 4664 dicitur
1366 4595 1498 4662 existen·
