3138 5462
516 471 610 532 1347.
627 487 696 532 scs.
715 473 765 533 25.

626 739 680 802 40.

91 900 181 962 1347.
189 903 263 982 juo.
280 901 339 962 25:
357 900 388 961 A
404 885 505 962 tridui
522 897 675 984 kdptalaezu
695 897 934 986 didonco'plcoclc
956 924 976 963 c
993 901 1222 985 maspitszipcti

87 1007 225 1090 cpdczdk
256 1005 381 1092 Tduuye
405 1014 486 1069 116611
513 1008 652 1092 Pozsocy
676 1009 858 1092 61111169ῃεί
888 1007 1076 1074 birtokdnclc
1110 1010 1218 1072 baldr-

557 1115 733 1199 jdrdsdrdl.

192 1275 263 1342 Nos
279 1275 458 1359 capitulum
468 1275 630 1341 Budensis
646 1277 781 1342 ecclesie
797 1329 804 1342 .
821 1327 828 1341 .
845 1277 1063 1361 significemus
1081 1330 1087 1343 .
1105 1311 1113 1342 .·
1131 1279 1218 1361 quod

88 1384 188 1449 literis
205 1434 212 1448 .
229 1434 236 1449 .
255 1384 408 1451 Lodovici
424 1433 431 1448 .
448 1438 455 1450 .
471 1387 556 1468 regis
574 1435 580 1449 .
597 1435 604 1451 .
621 1385 823 1464 annualibus,
834 1387 875 1451 ad
885 1388 1070 1465 citaciones,
1086 1387 1220 1467 inquisi-

88 1494 201 1572 cionas,
227 1493 471 1578 prohibiciones,
497 1493 733 1576 possessionum
749 1493 1033 1577 reambulaciones,
1060 1501 1221 1559 metarum

88 1601 267 1666 sreccicnes
277 1609 310 1666 et
320 1602 401 1667 alios
418 1601 563 1666 causales
579 1623 748 1685 processus
774 1604 831 1684 qui
847 1602 1023 1668 secundum
1038 1603 1132 1686 regni
1149 1624 1222 1667 con·

88 1710 287 1774 sretndinem
302 1709 422 1774 talibus
438 1710 472 1774 in
488 1711 700 1792 processimus
720 1706 803 1795 (igy)
819 1710 889 1775 fieri
907 1717 1146 1789 consueverunt,
1162 1732 1220 1794 per

89 1817 164 1881 anni
181 1817 340 1883 circulum
364 1817 477 1882 ordine
502 1818 581 1881 iuris
606 1816 773 1882 observato
798 1819 1039 1902 prosequendos
1056 1868 1062 1883 .
1079 1867 1086 1882 .
1103 1819 1219 1884 sancti·

86 1925 280 1990 monialibus
304 1925 344 1989 de
368 1924 482 1990 Insula
507 1923 672 2008 Leporum
698 1927 842 2008 graciose
859 1928 1017 1992 concessis
1033 1976 1040 1990 .
1057 1976 1064 1990 .
1080 1927 1218 2010 receptis

88 2033 237 2117 perlectis
253 2038 286 2096 et
300 2031 485 2110 interlectis,
496 2032 657 2116 preceptis
674 2032 816 2097 eiusdem
827 2033 948 2098 domini
965 2033 1067 2098 nostri
1083 2035 1169 2118 regis
1185 2037 1218 2099 in

87 2141 206 2206 eisdem
223 2139 314 2205 nobis
330 2141 482 2206 iniunctis
508 2140 637 2205 obedire
662 2139 804 2206 volentes
820 2191 827 2205 .
845 2191 851 2204 .
869 2162 941 2206 cum
969 2140 995 2206 J
996 2141 1122 2206 ohanne
1146 2141 1214 2206 filio

87 2248 184 2314 Pauli
209 2249 250 2313 de
275 2248 384 2332 Wany
410 2247 537 2312 homine
563 2239 705 2312 eiusdem
730 2297 765 2313 ..
793 2250 877 2332 regis
902 2249 944 2314 ad
969 2251 1029 2316 hoe
1053 2251 1216 2334 deputato,

87 2364 233 2423 nostrum
250 2357 412 2422 hominem
429 2405 436 2419 .
453 2405 460 2419 .
477 2355 667 2422 Ladislaum
693 2357 814 2421 socium
840 2363 872 2420 61
896 2360 1145 2423 concanonicum
1161 2380 1216 2422 nc·

85 2475 198 2548 strum,
214 2466 257 2530 ad
272 2486 311 2530 ea
328 2485 392 2546 que
417 2464 551 2530 inferius
576 2463 724 2528 dicentur
741 2513 746 2524 .
764 2513 771 2528 .
789 2465 985 2545 exequenda,
1001 2449 1060 2548 pro
1077 2466 1221 2530 testimo·

84 2576 136 2639 nio
152 2575 304 2639 duximus
321 2571 559 2646 destinandum,
579 2572 635 2652 qui
651 2571 780 2636 demum
790 2572 833 2636 ad
843 2593 900 2636 nos
916 2575 1035 2637 reversi
1052 2622 1059 2636 .
1076 2621 1084 2638 .
1100 2573 1216 2640 retule-

85 2691 168 2766 runt,
185 2682 273 2764 quod
289 2680 423 2746 sabbato
439 2680 584 2764 proximo
600 2683 674 2763 post
682 2678 800 2744 festum
809 2678 896 2744 beati
906 2680 1058 2746 Bernaba
1075 2681 1215 2766 apostoli

84 2793 227 2875 proxime
258 2789 453 2873 preteritum
483 2787 524 2852 ad
555 2787 669 2852 faciem
700 2788 909 2871 possessionis
940 2789 1216 2874 predictarum..

87 2897 384 2964 sanctimonialium
401 2897 440 2961 (16
457 2895 570 2962 Insula
586 2895 750 2980 Lepcrum
767 2895 859 2962 Tune
875 2905 995 2976 vocate,
1011 2897 1045 2962 in
1061 2898 1216 2963 comitatu

89 3008 279 3072 Pcscniensi
296 3006 472 3083 existentis,
488 3004 600 3069 vicinis
611 3006 880 3070 etcommetaneis
897 3006 1040 3070 eiusdem
1056 3007 1211 3071 universis

87 3116 271 3199 specialiter
288 3117 387 3180 Petro
403 3120 437 3179 et
452 3113 604 3178 Johanne
620 3113 696 3178 filiis
713 3113 881 3197 Stephani,
897 3113 1033 3180 Nicolao
1050 3121 1082 3179 et
1092 3114 1118 3179 J
1119 3115 1219 3180 accho

88 3223 161 3290 filiis
175 3225 328 3304 Dionisii‚
344 3221 506 3288 nobilibus
525 3222 564 3286 de
575 3221 813 3306 Stephanbaza,
824 3222 968 3305 legitime
985 3224 1166 3288 convocatis
1184 3227 1217 3287 et

87 3330 289 3416 presentibus
305 3331 524 3408 accessissent,
538 3333 571 3394 et
581 3329 715 3394 candem
731 3381 737 3393 .
755 3378 762 3392 .
778 3335 816 3393 ut
831 3329 916 3394 infra
926 3329 1050 3396 dicetur
1066 3379 1073 3394 .
1090 3379 1097 3394 .
1116 3351 1218 3396 ream-

92 3439 264 3522 bulassent,
280 3438 581 3518 reambulatamque
598 3443 631 3502 et
646 3435 687 3500 ab
703 3436 841 3502 aliorum
866 3438 1121 3518 possessionibus
1146 3439 1220 3504 vici·

91 3549 195 3626 uariis,
211 3546 396 3630 specialiter
412 3545 630 3630 predictorum
645 3543 800 3609 nobilium
813 3545 852 3608 de
864 3544 1092 3629 Stephanhaza
1107 3549 1220 3612 metali

91 3656 295 3722 distinccione
320 3654 509 3719 distinctam
534 3701 564 3716 ..
589 3651 680 3716 nullo
705 3652 834 3734 penitus
860 3653 1096 3718 contradictore
1121 3675 1219 3738 appa·

91 3770 179 3829 rente
195 3815 201 3828 .
218 3815 225 3828 .
240 3764 394 3848 predictis
411 3813 417 3826 .
434 3811 441 3826 .
457 3759 755 3828 sanctimonialibus
771 3760 811 3824 dc
827 3760 941 3826 Insula
957 3761 1121 3845 Leporum
1146 3784 1219 3827 cum

93 3871 235 3936 omnibus
251 3872 318 3938 suis
335 3921 342 3934 .
359 3922 366 3935 .
382 3869 591 3954 pertinenciis
608 3919 614 3932 .
632 3918 639 3933 .
656 3869 846 3933 statuissent
871 3875 1027 3952 perpetuo
1052 3869 1216 3953 possiden-

95 3977 183 4060 dam3
205 3981 295 4045 cuius
321 3978 452 4060 quidem
475 3977 685 4061 possessionis
711 3975 803 4041 Tune
829 3983 939 4041 vocate
956 4027 962 4040 .
980 4026 986 4040 .
1004 3977 1043 4041 de
1059 3975 1144 4042 bona
1167 3999 1219 4042 vo·
1265 3988 1275 4005 ¹

98 4084 218 4152 luntete
235 4137 264 4152 ..
291 4087 434 4152 omnium
458 4086 636 4152 vicinorum
653 4133 660 4147 .
678 4133 684 4147 .
710 4084 830 4149 eisdem
855 4091 985 4167 statute,
1011 4091 1095 4150 mete
1112 4137 1118 4150 .
1136 4135 1141 4150 .
1159 4088 1219 4151 hoc

97 4193 202 4260 ordine
231 4197 491 4278 distinguuntur:
515 4195 619 4278 prima
650 4199 737 4258 meta
768 4194 881 4277 incipit
912 4195 946 4258 in
978 4193 1119 4274 quodam
1149 4194 1219 4258 1666

98 4297 257 4384 Gepteluk
281 4309 401 4380 vocato,
425 4302 481 4367 ubi
507 4307 583 4366 sunt
608 4307 675 4366 tres
700 4305 784 4364 mete
802 4307 906 4365 161166
923 4301 1065 4382 antique,
1082 4321 1220 4384 quarum

94 4429 166 4486 una,
180 4410 300 4476 scilicet
310 4431 329 4474 a
339 4415 432 4493 parte
442 4409 654 4487 meridionali,
670 4414 720 4473 est
734 4408 877 4492 predicte
893 4409 1103 4492 possessionis
1118 4409 1219 4492 Tune,

95 4521 127 4580 et
141 4518 239 4600 ipsam
254 4525 293 4583 nt
308 4518 460 4582 dixerunt
477 4521 689 4594 renovassent,
706 4515 904 4598 aliaaparte
915 4515 1064 4582 orientali
1081 4523 1130 4582 est
1145 4539 1215 4599 pos·

96 4625 237 4691 sessionis
253 4625 392 4692 Alustar
411 4633 530 4704 vocate,
548 4633 580 4690 et
596 4625 696 4690 tercia
721 4645 741 4688 a
757 4631 851 4708 parte
877 4624 1066 4689 occidentali
1084 4631 1132 4688 est
1147 4647 1219 4708 pos·

1079 4749 1111 4800 7*
