3138 5462
363 465 424 526 142
716 478 903 526 succurrent
919 465 1134 526 onulnrrln.

357 643 482 724 regium
500 640 686 724 prebuimus
702 647 736 706 et
752 663 936 722 assensum,
963 642 1019 706 ubi
1035 641 1120 706 idem
1137 641 1322 724 Stephanus
1347 638 1478 722 voyvoda

357 769 465 814 coram
481 748 572 814 nobis
589 750 802 831 personaliter
821 748 1046 833 comparando,
1062 749 1241 833 predictam
1257 749 1478 832 possessionen

355 856 523 924 Deveeher
548 856 713 938 quondam
738 856 890 940 prelibati
915 855 1045 922 Nicolai
1077 856 1137 920 filii
1162 854 1296 921 Andree
1313 856 1351 920 de
1369 855 1478 933 eaden,

356 986 429 1029 cum
454 965 602 1030 omnibus
628 965 694 1030 suis
710 964 916 1047 utilitatibus,
936 965 996 1030 sub
1022 966 1116 1030 metis
1132 965 1297 1048 premissis
1324 970 1356 1028 et
1380 965 1414 1028 in
1437 985 1478 1028 eo-

355 1074 428 1139 dem
444 1073 612 1156 privilegio
627 1073 761 1156 capituli
787 1074 920 1138 ecclesie
937 1073 1165 1138 Transsilvane
1192 1072 1359 1150 contentis,
1385 1070 1476 1136 aidan

324 1181 456 1246 ‹Petro
484 1178 692 1262 viceroyvode
733 1201 790 1244 suo
831 1179 980 1245 similiter
1013 1180 1228 1263 personaliter
1259 1201 1367 1244 eoram
1398 1179 1478 1243 nobis

355 1290 487 1367 astanti,
512 1309 571 1372 pro
597 1289 744 1354 ducentis
775 1289 892 1354 marcis
917 1288 973 1353 fini
1000 1289 1128 1372 argenti
1153 1289 1302 1372 ponderis
1327 1288 1476 1353 Budensis

354 1397 450 1480 pleno
467 1397 634 1462 abeodem
651 1399 798 1480 receptis,
816 1400 1048 1482 impignorasse
1075 1405 1124 1463 est
1148 1397 1312 1464 confessus
1328 1405 1366 1464 ut
1382 1399 1475 1482 predi-

354 1507 459 1571 ximus
477 1527 516 1570 ex
532 1512 642 1572 nostra
658 1508 747 1589 regia
763 1508 975 1589 permissione
1001 1508 1152 1604 speciali;
1176 1529 1235 1591 pro
1252 1529 1289 1572 eo
1306 1509 1385 1588 quia
1401 1507 1475 1570 idon

353 1611 539 1697 Stephanus
555 1613 697 1698 voyroda
724 1615 757 1678 in
782 1615 901 1680 nostris
918 1636 1041 1680 summe
1067 1613 1178 1678 arduis
1204 1616 1346 1697 negociis
1362 1635 1420 1697 pro
1435 1634 1475 1678 re·

354 1721 547 1806 superandis
564 1723 684 1787 nostris
700 1721 824 1788 iuribus
841 1722 1004 1806 regalibus
1025 1744 1134 1787 versus
1151 1728 1261 1805 partes
1276 1721 1377 1786 Italie
1392 1720 1474 1804 profi·

352 1831 473 1895 ciscens
490 1830 582 1913 copia
600 1832 737 1914 pecunia
753 1837 786 1895 et
801 1851 941 1914 expensa
957 1853 1063 1896 secum
1090 1829 1263 1895 deferenda
1288 1832 1474 1896 necessarius

352 1938 521 2020 existebat,
548 1945 581 2002 et
597 1938 637 2003 ob
654 1939 714 2002 hoc
734 1961 806 2003 cum
825 1961 884 2022 pro
901 1939 960 2016 his,
979 1944 1048 2002 tum
1065 1940 1166 2004 eciam
1183 1939 1343 2003 dictorum
1359 1937 1475 2021 privile·

351 2047 477 2128 giorum
508 2045 669 2129 vigoribus
701 2046 921 2125 consideratis,
955 2045 994 2110 de
1026 2066 1182 2110 consensu
1208 2095 1237 2109 ..
1263 2044 1472 2110 Elisabeth..

350 2153 461 2234 regine
479 2201 485 2214 .
502 2203 508 2217 .
526 2153 690 2234 genitricis
706 2159 814 2217 nostre
831 2203 838 2216 .
854 2203 861 2217 .
878 2159 910 2217 et
926 2153 1059 2218 consilio
1075 2153 1274 2236 prelatorum
1285 2159 1317 2217 et
1326 2152 1472 2217 baronum

352 2265 536 2324 nostrornm
562 2262 779 2326 commisimus
805 2246 894 2345 regia¹
920 2263 1125 2338 auctoritate,
1141 2267 1178 2326 ut
1194 2262 1220 2326 si
1237 2261 1366 2326 amodo
1391 2281 1472 2344 gene·

355 2367 503 2432 raciones
521 2369 570 2432 vel
586 2370 724 2452 proximi
750 2375 808 2435 aut
825 2370 921 2434 vicini
938 2375 973 2434 et
979 2371 1196 2436 commetanei
1222 2368 1340 2452 prefati
1355 2368 1472 2433 Nicolai

351 2473 409 2540 filii
425 2473 561 2540 Andree
586 2477 750 2558 quondam
775 2477 926 2542 dedicta
950 2477 1116 2542 Deveeher
1140 2478 1191 2542 vel
1216 2477 1272 2544 alii
1298 2479 1470 2558 quicunque

349 2601 487 2662 quorum
504 2584 696 2652 redemcioni
712 2587 825 2651 eadem
840 2587 999 2670 possessio
1009 2585 1176 2650 Devecher
1191 2587 1296 2666 magis
1312 2585 1469 2651 convenire

348 2688 576 2775 dinosceretur,
594 2714 665 2758 eam
681 2695 839 2760 redimere
854 2695 1023 2773 voluerint,
1047 2715 1111 2758 non
1127 2695 1223 2759 aliter
1239 2695 1301 2758 nisi
1318 2712 1468 2775 cumpro

348 2797 442 2862 dictis
458 2799 604 2866 ducentis
628 2804 746 2867 marcis
762 2802 819 2867 fini
835 2805 962 2886 argenti
979 2803 1129 2886 ponderis
1146 2801 1316 2880 Budensis,
1332 2822 1389 2884 pro
1404 2800 1467 2880 qui·

346 2905 406 2970 bus
422 2913 472 2971 est
489 2909 714 2993 impignorata,
738 2910 874 2976 eandem
890 2911 1046 2976 redimere
1062 2911 1194 2975 valeant
1209 2916 1307 2991 atque
1332 2910 1468 2993 possint3

352 3037 427 3080 nam
443 3018 528 3082 sicut
552 3021 707 3103 principis
732 3021 924 3104 presidentis
949 3021 1125 3085 auctoritas
1150 3019 1378 3085 demeritorum
1394 3019 1468 3080 inso

351 3122 473 3190 lencias
489 3147 553 3190 non
569 3126 664 3193 debet
688 3129 810 3194 inultas
835 3129 1042 3212 pertransire,
1067 3129 1145 3209 quia
1161 3129 1189 3192 si
1205 3131 1315 3192 errata
1330 3147 1393 3190 non
1408 3145 1468 3190 eor·

348 3233 477 3314 rigeret,
500 3237 586 3300 viam
602 3237 811 3319 delinquendi
822 3240 972 3320 aperiret,
989 3239 1035 3303 sic
1050 3237 1130 3302 bene
1146 3237 1336 3302 meritorum
1352 3235 1468 3318 pacien-

349 3342 432 3405 ciam
449 3345 743 3410 recommendatam
769 3344 890 3411 habens
916 3351 948 3410 et
964 3351 1137 3427 acceptam,
1163 3343 1270 3426 dignis
1295 3341 1422 3425 premiis
1439 3345 1469 3402 et

347 3450 449 3531 gratis
469 3449 632 3517 favoribus
658 3453 810 3536 prosequi
836 3453 931 3518 debet
956 3458 989 3516 et
1014 3457 1150 3516 tenetur.
1175 3451 1298 3515 Datum
1316 3449 1416 3525 nude,
1437 3448 1466 3510 in

345 3559 466 3622 (icteris
491 3557 565 3622 festi
589 3559 676 3625 beati
701 3561 872 3626 Michaelis
903 3559 1107 3644 archangeli,
1142 3581 1227 3624 anno
1253 3559 1373 3623 domini
1398 3555 1466 3619 ΜῑιΙο

345 3663 466 3730 COO¹¹¹⁰
482 3663 587 3731 ΧΙι1110
603 3669 747 3752 septimo.

451 3829 473 3877 I.
487 3829 569 3892 Lajos
582 3830 731 3894 kirtlynak
746 3837 822 3883 1366.
836 3847 898 3898 aug.
923 3833 1003 3884 laon
1027 3834 1045 3884 J
1046 3833 1104 3883 alai
1117 3833 1198 3882 Peter
1211 3829 1323 3894 alvajda
1344 3825 1462 3878 ke'resero

346 3915 456 3969 kiadott
479 3919 635 3984 atinatabol,
664 3923 794 3984 melynek
826 3922 955 3986 eredetija
987 3939 1104 3988 rnegvan
1126 3939 1158 3972 az
1181 3937 1251 3971 orsu.
1274 3923 1305 3969 lt.
1325 3920 1466 3982 diploszt.

341 4012 420 4057 3924.
441 4007 585 4072 Ugyanott
597 4023 713 4073 megvan
726 4025 758 4060 az
772 4013 875 4073 eritdlyi
898 4013 1030 4074 kaptatan
1043 4013 1175 4076 jetentbse
1189 4013 1266 4062 Jdrai
1284 4013 1366 4060 Peter
1378 4007 1462 4068 alvaj-

342 4096 378 4146 da
390 4097 586 4148 beiktatasarol
602 4104 678 4148 1347.
693 4099 750 4149 dec.
767 4101 911 4151 let-ikarbl.
930 4102 996 4164 dipl.
1011 4109 1078 4152 oszt.
1094 4107 1172 4152 3946.
1186 4103 1285 4152 Kozli:
1308 4103 1408 4150 Koraos
1431 4099 1464 4148 N.

344 4188 376 4238 V.
391 4189 415 4235 ὃ.
430 4187 510 4249 Fejer
524 4189 637 4252 Gydrgy
651 4189 667 4238 i.
682 4191 816 4240 n1.1x.1.
832 4196 891 4240 524.
906 4193 923 4240 l.
