3192 5466
488 509 493 532 i
563 475 656 538 1348.
673 475 745 536 ullo.
764 473 814 536 24.
1170 477 1232 538 199

109 653 182 718 nihil
198 652 284 717 circa
300 675 373 718 euur
391 653 438 716 vel
455 654 487 718 in
505 651 653 718 manibus
671 654 737 717 suis
756 652 918 716 inventum
936 652 1104 734 extitisset,
1127 659 1233 718 tamon

111 783 174 826 curn
192 781 249 844 per
265 761 393 826 eosdem
410 762 541 826 comites
566 781 769 826 camararum
795 760 952 844 regalium
970 759 1049 828 diris
1066 763 1234 830 tormentis

115 875 145 932 ot'
156 867 351 933 cruciatibus
368 873 628 946 tormentaretnr,
645 889 678 933 se
698 889 788 933 reum
804 867 872 932 sore
889 868 1051 934 confessus
1068 869 1234 948 extitisset,

111 997 259 1056 excoque
276 984 499 1042 concrematus
525 975 639 1040 fuisset
655 997 712 1059 per
728 975 874 1057 eosdem3
897 977 988 1041 ouius
1015 977 1144 1058 quidem
1161 999 1234 1042 oon-

111 1083 310 1150 tradiccionis
326 1085 487 1150 racionem
512 1085 657 1168 prelatus
683 1091 874 1168 procurator
898 1083 999 1168 ipsius
1024 1084 1146 1150 Thome
1162 1107 1234 1170 voy-

109 1191 180 1256 rode
196 1193 278 1258 seire
294 1193 490 1275 postulasset
505 1213 525 1256 a
540 1191 701 1258 nobilibus
718 1193 916 1275 prenotatis,
941 1192 1059 1276 quibus
1076 1193 1235 1276 perceptis

111 1301 249 1385 prelatus
275 1301 418 1366 Michael
444 1300 530 1366 filius
556 1301 714 1385 Stephani
740 1323 799 1385 pro
826 1321 859 1365 se
885 1301 1098 1385 personaliter
1124 1307 1155 1366 et
1177 1323 1235 1385 pro

109 1409 175 1474 aliis
192 1411 339 1476 omnibus
355 1409 509 1495 predictis
525 1460 532 1474 .
550 1463 556 1475 .
573 1409 710 1476 astando
729 1411 948 1496 respondisset
967 1433 1004 1476 eo
1021 1409 1123 1489 modo,
1149 1411 1235 1494 quod

110 1517 197 1581 iidem
215 1518 371 1584 Nicolaus
387 1519 490 1584 dictus
507 1519 546 1582 de
562 1519 722 1584 Zathmar
748 1525 780 1582 et
806 1518 957 1603 Frychlro
983 1520 1113 1582 comites
1131 1541 1235 1584 cama·

109 1647 213 1690 rarum
229 1627 388 1710 regalium
405 1627 565 1711 prefatum
578 1627 768 1692 Ladislaum
782 1627 916 1692 fratrem
932 1648 1043 1691 eorum
1061 1627 1233 1705 carnalem,

109 1757 162 1818 pro
177 1757 236 1800 suo
252 1757 334 1819 equo
351 1757 446 1820 quem
463 1741 560 1800 antea
575 1735 672 1800 iidem
698 1736 830 1800 comites
856 1757 1059 1801 camararum
1078 1735 1235 1814 regalium

109 1843 278 1908 abeodem
305 1864 410 1908 emere
434 1843 610 1908 voluissent
645 1843 770 1927 etipse
795 1843 969 1909 Ladislaus
995 1841 1130 1907 eundem
1156 1842 1235 1926 ipsis

108 1951 240 2016 vendere
265 1951 429 2029 noluisset,
454 1950 601 2016 manibus
633 1951 768 2015 armatis
794 1973 865 2016 curn
892 1971 1001 2014 eorum
1029 1947 1235 2032 complicibus

108 2077 198 2140 super
214 2057 322 2141 ipsum
348 2057 499 2122 irruendo
515 2063 547 2121 et
563 2056 699 2122 eundem
716 2057 757 2122 ad
774 2057 951 2122 claustrum
971 2055 1056 2120 beati
1072 2055 1235 2126 Dominiri

108 2163 292 2230 confessoris
317 2163 356 2228 de
382 2163 516 2248 Nempti
546 2163 749 2248 epilogando,
780 2164 958 2248 fractisque
985 2163 1107 2230 foribus
1133 2171 1165 2230 et
1190 2165 1236 2230 ia-

108 2273 173 2336 nuis
197 2271 341 2338 eiusdem
367 2271 511 2355 claustri,
536 2274 642 2356 ipsum
658 2272 850 2338 Ladislaum
876 2273 1031 2338 violenter
1056 2279 1235 2338 extractum

108 2380 184 2462 ignis
199 2369 347 2445 inceridio
363 2387 620 2449 concremassent
636 2382 704 2444 sine
720 2380 799 2464 lege,
815 2385 918 2446 morte
935 2380 1111 2446 miserabili
1130 2381 1235 2464 ipsum

108 2487 356 2567 condemnando,
383 2510 440 2554 neo
466 2489 564 2554 falsas
590 2495 735 2554 monetas
760 2511 818 2554 neo
844 2489 1043 2554 ferramenta
1068 2511 1127 2555 nec
1152 2484 1233 2555 alias

109 2597 288 2680 sculpturas
310 2595 397 2680 apud
423 2597 528 2680 ipsum
553 2597 750 2676 inveniendo,
766 2603 799 2662 et
815 2599 883 2682 ipse
900 2619 938 2662 ac
962 2598 1099 2680 predicti
1117 2598 1235 2663 fratros

108 2705 151 2769 sui
166 2727 239 2771 cum
263 2705 416 2789 predictis
441 2706 610 2772 comitibus
635 2727 839 2772 camararum
865 2707 1023 2790 regalium
1050 2729 1146 2790 super
1163 2728 1233 2790 pro·

109 2815 206 2880 missis
223 2815 256 2878 in
272 2814 331 2878 lite
347 2814 530 2879 extitissent
546 2819 578 2878 et
594 2821 706 2880 eontra
722 2835 777 2880 eos
803 2817 983 2900 complures
1000 2817 1113 2881 literas
1130 2817 1235 2899 inqui-

109 2923 410 2987 soerias-confectas
426 2921 591 3004 haberent,
607 2922 662 2986 sed
679 2923 819 2987 nondum
831 2923 935 2988 adhuc
951 2945 989 2987 ex
1006 2929 1098 3007 parte
1114 2944 1237 2988 eorum·

109 3030 174 3094 deur
190 3031 287 3095 finem
305 3029 447 3095 debitum
458 3029 543 3094 facto
554 3031 587 3095 in
598 3029 709 3094 eodem
718 3032 871 3114 prosequi
887 3031 1075 3114 potuissent,
1091 3051 1237 3096 asserens

109 3139 311 3206 nihilominus
328 3141 431 3205 eidem
456 3137 611 3204 Ladislao
636 3139 730 3204 fratri
762 3139 906 3223 ipsorum
937 3147 1088 3220 quatern
1113 3147 1237 3226 partein

113 3248 430 3332 possessionariarum
457 3248 644 3332 porcionunr
678 3249 764 3331 ipsos
790 3248 1000 3314 communiter
1025 3247 1238 3331 tangencium,

109 3355 242 3438 eoquod
259 3361 401 3440 quatuor
417 3355 554 3422 fuissent
570 3355 688 3420 fratres
704 3355 833 3434 uterini,
849 3355 1012 3440 pertinere
1023 3379 1030 3436 3
1043 3355 1045 3359 ’
1058 3355 1142 3419 unde
1161 3357 1238 3438 quia

111 3463 228 3546 prefate
241 3463 335 3528 litere
351 3464 485 3548 capituli
502 3463 635 3529 ecclesie
646 3463 871 3528 Waradiensis
887 3463 1050 3546 predictas
1067 3463 1238 3546 possessio-

113 3591 163 3636 nes
178 3571 384 3638 Zarrazberk
393 3577 426 3636 et
437 3571 535 3656 Syma
550 3577 679 3637 vocatas
706 3571 832 3636 nomine
848 3572 1083 3655 possessionum
1098 3569 1237 3655 predicti

110 3677 250 3744 Ladislai
266 3679 324 3743 filii
343 3677 510 3762 Stephani,
536 3679 677 3762 eoquod
703 3679 787 3743 idem
803 3679 976 3745 Ladislaus
1002 3681 1060 3762 'per
1076 3680 1237 3764 predictos

110 3788 236 3852 comites
254 3809 458 3853 camararum
484 3787 642 3871 regalium
659 3787 792 3852 insalsa
812 3785 1027 3852 fabricacione
1044 3793 1076 3853 et
1092 3789 1237 3854 cussioue

111 3901 307 3961 monetarum
323 3879 424 3980 ipsius
441 3895 561 3960 domini
578 3895 663 3978 regis
688 3894 816 3979 publice
841 3895 1059 3978 deprehensus
1084 3901 1116 3959 et
1131 3895 1238 3960 incen-

111 4003 159 4068 dio
173 4009 211 4069 ut
227 4004 419 4088 premissum
436 4010 485 4069 est
510 4009 731 4068 concrematus
758 4003 919 4082 existeret,
944 4003 1110 4068 collacioni
1138 4005 1238 4087 ipsius

111 4113 225 4178 domini
241 4112 360 4178 Karoli
387 4112 472 4196 regis
488 4112 649 4196 pertinere
666 4111 814 4176 debuisse
831 4117 863 4176 et
878 4131 935 4194 per
952 4111 1057 4195 ipsum
1074 4112 1237 4178 dominum

111 4241 213 4303 regem
229 4221 315 4285 dioto
332 4219 454 4284 Thome
480 4219 619 4304 voyvode
637 4219 746 4284 datam
763 4225 795 4284 et
810 4219 962 4283 collatam
982 4219 1126 4284 extitisse
1143 4219 1238 4285 deno-

112 4335 237 4409 tassent,
265 4325 410 4412 prefatus
437 4349 510 4392 vero
540 4327 683 4392 bliohael
707 4327 792 4392 filius
821 4311 987 4410 Stephani,
1014 4327 1149 4392 eundem
1175 4327 1239 4394 Lat·

112 4435 243 4500 ‹lislanm
268 4435 403 4510 fratrem
429 4457 522 4501 suum
547 4435 647 4500 nullis
673 4435 776 4518 culpis
802 4435 868 4499 suis
888 4433 1092 4517 exigentibus
1112 4457 1237 4501 concre-

113 4551 228 4608 matum
245 4563 323 4622 esse,
333 4550 366 4608 et
382 4543 427 4608 sic
444 4544 572 4608 easdem
588 4543 804 4627 possessiones
816 4563 871 4606 seu
882 4543 1151 4624 possessionarias
1167 4567 1239 4628 por·

114 4653 213 4717 ciones
224 4651 458 4717 diotiLadislai
475 4651 568 4716 fratri
585 4652 633 4716 sui
651 4673 713 4716 non
734 4651 821 4735 regie
840 4650 1007 4716 collacioni
1024 4651 1079 4716 sed
1095 4651 1239 4736 predicto
