3180 5470
701 517 888 564 auronuonr
905 505 1119 594 onnlurrln.

880 774 953 835 237.

355 933 448 998 1350.
455 931 519 1016 jod.
535 934 587 996 23.
617 931 733 997 Tamds
749 932 929 1018 orszdpdc‘rd
942 931 1014 998 elac
1031 932 1122 996 Pe‘tcr
1138 935 1188 1014 fia
1204 932 1306 996 Jews
1321 936 1354 998 e's
1371 932 1479 997 Britan?

352 1039 417 1102 Pul
430 1037 498 1103 toth
514 1041 637 1104 rae-sait-
653 1039 796 1120 aecc'heu,
812 1063 833 1103 a
849 1039 985 1125 rrrapdaa
1000 1040 1130 1104 szakadc
1156 1038 1291 1119 Chaudd
1305 1041 1439 1122 fiaiuak
1453 1043 1478 1104 c's

352 1146 595 1229 Mihldsficiaak
611 1147 765 1212 Miko'nalc
791 1147 943 1233 hc‘ludlpyi
961 1147 1148 1212 bimaitai-cdl
1174 1148 1296 1213 Ra'told
1321 1150 1353 1212 a's
1369 1149 1476 1212 Bar-heu

696 1255 763 1335 fiai
769 1259 893 1342 jaca'ra
910 1255 1125 1322 lernoudauolc.

458 1435 527 1500 Nos
561 1436 703 1502 Thomas
732 1435 829 1501 iudex
864 1436 950 1500 curie
967 1485 998 1501 ..
1022 1442 1055 1500 et
1089 1456 1194 1500 comes
1229 1436 1269 1501 de
1304 1435 1436 1502 Turuch
1451 1487 1476 1502 ..

351 1541 616 1625 significamus..
641 1543 726 1628 quod
744 1542 896 1608 Johanue
921 1542 988 1608 filio
1012 1543 1146 1630 Ratoldi
1171 1544 1395 1628 personaliter,
1425 1567 1477 1629 pro

351 1649 503 1714 ‹lohanne
520 1672 594 1718 vero
610 1651 677 1716 filio
702 1650 817 1716 Buhen
834 1649 992 1736 magistro
1004 1649 1241 1716 Thomasratre
1258 1652 1401 1717 eiusdem
1412 1675 1475 1717 cum

351 1757 454 1824 literis
470 1760 700 1843 procuratoriis
716 1759 850 1843 capituli
866 1758 998 1824 ecclesie
1014 1756 1184 1842 Agriensis
1201 1759 1415 1838 abnna,item
1425 1783 1476 1844 pro

351 1869 451 1934 Petro
468 1867 534 1934 filio
550 1867 575 1934 J
576 1869 711 1935 ohannis
728 1875 761 1934 ct
776 1869 800 1934 J
802 1868 928 1934 ohanne
945 1889 984 1932 ac
1000 1867 1110 1932 Blasio
1136 1855 1213 1933 filiis'
1230 1868 1376 1934 eiusdem
1392 1869 1475 1933 Petri

351 1983 384 2042 et
399 1999 458 2062 pro
474 1977 628 2043 Ladislao
653 1977 720 2042 filio
746 1977 836 2060 Wgh
861 1975 1013 2045 Johanue
1039 1974 1105 2040 filio
1130 1975 1268 2059 predicti
1293 1977 1386 2041 Petri
1411 1998 1475 2040 cum

1569 3147 1570 3180 l

350 2085 454 2150 literis
478 2085 709 2170 procuratoriis
735 2085 869 2170 capituli
894 2085 1036 2151 eiusdem
1061 2084 1194 2150 ecclesie
1218 2083 1401 2171 Agriensis‚
1424 2109 1476 2170 pro

351 2193 489 2260 Nicolao
505 2199 613 2259 autem
629 2193 695 2259 filio
720 2192 902 2261 Alexandri
928 2199 961 2258 et
977 2192 1131 2258 Ladislao
1147 2191 1214 2257 filio
1230 2191 1358 2258 Nicolai
1374 2195 1475 2277 magni

352 2302 463 2366 eodem
487 2301 638 2367 Johaune
666 2301 733 2365 filio
758 2301 849 2366 Petri
876 2302 944 2366 sine
969 2301 1073 2364 literis
1101 2300 1380 2383 procuratoriis..
1404 2301 1476 2366 item

351 2431 409 2494 pro
424 2409 529 2474 Paulo
553 2409 618 2474 filio
643 2409 806 2476 Johannis
832 2409 936 2474 Paulo
962 2408 1001 2472 de
1026 2409 1132 2474 Batur
1156 2431 1229 2473 cum
1252 2409 1477 2493 procuratoriis

354 2518 457 2582 literis
475 2516 594 2582 domini
622 2517 779 2602 Stephani
805 2517 904 2596 drrcis,
929 2517 1007 2582 item
1032 2539 1091 2601 pro
1108 2515 1245 2582 Andrea
1260 2518 1360 2582 Petro
1376 2525 1408 2582 et
1423 2515 1477 2581 Ja-

351 2625 428 2690 ooho
446 2613 522 2690 filiis
548 2625 682 2709 Georgii
699 2623 758 2689 filii
774 2623 907 2690 Andros
934 2623 1037 2690 Paulo
1062 2624 1101 2689 de
1118 2625 1225 2690 Batur
1249 2625 1394 2708 predicto
1410 2647 1477 2708 pro·

351 2739 499 2800 curatore
534 2733 630 2798 Pauli
655 2733 713 2797 filii
738 2731 900 2797 Johannis
925 2733 1034 2815 vigore
1065 2725 1289 2816 predictarum
1314 2731 1477 2796 literarum

353 2842 651 2927 procuratoriarum
674 2841 795 2906 domini
827 2839 986 2924 Stephani
1016 2840 1106 2906 ducis
1132 2847 1281 2924 ..parte
1307 2839 1348 2905 ab
1379 2840 1478 2906 altera

352 2972 459 3016 coram
484 2949 575 3014 nobis
600 2951 793 3028 constitutis,
818 2949 958 3013 relatum
975 2949 1100 3014 exstitit
1124 2971 1182 3032 per
1198 2948 1326 3014 eosdem
1343 2998 1372 3012 ..
1396 2947 1477 3032 quod

352 3079 525 3141 gravamen
541 3057 620 3123 facti
636 3056 804 3135 calumnie,
820 3057 853 3120 in
871 3055 956 3139 quod
980 3055 1050 3139 ipse
1074 3055 1193 3121 Petrus
1219 3055 1305 3121 filius
1322 3057 1346 3122 J
1348 3055 1477 3120 ohannis

352 3173 385 3231 et
400 3165 458 3230 filii
475 3165 616 3232 eiusdem
632 3166 724 3231 Petri
741 3165 905 3248 ceterique
921 3163 1137 3248 prenominati
1157 3162 1281 3228 nobiles
1292 3170 1478 3247 contrapre·

352 3274 488 3358 scriptos
504 3273 689 3339 Johannem
705 3273 807 3338 filium
832 3271 966 3338 Ratoldi
983 3278 1016 3336 et
1031 3269 1215 3336 Johannem
1241 3271 1343 3336 filium
1367 3270 1478 3336 Bnhen
1569 3339 1570 3368 1

353 3381 386 3446 in
397 3381 482 3447 iacto
492 3380 713 3464 requisicionis
725 3380 941 3464 quarumdam
951 3379 1278 3463 possessionariarum
1288 3380 1478 3463 porc-ionum,
1569 3371 1570 3458 l

354 3510 417 3572 que
441 3487 581 3554 Simonis
600 3488 771 3555 Benedicti
787 3487 882 3554 Pauli
905 3493 938 3552 et
961 3488 1098 3553 Emirici
1123 3486 1264 3552 filiorum
1290 3487 1425 3555 Chanad
1441 3508 1476 3551 ac
1569 3459 1570 3552 i

353 3595 481 3683 Mykow
508 3596 564 3661 filii
580 3596 718 3676 Nicolai‚
735 3596 901 3662 homiuum
917 3602 953 3660 ut
969 3596 1087 3660 dicitur
1107 3595 1174 3660 sins
1191 3595 1309 3660 herede
1331 3595 1479 3660 deceden-

355 3708 447 3785 cium,
463 3707 682 3790 proximorum
698 3711 731 3771 et
747 3705 1057 3788 consanguineorum
1077 3703 1228 3768 videlicet
1242 3701 1268 3768 J
1270 3705 1404 3769 ohannis
1423 3705 1479 3768 filii

354 3813 488 3881 Ratoldi
504 3820 536 3879 et
552 3813 692 3878 filiorum
709 3813 826 3878 Buken
850 3811 948 3877 fuisse
973 3811 1214 3895 dignoscuntur,
1240 3811 1274 3875 in
1303 3810 1385 3876 valle
1400 3809 1479 3876 Beel

353 3921 548 3999 habitarum,
583 3942 690 3986 coram
707 3970 737 3984 ..
771 3917 907 3986 Nicolao
924 3967 955 3982 ..
979 3918 1123 4002 palatino
1158 3918 1237 3984 iuris
1274 3919 1384 3984 ordine
1419 3941 1480 3984 me-

354 4030 464 4095 diante
481 4029 676 4108 incidissent,
693 4029 726 4092 in
742 4027 925 4112 porcionem
944 4027 1069 4092 scilicet
1084 4049 1193 4092 eorum
1221 4028 1333 4094 cedere
1356 4027 1482 4103 debens

353 4139 473 4204 eisdem
489 4137 587 4203 Petro
612 4136 679 4201 filio
700 4136 871 4214 Johannis,
887 4134 1031 4200 dohanni
1057 4142 1090 4200 et
1105 4135 1217 4200 Blasio
1241 4135 1317 4201 filiis
1341 4136 1482 4201 eiusdem

353 4245 453 4324 Petri,
470 4265 508 4309 ac
524 4244 596 4310 aliis
609 4245 788 4328 prenotatis
805 4251 953 4329 exparte
969 4244 1154 4309 eorumdem
1170 4245 1262 4310 Petri
1274 4251 1308 4309 et
1322 4243 1483 4309 Johannis

353 4354 562 4432 relaxassent
578 4351 741 4418 reddendo
756 4351 842 4435 ipsos
859 4357 1008 4435 pretextu
1025 4350 1103 4416 dicti
1119 4350 1316 4436 gravaminis
1332 4351 1409 4416 iacti
1434 4371 1483 4416 ca-

355 4461 476 4526 lumnie
493 4481 625 4545 prorsus
641 4460 818 4543 expeditos,
834 4480 870 4524 eo
881 4459 983 4538 modo,
1001 4460 1262 4544 quodnunquam
1280 4460 1435 4544 temporis
1452 4461 1484 4523 in

354 4591 504 4657 processu
530 4571 626 4636 iidem
649 4572 768 4636 Petrus
784 4569 870 4635 filius
885 4569 909 4634 J
911 4569 1046 4636 ohannis
1072 4576 1105 4634 et
1133 4569 1191 4634 filii
1216 4571 1266 4634 sui
1283 4591 1321 4634 ac
1340 4569 1397 4633 alii
1415 4589 1485 4653 pre·

355 4679 467 4763 scripti
484 4678 523 4742 de
539 4680 748 4765 generacione
758 4700 828 4758 sua,
838 4679 872 4744 in
887 4678 973 4744 iacto
989 4678 1207 4763 predictarum
1217 4676 1486 4762 possessionaria-
