3180 5466
576 618 670 679 1352.
689 636 760 679 aru.
778 620 807 680 2.
1180 621 1243 682 565

111 797 302 862 Ladisloum
318 795 419 860 filium
443 791 604 860 Johannis
631 795 670 860 de
697 795 815 874 Solvor,
840 803 872 861 et
898 799 967 880 ipso
984 803 1111 862 mortuo
1129 803 1243 863 contra

111 903 286 968 Nicolaum
303 903 406 968 filium
431 902 523 967 Petri
540 902 617 966 dicti
634 901 716 968 Sous
733 903 867 968 fratrem
893 904 1034 972 eiusdem
1055 908 1244 992 patruelem,

110 1015 142 1076 in
170 1033 265 1096 quem
291 1011 378 1076 dicta
407 1033 504 1076 causa
534 1011 572 1076 de
598 1013 689 1094 regni
722 1013 948 1078 consuetudine
981 1013 1099 1080 dicitur
1130 1014 1245 1081 debere

110 1121 295 1198 redundari,
322 1142 380 1204 pro
406 1142 469 1202 quo
494 1119 662 1184 Johannes
686 1119 773 1185 filius
799 1121 973 1187 Mortunus
998 1174 1026 1186 ..
1058 1125 1246 1208 comparuit,

111 1233 204 1294 iuxta
229 1230 464 1294 continenciam
490 1230 634 1312 priorum
659 1230 828 1295 literarum
855 1237 1038 1298 nostrarum
1065 1233 1098 1296 in
1124 1233 1245 1298 octavis

110 1337 174 1402 diei
203 1338 299 1404 medii
324 1335 580 1420 Quadragesime
604 1358 730 1403 movere
755 1338 917 1404 habebant
947 1361 1055 1404 coram
1081 1339 1181 1418 nobis,
1207 1341 1247 1406 de

110 1447 258 1528 parcium
275 1451 520 1529 procuratorum
531 1445 695 1512 voluntate
712 1447 753 1510 ad
770 1453 899 1512 octavas
917 1447 991 1513 festi
1007 1448 1095 1514 beati
1111 1445 1246 1532 Georgii

109 1555 255 1620 martiris
271 1575 355 1620 nuno
381 1555 524 1642 proxime
550 1561 712 1632 venturas,
738 1560 827 1621 statu
843 1557 903 1622 sub
920 1558 1029 1638 priori,
1056 1557 1246 1640 peremtoria

109 1662 263 1727 duximus
287 1663 534 1746 prorogandam.
559 1662 686 1728 Datum
702 1663 803 1742 Bude,
830 1669 942 1728 octavo
958 1663 1010 1728 die
1025 1663 1156 1729 termini
1172 1686 1242 1748 pre-

109 1771 226 1852 notati,
243 1791 326 1835 anno
343 1769 463 1836 domini
481 1769 555 1834 ΜῘῃο
572 1767 694 1835 OOOm⁰
711 1771 776 1835 L¹¹¹⁰
794 1771 940 1837 secundo.

219 1898 351 1948 Zarlatan
363 1897 455 1961 peoset
468 1895 671 1962 tdreddlreivel;
692 1897 822 1962 eredetije
835 1913 867 1947 az
882 1911 950 1947 orsz.
964 1900 996 1948 lt.
1010 1899 1109 1949 kinost.
1124 1904 1191 1950 oszt.
1206 1900 1242 1951 N.

107 1989 140 2036 R.
154 1989 189 2037 A.
206 1992 284 2038 1698.
300 1993 341 2038 65.
355 1989 421 2051 dipl.
438 1992 505 2038 oszt.
520 1993 598 2038 4268.
618 1988 717 2038 Kdzli:
738 1989 846 2038 Koraos
860 1989 893 2037 N.

642 2277 714 2340 352.

110 2403 206 2464 1352.
225 2424 296 2486 apr.
315 2405 344 2464 2.
372 2399 420 2464 Aa
437 2408 505 2488 cyri
521 2402 679 2487 loriplolou
706 2404 811 2488 o'lirja
829 2403 988 2466 1337-ben
1004 2403 1066 2466 kalt
1082 2407 1170 2488 sajet
1186 2403 1239 2467 olc-

104 2511 226 2590 lecele't,
252 2511 333 2594 moly
349 2509 639 2576 carriotSzlerlroai
656 2510 774 2574 Miller
800 2515 830 2573 ds
848 2510 926 2591 fiai,
946 2510 1064 2596 Runya
1079 2519 1160 2573 necet
1176 2511 1239 2574 bir-

104 2617 296 2702 lolrukfeldl
310 2616 674 2706 dedrcrirmepyebeu,
685 2617 815 2682 Hamus
825 2627 906 2682 *ocull
922 2619 1129 2682 biutoloulrlroz
1145 2619 1242 2700 ledaei,

104 2751 159 2791 so.
177 2738 264 2790 azent
281 2725 460 2814 Gydrqyro'l
485 2737 620 2789 -neuezetl
644 2729 776 2791 bornuni
802 2737 963 2791 morosior
978 2725 1073 2810 feldl,
1098 2725 1243 2790 Hamooi

367 2833 448 2898 Elelc
465 2833 586 2914 ⁸rio'oolo
612 2833 811 2897 Ldriuczoelr
835 2833 983 2920 dturljcilo.

225 3010 230 3022 .
247 3009 254 3022 .
272 2957 449 3042 capitulum
474 2961 606 3025 ecclesie
623 2957 794 3042 Agriensis
812 3013 817 3024 .
834 3009 841 3022 .
864 2961 906 3024 ad
921 2960 1143 3026 universorum
1159 2962 1240 3026 noti-

104 3067 190 3129 ciam
210 3113 239 3129 ..
265 3065 409 3130 volumus
434 3068 609 3148 pervenire,
635 3065 721 3148 quod
746 3065 915 3130 Johaunes
940 3064 1026 3131 filius
1046 3065 1166 3132 Jacobi
1181 3066 1240 3130 filii

103 3174 193 3238 Elek
219 3179 251 3238 ot
277 3174 392 3238 nobilis
420 3175 530 3259 puella
555 3174 622 3239 filia
651 3173 824 3239 Laurencii
850 3173 907 3238 lilii
934 3175 1076 3240 eiusdem
1101 3173 1186 3239 Elek
1202 3173 1241 3238 de

102 3282 231 3346 Hanua
255 3303 314 3364 pro
341 3303 374 3346 se
400 3289 432 3347 et
456 3304 514 3365 pro
534 3280 674 3348 Alberlo
698 3282 799 3348 fratre
825 3284 968 3366 ipsorum
985 3283 1026 3347 ad
1043 3288 1186 3347 nostram
1204 3332 1233 3347 ..

102 3389 289 3455 accedendo
306 3392 513 3474 presenciam,
540 3391 754 3455 exhibuerunt
770 3391 862 3456 nobis
883 3391 1039 3474 quasdam
1055 3389 1169 3456 literas
1185 3411 1240 3455 no-

102 3505 192 3562 stras
220 3504 367 3581 patentes
385 3550 412 3564 ..
436 3503 580 3582 petentes
597 3519 655 3562 nos
674 3549 702 3561 ..
728 3504 763 3562 ut
781 3549 808 3562 ..
834 3503 936 3563 totam
962 3497 1097 3564 formam
1114 3518 1239 3563 earum-

102 3607 179 3672 dem
196 3608 314 3672 uost1·is
339 3607 442 3672 literis
467 3607 723 3690 privilegialibus
748 3608 853 3685 inseri,
879 3613 989 3671 nostro
1005 3607 1112 3690 sigillo
1129 3613 1239 3673 auten-

102 3719 170 3782 tico
187 3717 369 3800 consignari
385 3716 572 3794 faceremus,
598 3737 733 3799 quorum
752 3715 882 3799 quidem
909 3716 1076 3780 literarum
1094 3765 1122 3780 ..
1146 3721 1240 3781 tenor

103 3825 184 3890 talis
210 3830 276 3889 est:
303 3823 372 3888 Nos
400 3823 575 3907 capitulum
602 3823 734 3888 ecclesie
760 3822 929 3907 Agriensis
961 3821 1232 3906 significamus..

102 3931 193 4015 quod
209 3934 325 3996 comite
350 3930 487 3997 Nicolao
512 3930 578 3996 filio
604 3931 731 3996 Nicolai
756 3931 794 3995 de
820 3930 937 3997 Scarus
953 3952 1012 4014 pro
1028 3953 1061 3995 se
1079 3937 1111 3995 et
1129 3983 1157 3995 ..
1180 3953 1239 4014 pro

102 4039 129 4104 J
130 4041 261 4105 ohanne
277 4045 310 4103 et
325 4039 478 4104 Ladislao
495 4039 570 4104 filiis
588 4041 663 4116 suis,
689 4040 765 4104 itero
792 4060 851 4122 pro
877 4038 986 4103 Deseu
1003 4039 1102 4104 Petro
1119 4045 1151 4103 et
1167 4037 1238 4105 Ste-

101 4149 214 4232 phano
231 4147 380 4211 similiter
395 4145 470 4212 liliis
487 4147 552 4211 suis
571 4199 576 4211 .
593 4198 599 4211 .
624 4169 662 4212 ex
679 4168 752 4223 runa,
770 4151 802 4211 et
817 4145 999 4211 Laurencio
1016 4146 1081 4212 filio
1098 4145 1183 4212 Ellelr
1198 4147 1238 4210 de

101 4257 231 4322 Hauua
255 4255 408 4321 similiter
424 4277 482 4338 pro
508 4279 541 4320 se
558 4261 590 4320 et
606 4254 730 4320 Jacobo
755 4255 857 4320 fratre
882 4277 940 4321 suo
966 4261 1058 4340 parte
1074 4255 1115 4320 ab
1132 4255 1238 4320 altera

102 4387 215 4432 coram
242 4365 333 4430 nobis
358 4414 386 4428 ..
410 4365 604 4446 constitutis,
636 4385 693 4446 per
723 4363 857 4428 eundem
888 4365 1035 4429 comitem
1066 4363 1238 4429 Nicolaum

102 4497 163 4541 suo
180 4480 214 4539 et
230 4475 389 4538 dictorum
414 4473 555 4540 filiorum
580 4494 711 4538 suorum
736 4473 863 4539 nomine
882 4521 910 4536 ..
933 4473 1133 4555 propositum
1159 4473 1237 4538 exti-

101 4586 146 4649 tit
164 4633 170 4647 .
188 4631 194 4646 .
219 4581 304 4666 quod
322 4582 398 4664 quia
413 4581 489 4646 dicti
505 4581 564 4646 filii
589 4581 672 4646 Ellelr
687 4581 766 4664 ipsis
783 4581 816 4644 iu
832 4579 918 4645 linea
938 4580 1115 4646 attinerent
1132 4581 1236 4665 proxi·

102 4691 241 4768 mitatis,
258 4690 367 4774 stipsi
384 4690 510 4754 eosdem
537 4711 662 4773 semper
688 4688 878 4773 opportunis
904 4693 1002 4771 alque
1027 4686 1236 4771 beneplacitis

102 4799 259 4885 operibus
285 4805 485 4881 pertractare
511 4798 718 4878 studuissent,
744 4818 866 4863 necnon
893 4796 1011 4862 eisdem
1028 4816 1121 4861 suum
1137 4796 1236 4862 consi·
