3188 5470
366 463 429 522 366
737 481 923 526 ssuouronr
940 469 1154 526 onnrlnrrln.

365 637 577 714 obstantibus,
589 641 734 720 quamvis
751 640 937 706 Demetrius
954 641 1040 707 filius
1051 643 1182 722 Thome,
1193 664 1252 726 pro
1262 643 1287 708 J
1288 645 1415 708 ohanne
1426 665 1500 708 vero

362 747 429 812 filio
455 748 623 830 Benenigh
650 746 800 812 Andreas
825 756 1016 831 procurator
1041 772 1117 816 suus
1142 752 1355 834 personaliter
1379 751 1498 816 ibidem

365 861 596 937 comparentes,
614 857 793 920 erecciones
818 856 978 922 dictarum
1009 867 1169 924 metarum
1185 859 1436 943 prohibuissent
1470 865 1498 923 et

363 965 464 1027 eciam
480 985 588 1028 coram
604 962 695 1028 nobis
719 963 805 1029 idem
827 963 1013 1031 Demetrius
1039 966 1222 1050 prohibuit;
1247 989 1344 1051 quem
1370 967 1497 1050 quidem

363 1071 548 1136 Johannem
564 1073 666 1138 lilium
681 1074 852 1156 Benenigh
867 1081 935 1138 tam
951 1077 1081 1141 racione
1096 1077 1239 1162 predicte
1262 1076 1496 1161 prohibicionis.

364 1203 461 1264 quam
477 1183 604 1247 racione
620 1183 842 1266 gravaminum
859 1185 1050 1251 iudiciorum
1061 1187 1094 1250 in
1104 1187 1257 1270 predictis
1267 1187 1371 1251 literis
1381 1187 1496 1252 nostris

363 1295 597 1369 contentorum,
613 1291 655 1356 ad
672 1293 851 1376 quindenas
861 1291 1138 1360 Annumciacionis
1155 1296 1248 1361 beate
1271 1296 1406 1378 virginis
1433 1295 1494 1358 iam

363 1405 515 1464 venturas
540 1405 653 1464 contra
678 1407 890 1466 memoratum
921 1403 1075 1484 comitem·
1101 1403 1260 1469 Tbomam
1285 1404 1327 1469 sd
1352 1411 1493 1468 nostram

365 1508 564 1589 presenciam
581 1516 765 1574 evocassent
780 1510 813 1573 in
830 1509 911 1575 facie
931 1509 1074 1593 predicto
1090 1519 1176 1576 terre
1192 1512 1352 1594 litigiose3
1369 1513 1491 1576 demum

364 1615 465 1678 eciam
481 1615 684 1682 Demetrium
699 1617 802 1682 filium
819 1617 941 1683 Thome
958 1618 996 1682 de
1014 1617 1141 1684 Scimus
1152 1621 1280 1684 racione
1297 1642 1354 1684 sue
1370 1627 1494 1685 contra-

364 1721 517 1786 diocionis
543 1723 692 1788 similiter
718 1725 759 1789 ad
785 1725 923 1789 eundem
947 1727 1121 1790 terminum
1146 1733 1259 1792 contre
1283 1735 1489 1792 memoratum

364 1832 510 1901 comitem
527 1829 686 1896 Thomam
702 1833 744 1896 ad
762 1839 905 1897 nostram
931 1833 1131 1914 presenciam
1157 1835 1318 1898 racionem
1345 1855 1401 1898 sue
1426 1855 1492 1898 con-

365 1937 572 2003 tradiccionis
588 1939 790 2004 redditurum
807 1947 999 2006 evocassent.
1015 1940 1139 2004 Datum
1165 1940 1246 2004 feria
1270 1941 1410 2006 secunda
1426 1961 1491 2024 pro

364 2046 452 2111 xima
466 2053 538 2130 post
563 2047 755 2113 dominicam
781 2047 904 2125 Indica,
929 2069 1014 2112 anno
1033 2048 1153 2112 domini
1179 2049 1232 2113 Μ0
1260 2047 1381 2115 GOC¹¹¹⁰
1406 2049 1491 2131 quin-

365 2153 560 2236 quagesimo.

472 2335 601 2396 Paptmn,
623 2335 749 2384 ztrlatan
771 2334 820 2384 ket
841 2334 934 2396 pscset
954 2333 1158 2399 t'oredtkeivel3
1181 2333 1312 2396 eredetije
1329 2350 1362 2384 az
1376 2347 1441 2382 orsa.
1461 2336 1488 2382 lt.

372 2423 470 2472 kinost.
485 2428 551 2471 oszt.
565 2423 599 2471 N.
613 2425 647 2472 R.
661 2426 694 2473 A.
709 2429 769 2474 694.
784 2429 807 2473 3.
821 2423 888 2486 dipl.
903 2429 969 2472 oszt.
984 2429 1063 2472 4119.
1085 2425 1184 2473 Kozli:
1205 2425 1312 2473 Kovsics
1326 2425 1359 2473 N.

893 2873 966 2934 216.

372 3056 462 3117 1350.
478 3065 571 3118 msam.
591 3055 639 3115 17.
665 3049 712 3115 ΑΖ
728 3050 906 3134 csztcrpomt'
922 3049 1075 3134 lodptalon
1090 3049 1162 3112 atsto
1180 3048 1305 3112 Zorarcl
1313 3049 1363 3130 flu.
1379 3049 1485 3112 Domo·

366 3165 431 3240 lece,
450 3163 547 3246 Zerep
569 3160 692 3222 lfldoori
707 3161 738 3222 e's
759 3158 948 3242 Npe'loincolt
959 3156 1099 3219 dirtolcolc
1116 3155 1371 3240 elalepenile'sa'tdl
1387 3157 1489 3238 Bodup

809 3266 940 3328 unobdc't
959 3265 1053 3348 tiltjn

471 3466 541 3530 Nos
572 3464 750 3550 capitulum
790 3463 922 3526 ecclesie
962 3461 1191 3544 Strigoniensis
1234 3460 1487 3544 significamus..

365 3577 449 3659 quod
466 3597 570 3640 comes
586 3574 776 3638 Dominicus
793 3570 878 3635 filius
895 3569 1022 3634 Zorard
1038 3568 1253 3652 personaliter
1279 3589 1387 3634 coram
1401 3569 1485 3634 nobis

365 3684 588 3768 comparendo,
598 3683 630 3746 in
640 3681 771 3745 modum
781 3678 1028 3763 protestocionis
1039 3685 1071 3741 et
1080 3676 1312 3760 prohibitionis
1329 3673 1486 3759 (significl-

365 3815 420 3858 are
437 3793 570 3868 curavit
597 3789 684 3873 quod
709 3788 748 3852 de
774 3787 973 3871 possessione
999 3785 1104 3870 Zerep
1129 3791 1242 3850 vocate
1268 3786 1301 3848 in
1331 3784 1487 3850 Kercslms

364 3903 520 3966 existente
536 3921 608 3962 cum
624 3899 690 3962 suis
706 3895 914 3979 pertinenciis
936 3915 974 3958 cc
993 3893 1066 3959 aliis
1082 3891 1337 3977 possessionibus
1353 3898 1487 3976 spectan-

364 4009 448 4073 tibus
465 4008 507 4071 ad
523 4007 666 4082 eandem,
678 3999 892 4086 sp(ecialiter)
903 4000 1036 4085 Oduory
1047 4000 1205 4084 etNyelry
1221 3999 1353 4078 vocatis,
1369 4000 1485 4064 racione

364 4116 520 4202 patruelis
537 4113 750 4179 fraternitatis
768 4111 829 4176 sibi
844 4111 954 4193 porcio
969 4109 1100 4174 deberet
1125 4109 1292 4191 provenire
1322 4109 1361 4173 de
1377 4107 1487 4172 eisdem

365 4226 443 4290 iuris
460 4225 571 4290 ordine
589 4221 767 4301 mediante;
783 4219 868 4284 unde
885 4218 994 4283 Zoard
1005 4225 1037 4282 et
1046 4217 1260 4282 Benedictum
1272 4216 1355 4282 filios
1365 4216 1487 4282 Andree

365 4334 421 4399 filii
446 4333 572 4415 Bodug‚
597 4353 635 4396 ac
660 4329 685 4394 J
687 4349 823 4393 oannem
849 4325 952 4391 filium
977 4325 1105 4390 Nicolai
1132 4323 1190 4389 filii
1217 4325 1355 4408 predicti
1382 4323 1487 4405 Bodug

364 4443 524 4526 proximos
545 4460 618 4504 suos
635 4437 676 4502 ab
693 4437 890 4502 alienaoione
916 4441 948 4499 et
963 4434 1148 4499 vendicione
1168 4455 1225 4498 seu
1241 4433 1487 4517 perpetuatione,

364 4549 507 4632 aliosque
523 4545 686 4630 quoslibet
700 4545 864 4609 universos
881 4542 922 4607 eb
941 4544 1154 4625 oocupacione
1180 4542 1367 4607 detcncione
1385 4547 1415 4604 et
1428 4561 1485 4602 em·

364 4657 454 4725 oione
465 4679 520 4720 seu
538 4652 760 4742 quovismodo
778 4674 810 4716 se
821 4653 1059 4717 intromissione
1075 4649 1359 4734 prohibuitcoram
1370 4647 1485 4713 nobis..
