3188 5470
529 515 623 578 1349.
639 535 728 578 surr.
746 514 797 578 26.
1141 518 1203 580 3‘21

80 693 236 774 magister
266 691 424 757 Nicolaus
450 699 508 756 ant
532 692 591 757 filii
616 695 666 757 sui
691 694 726 758 in
750 693 837 759 dicta
866 695 980 776 quinta
1010 693 1213 758 revolucione

81 799 199 882 pignus
214 800 394 884 predictum
410 820 469 883 pro
485 800 572 865 dicta
587 802 725 885 pecunia
741 801 898 866 redimere
915 821 979 866 non
995 808 1136 884 possent,
1161 821 1214 865 cx-

82 915 158 971 tunc
173 907 286 992 elapsa
301 908 388 972 dicta
413 908 529 992 quinta
554 909 765 986 revolucione,
790 909 1048 992 quandocunque
1072 909 1215 992 poterint

82 1014 218 1080 liberam
243 1015 386 1081 habeant
410 1015 587 1081 redimendi
612 1017 801 1082 facultatem
832 1037 891 1100 pro
915 1017 1052 1100 pecnnia
1076 1015 1212 1099 prefata

83 1122 206 1187 Datum
222 1123 304 1188 feria
324 1130 417 1188 sexta
442 1126 589 1208 proxima
613 1131 689 1188 ante
714 1125 832 1189 festum
857 1123 1026 1188 beatorum
1051 1120 1166 1188 Oosme
1182 1129 1215 1186 et

84 1229 236 1295 Damiani
252 1231 432 1308 martirum,
448 1251 532 1294 anno
545 1231 666 1296 domini
682 1233 757 1297 Μιῃο
773 1229 894 1297 000110
910 1231 1015 1296 XLm⁰
1031 1250 1123 1294 nono.

189 1395 317 1456 Hartyan
349 1393 496 1456 hatlapjan
519 1393 603 1443 kerek
626 1395 718 1457 peccet
738 1395 916 1458 nyomaiva13
936 1393 1066 1456 eredetije
1088 1408 1121 1442 az
1144 1406 1215 1442 orszt

86 1485 204 1543 lttrban,
218 1499 235 1532 a
249 1483 372 1546 Csicsery
384 1499 420 1532 cs.
433 1482 681 1546 letetemenydben.

613 1793 685 1853 184.

86 1935 179 1997 1349.
199 1934 307 2012 Bada,
323 1944 396 2016 sept.
414 1936 466 1998 26.
490 1934 605 1998 Tmoeris
621 1931 801 2018 oraqubiro
824 1956 846 1994 c
871 1931 1053 2017 Stcfkfalvi
1079 1934 1215 1997 Harmas

78 2043 128 2120 fia
149 2043 235 2104 Zoal·
251 2043 282 2104 e'e
307 2041 376 2106 Vak
393 2041 520 2128 Mihelp
536 2041 636 2105 kozott
652 2043 734 2104 ritate
758 2041 908 2128 Velcbyac
923 2049 1004 2104 accit
1020 2040 1131 2126 Saepea
1147 2048 1216 2105 cdr-

88 2151 205 2234 meqyei
220 2149 322 2212 birtol·
338 2149 519 2214 baldrc'aah·
544 2148 641 2233 ajabb
667 2151 923 2234 magja'rctriedrc
939 2174 960 2212 a
976 2151 1091 2236 azopari
1105 2151 1215 2236 hepta-

524 2257 627 2321 ialaat
643 2256 778 2320 let'kr'tldi.

191 2401 381 2484 ..capitulo
407 2401 539 2465 ecclesie
554 2399 776 2484 Scepsiensis.
809 2421 923 2466 comes
951 2401 1093 2466 Thomas
1119 2401 1217 2466 iudex

84 2511 171 2573 curie
197 2559 228 2573 ..
253 2509 455 2592 presencium
479 2511 561 2573 serie
588 2507 799 2586 declaramus,
831 2509 1015 2590 quodcum
1043 2509 1068 2573 J
1070 2509 1214 2576 ohannes

85 2617 170 2681 filius
186 2617 325 2681 Martini
340 2615 380 2680 de
396 2615 628 2681 Kazmerlolua
643 2617 738 2681 homo
754 2616 841 2699 regie
858 2617 1038 2681 maiestatis
1064 2623 1215 2700 presente

85 2725 188 2790 Paulo
204 2724 384 2808 presbitero
400 2725 582 2790 testimonio
598 2729 703 2788 vestro
723 2723 921 2801 transmisso,
946 2723 1031 2788 inter
1047 2723 1129 2790 alias
1145 2747 1217 2810 pos·

85 2835 241 2898 sessiones
258 2832 430 2896 adfaciem
455 2832 622 2897 cuiusdam
646 2832 855 2915 possessionis
871 2830 1031 2913 chhyne
1057 2839 1167 2898 vocate
1183 2835 1217 2898 in

84 2942 241 3006 comitatu
258 2938 439 3022 Scepsiensi
460 2940 634 3020 existentis,
659 2959 757 3021 quam
781 2937 876 3002 Zonk
900 2936 985 3002 filius
1011 2938 1151 3006 Hannus
1177 2941 1216 3005 de

86 3049 305 3136 Stephklolua
321 3069 412 3113 suam
428 3047 496 3112 iore
506 3053 538 3112 et
547 3054 708 3112 metarum
718 3045 936 3111 ereccionibus
945 3046 1121 3130 plurimum
1137 3049 1218 3114 indi-

85 3183 159 3244 gere
175 3161 264 3244 regie
284 3158 467 3224 celsitudini
492 3157 658 3242 propalari
677 3156 806 3222 lecisset
822 3205 828 3218 .
845 3207 852 3220 .
869 3156 1058 3236 accedendo,
1084 3157 1218 3222 eandem

85 3321 91 3334 .
108 3321 115 3332 .
133 3267 366 3334 reambulando
382 3317 389 3330 .
407 3318 413 3332 .
430 3266 576 3350 predicto
592 3266 685 3331 Zonlr
709 3265 775 3330 filio
800 3265 942 3330 Hannus
960 3315 967 3329 .
983 3314 990 3328 .
1006 3271 1150 3331 statuere
1166 3288 1217 3330 vo·

85 3381 205 3458 luisset,
222 3383 256 3442 et
271 3375 455 3442 Petrofilio
470 3372 641 3440 Michaelis
658 3375 725 3440 ceci
739 3374 773 3438 in
790 3394 929 3457 persona
953 3374 1031 3438 dicti
1047 3375 1150 3458 patris
1167 3376 1218 3439 sui

85 3511 105 3550 a
121 3487 303 3552 statuciene
322 3483 505 3549 medietatis
530 3482 616 3548 dicte
641 3483 850 3566 possessionis
866 3481 1029 3564 chhyne
1045 3483 1108 3564 ipsi
1123 3482 1219 3547 Zonlr

85 3594 240 3672 iacienda,
272 3591 333 3657 sibi
365 3591 548 3656 testimonio
581 3597 685 3654 vestro
716 3589 967 3654 contradictoria
997 3589 1218 3672 prohibicione

84 3704 284 3779 obveniente,
300 3699 437 3764 eundem
446 3697 643 3763 Michaelem
652 3719 761 3762 cecum
776 3695 879 3760 filium
888 3693 1018 3760 Nicolai
1034 3697 1076 3762 ad
1089 3703 1219 3762 octavas

85 3813 160 3876 festi
184 3810 372 3895 Epiphania
397 3807 517 3872 domini
541 3827 626 3872 anno
661 3807 694 3869 in
719 3805 861 3889 presenti
887 3810 1081 3887 transactas,
1107 3809 1246 3872 contra'

87 3925 195 4004 ipsum
209 3919 306 3985 Zonk
322 3919 365 3982 ad
384 3919 472 4000 regie
497 3916 677 3982 maiestatis
702 3917 911 4000 presenciam,
936 3921 973 3978 ut
996 3913 1090 3978 litere
1117 3919 1220 3978 vestre

86 4053 145 4094 nos
170 4026 388 4093 informabant
414 4025 585 4103 citavisset,
611 4031 643 4088 et
668 4025 740 4106 ipsa
755 4045 852 4088 causa
876 4024 968 4086 iuxta
984 4023 1217 4087 continenciam

86 4139 257 4202 literarum
286 4184 317 4198 ..
343 4133 468 4198 comitis
494 4133 590 4198 Pauli
615 4137 692 4196 tunc
717 4131 833 4196 iudicis
859 4130 946 4194 curie
971 4131 1059 4212 regia
1091 4129 1220 4194 racione

86 4243 266 4327 prioritatis
283 4242 414 4306 termini
430 4241 472 4306 ad
491 4247 620 4306 octavas
647 4240 712 4304 diei
736 4237 899 4320 Cinerum,
917 4245 949 4302 et
973 4237 1089 4302 deinde
1114 4237 1219 4301 volen-

87 4353 178 4417 tibus
193 4350 342 4436 partibus
367 4350 409 4415 ad
433 4357 562 4415 octavas
581 4348 655 4413 festi
678 4348 767 4413 beati
791 4347 816 4412 J
818 4347 909 4412 acobi
925 4345 1064 4429 apostoli
1082 4353 1159 4412 tunc
1173 4369 1220 4412 se·

87 4469 232 4544 quantes,
258 4465 291 4524 et
316 4459 434 4524 abhinc
452 4458 579 4522 favente
599 4457 706 4522 cuncti
731 4455 873 4540 potentis
898 4454 1072 4520 clemencia
1087 4455 1220 4537 ipsoque

86 4570 216 4633 dominc
233 4574 343 4632 nostro
360 4588 435 4649 rege
445 4565 589 4650 predicto
600 4565 720 4630 honore
730 4565 890 4629 iudicatus
907 4564 995 4628 curie
1005 4583 1061 4626 suc
1077 4568 1220 4626 nostram

90 4699 258 4761 personam
277 4676 481 4757 sublimante,
499 4677 588 4738 iuxta
605 4675 835 4738 continenciam
853 4673 1021 4736 literarum
1039 4676 1230 4732 nostrarumv

135 4813 284 4848 naeouuoer
302 4799 474 4844 osmiarriu.
492 4813 517 4844 v.
536 4801 628 4842 adri-rr.
1074 4802 1104 4846 21
