3188 5476
369 587 432 647 606
720 601 905 647 ιιιοιιιιοιιι
922 587 1136 646 ιιιιιιιιιιιιιι.

368 768 490 826 terram
508 762 601 828 unius
616 763 717 828 aratri
728 765 768 828 de
779 763 977 846 possessione
994 784 1104 826 eorum
1121 763 1248 827 nomine
1264 761 1491 828 Kerouaexoe·
1574 751 1575 818 i

369 877 466 953 ptam,
480 870 699 952 assignassent
685 870 872 937 tZuardet
889 869 982 936 Ohak
1000 871 1149 936 similiter
1165 877 1279 954 perpet
1279 892 1320 934 uo
1336 871 1491 953 possiden·
1574 867 1575 878 ’

371 979 437 1055 das,
448 977 609 1060 prefatam
619 999 694 1042 vero
704 980 935 1061 possessionem
952 979 1105 1044 Keroua'
1097 1001 1130 1044 ιιι
1141 986 1281 1062 quatuor
1295 983 1406 1062 partes
1415 978 1492 1041 mter
1574 921 1575 1046 l

370 1106 403 1149 se
416 1087 540 1166 equalit
541 1107 577 1149 er
527 1087 791 1166 drvrsissen
759 1092 914 1152 servos
925 1093 1072 1151 eciame
1058 1087 1222 1152 tancillas
1239 1107 1349 1152 eorum
1360 1106 1491 1169 quocun
1574 1131 1575 1140 ι

369 1199 455 1276 quet
441 1193 537 1258 titulo
547 1214 717 1278 possessos,
735 1137 845 1260 eodem
862 1193 955 1259 modo
971 1195 1105 1259 interae
1122 1200 1262 1276 quatuor
1278 1193 1439 1278 equaliter
1447 1193 1490 1257 dr

368 1301 532 1365 visissent·
503 1302 744 1380 hadiecissent
754 1303 855 1370 eciam
870 1303 931 1367 Pet
918 1307 988 1367 trus
1004 1303 1113 1368 Zoard
1123 1302 1258 1369 etOhak
1275 1322 1332 1384 pre
1333 1301 1392 1365 fati
1394 1300 1489 1383 ,quod

368 1409 504 1474 villam
495 1430 639 1492 ipsorum
664 1410 860 1494 Monyorous
875 1418 1021 1476 vocatam
1046 1417 1165 1476 emtam
1182 1415 1215 1473 et
1230 1408 1405 1492 aquisitam
1428 1427 1490 1490 spe
1574 1403 1575 1410 '

370 1517 460 1580 cialit
446 1522 496 1580 ι·ιι
521 1538 579 1600 per
604 1517 786 1601 Nicolaum,
811 1519 1018 1602 reliquissent
1004 1519 1152 1584 teidem
1175 1515 1308 1601 pacifice
1333 1523 1367 1582 et
1392 1517 1490 1597 quiete

369 1625 604 1706 possidendam,
628 1627 734 1692 dando
751 1627 853 1691 sibi
828 1631 912 1694 srcut
927 1647 1001 1690 vero
1017 1628 1193 1712 possessori
1208 1627 1243 1689 in
1258 1627 1324 1690 vita
1343 1631 1471 1690 suaetr
1463 1626 1491 1688 in

369 1752 439 1795 mor
441 1731 625 1796 teliberam
642 1733 783 1799 donandi
807 1734 971 1812 vendendi,
989 1740 1021 1800 ιι
1037 1734 1192 1816 quicquid
1209 1732 1314 1797 sibi
1286 1753 1389 1796 ursum
1404 1731 1491 1796 fuerit

369 1837 506 1903 faciendi
531 1840 669 1906 facultat
619 1847 738 1921 tat3em
763 1843 839 1908 item
865 1843 963 1906 aliam
988 1843 1219 1925 possessionem
1244 1861 1355 1904 eorum
1372 1841 1489 1903 nomine

368 1945 451 2010 Bela
467 1947 679 2012 inventamet
665 1949 887 2030 tacquisitam
913 1969 970 2030 per
995 1949 1057 2012 Pet
1043 1955 1138 2025 trum,
1163 1948 1372 2031 reliquissent
1395 1947 1489 2013 eidem

369 2053 430 2118 Pet
417 2061 467 2119 ιιο
484 2055 596 2120 similit
583 2062 633 2120 ter
649 2061 763 2138 perpet
764 2077 804 2120 uo
821 2057 1046 2138 possidendam
1056 2057 1150 2121 modo
1165 2061 1345 2139 prenotato,
1360 2053 1418 2119 hoo
1433 2074 1490 2118 non

367 2165 581 2244 pretermiss0,
598 2166 685 2248 quod
700 2172 823 2229 terram
840 2187 937 2247 quam
953 2167 985 2230 iu
1002 2166 1148 2249 predicta
1166 2166 1370 2248 possessione
1388 2183 1490 2227 eorum

368 2273 494 2335 nomine
512 2271 619 2355 Bykul
635 2273 755 2338 habent
770 2274 898 2356 pignori
914 2274 1089 2356 obligatam
1100 2275 1278 2354 indivisam,
1296 2295 1317 2336 a
1332 2279 1408 2336 tunc
1423 2271 1489 2336 reli·

369 2381 514 2460 quissent
529 2381 613 2446 inter
630 2402 663 2445 se
681 2389 819 2462 quatuor
834 2381 1016 2448 habendam
1032 2383 1065 2446 in
1082 2383 1251 2446 communi.
1277 2381 1326 2446 Ut
1341 2387 1443 2445 autem
1458 2379 1490 2440 in

368 2488 524 2570 premissa
548 2488 631 2554 falsa
657 2491 837 2555 monetaria
862 2491 1026 2556 incusione
1044 2471 1090 2554 ¹et
1120 2489 1320 2555 fabricatura
1350 2489 1490 2552 innocens

368 2595 512 2659 extiterit
528 2603 560 2660 et
575 2597 735 2676 immunis,
751 2601 875 2663 cunctis
894 2600 983 2680 regni
1000 2598 1159 2663 nobilibus
1176 2597 1238 2681 ipsi
1254 2595 1490 2679 congregacioni

368 2703 596 2768 adherentibus
622 2711 785 2770 constaret
800 2706 970 2784 evidenter,
999 2727 1078 2789 quos
1094 2705 1213 2772 ibidem
1230 2726 1288 2786 per
1304 2725 1361 2768 nos
1378 2703 1490 2785 requiri

368 2811 511 2892 equitate
527 2815 679 2878 suadente
695 2815 853 2878 instanter
869 2814 1051 2895 postulavit.
1078 2811 1160 2878 Oum
1186 2814 1298 2894 itaque
1316 2811 1490 2875 eorumdem

368 2919 566 2999 prelatorum
583 2927 616 2986 et
631 2921 789 2986 baronum
815 2922 905 3003 regni
932 2920 1096 2985 moderato
1122 2920 1248 2984 inducti
1265 2917 1405 2997 consilio,
1430 2918 1491 2981 uni·

367 3045 475 3089 versos
500 3026 623 3090 nobiles
649 3027 733 3093 dicte
762 3030 1005 3111 congregacioni
1036 3035 1146 3093 nostre
1177 3028 1369 3094 adherentes
1393 3028 1425 3090 in
1448 3047 1489 3091 ec.

368 3137 477 3196 utrum
494 3134 639 3215 prefatus
655 3137 810 3216 magister
826 3137 1015 3202 Dominicus
1035 3138 1191 3220 premisse
1215 3136 1296 3201 false
1321 3133 1490 3200 monetaria

368 3237 592 3305 fabricacionis
609 3243 687 3306 vicio
710 3265 875 3327 respersus
901 3251 933 3308 et
957 3244 1142 3309 obfuscatus
1158 3244 1311 3325 extiterit,
1327 3242 1490 3324 requisitos

367 3346 598 3426 habuissemus,
624 3350 686 3433 ipsi
703 3352 826 3416 nobiles
841 3353 873 3416 in
890 3359 1014 3436 partem
1032 3373 1065 3416 se
1081 3354 1294 3429 retrahentes,
1311 3352 1439 3416 demum
1453 3349 1489 3412 ad

367 3459 511 3520 nostram
536 3463 568 3521 et
592 3458 750 3523 dictorum
773 3458 930 3525 baronum
962 3462 1097 3543 ingressi
1126 3462 1336 3544 presenciam,
1362 3457 1490 3523 cundem

366 3559 573 3628 Dominicum
598 3565 632 3628 in
656 3568 813 3647 premissa
844 3568 928 3634 falsa
958 3571 1139 3634 monetaria
1164 3568 1380 3634 fabricacione
1411 3567 1490 3628 iuno

367 3675 492 3734 centem
507 3672 635 3752 penitus
651 3679 683 3737 et
698 3673 871 3740 immunem
889 3677 1042 3756 extitisse,
1068 3699 1107 3742 ex
1131 3697 1233 3760 eoque
1249 3676 1418 3759 premissis
1432 3671 1490 3736 suis

365 3777 621 3857 possessionibus
647 3780 834 3848 innocenter
865 3784 1092 3851 defraudatum
1122 3785 1222 3849 fuisse
1245 3783 1440 3848 unanimiter
1461 3785 1490 3841 et

366 3884 567 3950 concorditer
586 3892 790 3954 attestarunt.
817 3891 858 3955 In
885 3914 1021 3974 quorum
1049 3893 1180 3976 quidem
1204 3892 1361 3956 nobilium
1388 3885 1490 3954 testifi-

366 3991 502 4055 cacionis
527 3993 754 4074 testimonium,
778 4005 943 4081 presentes
969 4007 1097 4065 nostras
1120 4006 1271 4083 patentes
1297 4000 1411 4063 literas
1426 4016 1489 4079 pre·

366 4095 434 4160 fato
450 4097 621 4165 Dominico
638 4102 796 4168 instanter
812 4108 991 4188 postulanti
1001 4109 1150 4174 duximus
1167 4107 1397 4182 concedendas,
1412 4125 1488 4169 ccm-

365 4206 454 4268 muni
493 4208 563 4270 iure
601 4221 798 4293 exposcente.
840 4215 964 4281 Datum
1005 4219 1120 4298 quinto
1152 4219 1203 4283 die
1234 4215 1490 4300 congregacionis

365 4311 517 4393 predicte,
533 4315 566 4378 in
583 4316 652 4381 loco
667 4327 830 4400 annotato,
854 4345 937 4388 anno
954 4326 1075 4390 domini
1100 4327 1175 4392 Μ1110
1192 4323 1315 4393 000ῐῃῠ
1340 4327 1490 4408 quinqua·

366 4419 485 4498 gesimo
501 4425 649 4488 secundo.

471 4567 559 4614 Khuo
573 4570 664 4630 pecset
677 4573 851 4638 nyonraival3
874 4575 1004 4639 eredetije
1018 4593 1050 4626 az
1065 4593 1134 4627 orez.
1159 4580 1189 4628 1ι.
1213 4578 1315 4628 kinost.
1330 4584 1399 4626 caat.
1413 4577 1445 4624 N.
1459 4576 1489 4623 ll.

365 4653 397 4700 A.
415 4659 489 4704 1537.
505 4663 546 4706 59.
559 4656 625 4720 dipl.
640 4667 707 4710 oszt.
721 4668 799 4712 4301.
813 4665 953 4715 szdlve:
968 4667 1052 4716 nebai
1065 4668 1168 4717 Vincas
1183 4668 1215 4717 G.
1230 4667 1424 4717 masclataocl.
