3188 5470
568 503 825 568 1350.uuar.4.
1190 503 1247 562 361

225 679 249 728 Α
272 670 432 744 pdcsvciradi
454 680 629 730 corruentuek
662 684 737 730 1358.
761 680 824 744 uraj.
852 680 951 730 lli-keu
975 695 1081 730 accures
1104 681 1252 746 Gregorius

122 771 191 819 tilius
204 771 338 820 Kalemeu
351 770 445 836 magni
467 770 550 820 iudex
573 770 606 819 de
628 770 742 820 uilitate
764 771 952 820 Waradieusis
968 769 1119 821 ker-elmere
1143 771 1253 821 kiadctt

121 859 275 924 dtiratabdl,
289 862 418 924 melyuek
428 859 559 924 eredetije
581 875 698 925 megvan
721 876 753 909 az
777 875 845 910 orsz.
869 863 899 910 lt.
923 861 1022 912 kincst.
1037 867 1104 911 oszt.
1118 863 1151 911 N.
1166 864 1198 912 R.
1214 863 1248 912 Λ.

124 957 180 1000 605.
195 955 218 998 7.
233 951 300 1015 dipl.
316 957 385 1004 cszt.
398 956 476 1002 3683.
497 951 596 1001 Kczli:
617 951 726 1000 Koraos
740 951 773 1000 N.

603 1187 763 1194 ..-—-——--

649 1389 722 1450 213.

123 1568 215 1630 1350.
245 1577 335 1631 muri.
360 1571 390 1630 3.
409 1567 438 1630 A
458 1568 572 1632 adradi
601 1567 757 1653 kdpialau
783 1567 854 1630 cldtt
881 1566 1032 1648 Hurcapi
1062 1565 1191 1642 suillus,
1217 1587 1254 1625 aa

119 1673 269 1759 ‹oppdro'l
310 1679 363 1738 reci
396 1674 517 1780 azdlleti
551 1673 618 1738 tb'bd
651 1673 934 1758 Bibarrcirmcppei
974 1672 1109 1736 biv-total
1143 1670 1256 1738 (lerini

475 1782 681 1848 Abrcbdmrc
701 1784 837 1846 ruham
856 1784 897 1846 u't.

225 1979 414 2064 Capitulum
445 1981 575 2047 ecclesie
592 1981 816 2047 Waradiensis
834 2032 863 2045 ..
888 1979 928 2045 ad
953 1980 1176 2044 universorum
1200 1999 1253 2042 uo-

118 2089 229 2154 ticiam
262 2140 268 2151 .
296 2088 470 2153 ‚volumus
495 2089 669 2171 pervenire,
697 2087 783 2171 quod
814 2087 1002 2153 accedentes
1034 2087 1075 2150 ad
1109 2093 1253 2151 uestram

118 2196 317 2278 presenciam
345 2195 501 2260 Nicolaus
525 2195 611 2260 filius
642 2196 739 2262 Pauli
767 2193 827 2260 filii
851 2195 961 2279 Wyda
987 2195 1026 2259 de
1051 2195 1190 2277 Harang
1215 2218 1254 2258 ex

118 2303 185 2367 filia
201 2304 376 2368 Mortunus
392 2309 581 2386 procreatus
597 2303 639 2368 ab
656 2325 721 2367 una
737 2309 840 2386 parte,
857 2325 894 2366 ex
919 2303 984 2368 alia
1000 2324 1074 2367 vero
1100 2304 1255 2385 magister

118 2409 290 2474 Abraham
316 2409 401 2476 filius
417 2409 558 2476 Dionisii
584 2410 623 2475 de
640 2409 775 2493 Olgerla
792 2461 798 2473 .
817 2463 822 2474 .
847 2431 954 2474 coram
972 2410 1063 2476 nobis
1081 2417 1156 2475 suut
1181 2433 1254 2476 cou-

117 2518 201 2598 fessi,
218 2517 303 2600 qucd
314 2519 376 2602 ipsi
387 2541 483 2602 super
495 2527 614 2602 quarta
625 2519 718 2584 filiali
729 2519 883 2584 nobilium
902 2519 1253 2586 dominarumfiliarum

118 2628 269 2693 videlicet
285 2628 463 2694 Mortunus
480 2629 637 2694 consortis
647 2630 747 2712 ipsius
758 2629 854 2694 Pauli
870 2629 982 2694 matris
999 2629 1140 2694 eiusdem
1157 2628 1254 2694 Nico-

118 2737 172 2812 lai,
189 2757 313 2800 necnon
338 2735 450 2800 relicte
476 2735 637 2801 Demetrii
663 2736 702 2801 de
736 2736 900 2802 Kemeche
926 2737 1019 2802 modo
1046 2736 1252 2819 infrascripto

117 2895 148 2908 ..
173 2842 412 2910 concordarunt
431 2864 536 2908 coram
557 2845 658 2922 nobis,
675 2845 833 2927 videlicet,
857 2845 943 2928 quod
959 2867 1031 2911 cum
1047 2845 1131 2910 idem
1157 2843 1254 2910 Nico·

114 2953 188 3018 laus
209 2951 370 3016 defunctis
398 2951 592 3035 supradictis
612 2952 802 3018 dominabus
819 2976 856 3018 ac
882 2954 1038 3019 universis
1070 2955 1255 3019 earumdem

116 3059 293 3126 heredibus
309 3059 396 3125 solus
413 3061 628 3138 remansisset,
645 3069 678 3126 et
694 3069 813 3143 quarta
828 3061 937 3126 filialis
962 3064 994 3126 iu
1011 3063 1168 3127 universis
1185 3085 1254 3146 pos-

115 3168 324 3234 sessionariis
340 3168 544 3252 porcionibus
569 3169 747 3252 supradicti
772 3172 944 3236 Mortuuus
970 3171 1012 3236 ad
1036 3171 1141 3254 ipsum
1158 3173 1253 3236 exsti·

114 3281 209 3343 tisset
236 3277 389 3341 devoluta
404 3276 561 3341 laudabili
577 3279 802 3343 cousuetudine
822 3281 912 3360 regui
938 3281 1129 3361 requirente,
1156 3299 1253 3359 quam

113 3386 249 3469 quidem
276 3391 428 3468 quartam
454 3385 583 3450 filialem
605 3386 748 3470 predicte
775 3387 902 3452 domine
927 3387 1003 3452 dum
1029 3388 1147 3452 eisdem
1174 3409 1254 3454 aura

113 3493 228 3560 vitalis
246 3493 422 3577 aspirabat,
438 3493 480 3560 ab
496 3495 607 3560 eodem
623 3497 779 3578 magistro
808 3495 988 3578 Abraham,
1004 3518 1127 3561 necnon
1152 3517 1172 3558 a
1196 3497 1221 3561 J
1223 3517 1255 3560 ο-

110 3605 224 3668 hanne
241 3601 307 3666 filio
324 3603 348 3666 J
351 3602 495 3680 ohannis,
512 3624 550 3667 ac
578 3627 597 3668 a
622 3603 773 3669 Johanne
798 3603 935 3669 Nicolao
952 3603 1121 3675 Abraham
1137 3603 1255 3688 Abych

111 3718 146 3774 et
163 3710 317 3776 Dionisic
334 3709 409 3776 filiis
435 3711 567 3786 Thcme,
594 3731 701 3776 coram
718 3712 822 3777 iudice
838 3712 925 3778 curie
943 3713 1030 3795 regie
1047 3712 1255 3778 obtinuerant

110 3820 249 3884 iusticia
274 3819 446 3903 mediante,
472 3825 505 3884 et
529 3819 640 3886 Simon
671 3820 822 3886 literatus
847 3821 941 3886 homo
968 3821 1075 3904 regius
1101 3819 1255 3884 decuria

110 3930 209 4010 regia
226 3927 436 3994 transmissus
452 3934 602 4012 presente
619 3935 728 3993 nostro
753 3930 935 3994 testimonio
960 3950 1032 3993 cum
1056 3928 1159 3992 literis
1184 3951 1255 4011 pre-

110 4036 195 4100 dicti
221 4035 340 4101 iudicis
366 4037 453 4102 curie
478 4039 575 4120 regie,
602 4037 782 4102 convocatis
811 4037 925 4102 vicinis
961 4044 993 4102 et
1027 4038 1254 4102 commetaueis

112 4145 344 4226 universarum
370 4147 696 4228 possessionariarum
714 4147 901 4229 porcionum
933 4145 1049 4228 prefati
1071 4142 1254 4209 Mortunus,

109 4252 254 4318 eandem
271 4258 423 4334 quartam
439 4253 571 4318 filialem
598 4273 656 4335 pro
682 4261 809 4316 centum
829 4255 945 4318 marcis
972 4252 1159 4331 estimando
1184 4273 1255 4335 pre-

109 4363 193 4427 fatis
211 4359 403 4426 dominabus
420 4367 589 4438 statuerat,
614 4359 715 4424 donec
731 4381 788 4442 per
812 4361 870 4425 hos
898 4383 1035 4444 quorum
1058 4359 1252 4425 redemcioui

108 4470 267 4536 convenit
283 4470 528 4547 redimerentur,
545 4475 578 4534 et
594 4467 726 4534 tandem
751 4491 858 4534 coram
884 4470 1029 4554 predicto
1045 4468 1149 4534 iudice
1166 4469 1254 4532 curie

109 4579 206 4661 regie
223 4575 369 4659 prefatus
380 4575 496 4660 Abych
513 4599 586 4641 cum
606 4574 838 4642 sufficientibus
853 4578 956 4643 literis
976 4577 1207 4660 procuratoriis
1224 4628 1230 4640 .
1249 4629 1254 4640 .

106 4709 171 4773 pro
190 4684 427 4770 prenominatis
444 4683 599 4750 fratribus
616 4683 682 4749 suis
699 4685 921 4768 comparando,
944 4683 1077 4750 eandem
1103 4689 1254 4766 quartam
