3138 5462
511 536 770 602 134i.iuc.13.

628 883 679 943 52.

97 1061 184 1122 1347.
201 1081 274 1142 nup.
294 1060 344 1122 13.
373 1056 403 1121 A
418 1060 566 1144 pozsonyi
581 1058 737 1144 ko'plolco
757 1059 829 1122 eloti
843 1082 863 1122 u
881 1057 942 1121 beli
965 1058 1105 1122 ozenieselc
1121 1083 1142 1122 a
1160 1059 1220 1122 bili

95 1169 197 1230 lioldrl
222 1167 478 1232 szollomi'oelenc
495 1165 634 1249 kiudja'b
659 1169 690 1228 ds
715 1170 755 1230 liz
780 1167 849 1252 e‘viq
864 1191 885 1230 a
902 1167 1053 1230 bellileieil
1078 1167 1221 1231 szdllb'lcel

402 1275 529 1338 minden
545 1274 703 1338 uddzdelo'l
719 1275 904 1338 menlesitilc.

194 1453 287 1520 Serie
302 1455 472 1518 literarum
488 1454 624 1537 capituli
642 1453 848 1518 Posoniensis
873 1452 956 1518 ferie
982 1453 1122 1518 secundo
1146 1473 1220 1537 pro-

94 1561 174 1626 xime
191 1568 266 1646 post
282 1561 400 1626 festum
416 1561 504 1626 beuti
519 1561 692 1627 Laurenoii
713 1562 858 1627 mentiris
875 1583 959 1626 anno
975 1561 1096 1638 domini
1113 1559 1220 1624 Mille-

94 1671 168 1734 simo
184 1670 412 1735 tercentesimo
430 1669 678 1752 quadragesimo
703 1671 840 1753 septimo
862 1670 1084 1747 suboutcrum,
1111 1669 1222 1734 Domi-

91 1779 176 1842 uious
202 1777 290 1842 filius
315 1777 477 1855 Domisni‚
501 1777 657 1843 Nicoleus
682 1777 767 1844 filius
793 1777 964 1859 Dominici,
986 1777 1117 1842 Blesius
1134 1776 1220 1842 filius

91 1887 210 1950 Thone
242 1891 276 1950 et
305 1884 463 1950 Nicoleus
493 1884 580 1950 filius
605 1887 682 1971 Isyp
708 1887 831 1951 nobiles
857 1887 897 1951 de
922 1887 992 1964 Bel,
1018 1907 1126 1952 corum
1150 1886 1220 1968 ipso

68 1994 229 2077 -cepilulo
262 1993 478 2075 personaliter
511 1996 686 2071 constituti,
719 1994 904 2060 hominibus
935 1995 1043 2058 vineas
1075 1994 1108 2056 in
1140 1993 1221 2057 fecie

90 2102 231 2182 predicte
255 2103 464 2186 possessionis
490 2125 600 2168 eorum
625 2103 686 2169 Bel
713 2104 876 2188 appellate
902 2103 941 2168 de
966 2125 1046 2170 novo
1071 2101 1220 2186 plantare

91 2209 275 2287 volentibus,
298 2210 481 2276 libertatem
498 2211 608 2276 decem
624 2234 782 2278 annorum
808 2233 841 2278 se
867 2213 1059 2278 concessisse
1085 2209 1221 2276 confessi

89 2317 233 2396 fuissent,
257 2320 394 2402 explebis
410 2323 520 2384 aulem
536 2321 615 2403 ipsis
631 2321 742 2388 decem
758 2323 860 2403 aunis,
877 2321 916 2385 de
934 2319 1069 2404 singulis
1087 2325 1218 2400 quarta-

89 2425 172 2490 libus
188 2426 374 2491 huiusmodi
389 2428 555 2492 vinearum
571 2449 635 2492 non
651 2428 724 2510 plus
740 2436 849 2514 preter
866 2449 963 2510 quem
980 2429 1109 2512 singule
1126 2445 1222 2508 quor-

87 2533 165 2597 tclie
196 2533 263 2596 vini
294 2555 333 2598 nc
364 2549 464 2598 unum
493 2535 620 2617 pullum
645 2542 677 2600 et
704 2536 869 2602 duodecim
901 2536 1050 2600 denarios
1075 2535 1220 2599 homines

87 2642 209 2706 scilicet
224 2647 259 2705 et
274 2642 419 2725 hospites
444 2642 567 2706 solvere
593 2649 798 2724 tenerentur3
822 2644 1036 2708 residentibus
1062 2649 1169 2708 aulem
1188 2643 1219 2704 iu

88 2751 160 2832 ipsa
184 2751 386 2831 possessione
412 2749 478 2815 alic
502 2749 581 2814 datu
605 2750 719 2816 fuisset
744 2752 888 2816 condicio
915 2753 982 2816 sive
1006 2751 1150 2828 libertas,
1175 2751 1220 2814 itu

86 2858 197 2938 eciem,
221 2863 259 2921 ub
273 2859 301 2921 si
316 2857 461 2922 homines
476 2857 631 2923 hebentes
647 2849 756 2923 vincas
781 2859 815 2922 in
840 2858 921 2923 facie
947 2858 1071 2940 prefate
1096 2879 1219 2940 posses·

85 2966 184 3028 sionis
201 2966 334 3046 aliquod
350 2965 543 3030 maleficium
559 2966 609 3030 vel
625 2965 833 3042 homicidium
850 2989 887 3031 ac
904 2987 1112 3047 quoscunque
1129 2972 1221 3030 actus

84 3073 227 3136 nefarios
243 3075 441 3138 committere
458 3076 667 3158 contingeret,
691 3080 823 3156 propter
838 3075 898 3138 hoo
914 3075 1096 3138 ncc'vinum
1113 3093 1218 3154 neque

84 3183 181 3244 vinea
197 3201 256 3244 sue
273 3189 381 3262 posset
396 3183 543 3260 orestem,
567 3181 622 3247 sed
639 3181 740 3246 libere
759 3181 897 3246 vendere
925 3188 958 3246 et
982 3189 1125 3246 mustum
1141 3187 1221 3245 lem·

84 3309 163 3370 pore
180 3287 339 3352 vindemie
355 3288 534 3375 deducere„
546 3297 578 3354 eb
604 3290 682 3372 quid
700 3289 761 3353 sibi
777 3297 844 3354 tem
861 3291 893 3354 in
919 3291 992 3354 vino
1009 3309 1107 3370 quem
1124 3291 1217 3354 vinca

83 3396 232 3478 placereb
261 3395 375 3477 locere,
398 3396 534 3461 haberet
558 3403 759 3480 potestatem,
784 3399 957 3480 persolutis
984 3405 1091 3462 tamen
1122 3419 1219 3462 censu

83 3513 115 3568 et
131 3505 286 3588 terragio

201 3685 227 3734 A
239 3686 373 3748 pozsonyi
383 3686 572 3748 kdpbalannnk
589 3689 722 3737 1390·ben
729 3687 781 3751 jul.
791 3688 871 3736 13·e'in
881 3686 991 3736 kisdutt
1003 3686 1221 3750 etiustdbblme·

83 3775 142 3836 lyei
156 3777 241 3824 ismet
267 3775 415 3839 Zsigniond
437 3777 528 3838 kiriily
545 3777 590 3824 »in
603 3776 804 3826 deliberacione
817 3779 951 3826 baronum
972 3777 1002 3826 in
1025 3776 1126 3826 iudicio
1148 3779 1222 3826 facis

83 3867 217 3917 Posonii«
233 3873 309 3916 1429.
320 3869 391 3929 elpril
403 3870 468 3918 dein
478 3869 515 3917 lrt
525 3869 561 3918 nb.
573 3867 814 3933 Ennels'eredetije
825 3884 941 3934 megven
952 3881 984 3916 az
996 3883 1065 3918 orez.
1076 3871 1107 3917 lt.
1119 3869 1219 3918 kincsl.

83 3965 152 4008 oszt.
167 3960 206 4007 N.
220 3959 254 4007 R.
269 3959 301 4007 A.
316 3963 377 4028 eis.
393 3965 433 4008 19.
448 3959 515 4020 dipl.
530 3963 598 4007 oszb
615 3964 718 4022 lopas.
740 3960 820 4008 Kiizli
835 3977 840 4008 :
862 3959 972 4012 Kovu'scs
985 3959 1017 4008 N.
