3180 5466
558 518 739 580 lssrsmo.
760 519 808 578 re.
885 475 887 480 ¹
1189 516 1252 574 os

129 698 188 762 bus
205 707 237 760 et
254 695 482 760 inclusionibus
499 695 660 779 prioribus
686 697 728 760 ad
753 696 914 777 predictas
931 696 1146 778 possessiones
1164 696 1256 759 Sum·

128 806 210 870 knth
235 812 269 869 et
294 805 442 870 Rosnsna
468 811 597 868 vocatas
622 803 793 888 applicare,
820 803 1081 885 applicatamque
1098 803 1260 886 magistris

129 915 277 979 «Iohanni
294 919 326 977 et
342 913 367 977 J
368 913 467 978 scobe
483 913 558 978 filiis
574 912 754 977 Alexandri
772 918 914 977 statuere
932 911 1114 988 volnissent,
1130 911 1261 977 Barcha

128 1023 293 1105 legitimus
310 1027 501 1102 procurator
518 1021 655 1102 preteeti
672 1017 822 1103 Gregorii
849 1021 927 1084 dicti
952 1019 1055 1084 Zeknl
1072 1025 1104 1082 et
1119 1019 1262 1084 Michael

130 1134 234 1195 frater
250 1129 391 1194 eiusdem
409 1127 569 1212 Gregorii,
586 1131 672 1212 ipsos
697 1151 760 1193 non
778 1152 797 1194 a
813 1130 1072 1195 reambulacione
1089 1130 1144 1194 sed
1162 1151 1181 1193 a
1198 1137 1262 1194 ste-

130 1241 260 1304 tucione
276 1239 361 1304 dicte
376 1238 536 1320 particule
551 1245 639 1302 terre
665 1238 904 1320 prohibuissem
929 1245 960 1303 et
987 1238 1263 1316 contradixissent,

131 1349 270 1428 ipsaque
287 1345 542 1411 contradiccione
560 1353 592 1410 et
608 1345 828 1430 prohibicione
845 1346 940 1422 facta,
951 1347 1053 1410 dictos
1070 1343 1263 1428 Gregorium

131 1455 235 1520 Zeknl
253 1455 372 1520 dictum
388 1461 420 1519 et
430 1454 625 1520 Michaelem
639 1455 774 1520 fratrem
784 1455 925 1520 eiusdem
937 1455 1047 1518 eodem
1063 1455 1114 1519 die
1132 1457 1163 1518 in
1180 1455 1261 1521 facie

131 1563 278 1629 eiusdem
293 1564 451 1646 particule
468 1568 554 1626 terre
581 1569 693 1627 contra
718 1562 861 1645 prefatos
889 1565 1061 1644 magistros
1080 1563 1105 1628 J
1107 1563 1264 1630 ohannem

132 1679 165 1736 et
180 1671 206 1735 J
207 1669 342 1735 acobnm
359 1669 442 1735 filios
458 1669 640 1735 Alexandri
669 1669 710 1734 ad
727 1670 906 1752 quindenas
923 1669 1000 1733 dicti
1017 1669 1090 1734 festi
1106 1669 1265 1736 Nativita-

131 1782 172 1846 tis
189 1780 286 1844 beate
311 1781 455 1863 virginis,
472 1781 632 1844 racionem
655 1779 921 1844 contradictionis
947 1799 1057 1843 eorum
1082 1779 1266 1844 reddituros

133 1889 174 1952 ad
190 1888 279 1970 regie
295 1889 475 1951 maiestatis
492 1889 692 1971 presenciam
704 1887 906 1964 citavissent,
924 1886 1039 1968 quibus
1057 1887 1184 1966 quidem
1196 1887 1266 1951 lite-

133 1999 177 2062 ris
194 2000 365 2064 memorati
395 1998 529 2081 capituli
546 1998 753 2062 Wachiensis
776 1998 896 2074 revisis,
911 1995 1057 2078 predicto
1075 1994 1265 2060 Sebastiano

132 2107 200 2171 filio
215 2106 330 2170 Pouoh
346 2104 491 2188 legitimo
508 2112 720 2188 procuratore
736 2104 895 2168 dictorum
906 2104 1133 2185 magistrorum
1144 2102 1267 2167 Johan-

136 2217 185 2278 nis
202 2221 237 2278 et
252 2211 370 2278 Jacobi
387 2261 393 2274 .
411 2261 416 2274 .
441 2233 499 2294 pro
516 2213 634 2276 eisdem
661 2233 769 2276 coram
795 2212 864 2294 ipso
890 2211 1005 2274 comite
1021 2211 1125 2275 Paulo
1141 2217 1268 2274 astante

134 2331 167 2386 et
183 2322 339 2405 premisse
366 2319 630 2384 contradiecionis
657 2319 817 2383 racionem
843 2339 900 2402 per
926 2319 1052 2383 eosdem
1073 2318 1267 2401 Gregorium

134 2431 257 2494 dietum
275 2427 381 2492 Zelxul
397 2434 428 2491 et
444 2427 638 2492 Michaelem
658 2426 791 2492 fratrem
801 2447 894 2490 suum
905 2427 1063 2508 assignari
1074 2428 1269 2508 postulante.

134 2539 254 2602 Petrus
271 2536 357 2600 filius
382 2535 553 2601 Michaelis
578 2557 637 2619 pro
662 2537 807 2619 predicto
834 2533 992 2616 Gregorio
1014 2534 1099 2598 dioto
1116 2535 1221 2599 Zeknl
1239 2587 1268 2600 ..

135 2667 321 2728 exsurgens,
352 2645 473 2709 dictam
496 2643 690 2727 particulam
717 2649 803 2707 terre
830 2644 871 2708 ad
896 2642 1113 2725 possessiones
1132 2642 1267 2724 predicti

136 2754 290 2836 Gregorii
306 2751 413 2817 Zekul
428 2751 593 2827 nominati,
609 2751 729 2815 domini
746 2751 803 2828 sui,
836 2749 1012 2813 Mikochan
1029 2755 1061 2812 et
1077 2747 1197 2815 Nostro
1213 2773 1267 2814 no-

137 2864 279 2928 minatas
296 2862 466 2944 pertinere,
478 2867 510 2924 et
525 2882 622 2943 super
639 2859 749 2926 iisdem
766 2857 1020 2941 possessionibus
1037 2858 1172 2922 eundem
1190 2859 1271 2924 Gre-

137 2971 265 3053 gorium
281 2970 403 3034 dictum
428 2968 532 3032 Zekul
557 2969 773 3032 instrumenta
798 2966 918 3031 habere
944 2967 1087 3032 efficacia
1112 2972 1144 3029 et
1159 2967 1192 3030 in
1207 2973 1270 3030 ter·

137 3079 225 3142 mino
241 3099 300 3160 per
316 3079 422 3161 ipsum
440 3077 588 3140 comitem
605 3076 745 3140 Paulum
771 3075 877 3139 dando
903 3073 1053 3138 exhibere
1078 3095 1170 3156 pesse
1195 3073 1270 3137 alle-

137 3191 253 3269 garat3
280 3192 313 3250 et
328 3185 406 3266 quia
422 3183 506 3248 idem
533 3181 710 3266 Gregorius
729 3183 834 3247 dictus
850 3183 956 3247 Zelxul
974 3181 1171 3266 superfacto
1188 3183 1271 3265 ipsa-

140 3318 211 3360 rum
227 3295 465 3378 possessionum
492 3293 677 3377 Mykechan
704 3299 736 3356 et
761 3292 882 3356 Noztre
899 3292 1137 3356 nominatarum
1153 3291 1272 3354 iustru-

138 3412 250 3468 menta
266 3423 325 3466 sua
341 3401 491 3465 exhibere
517 3402 705 3465 assumsisse
731 3407 763 3464 et
789 3401 916 3464 demum
941 3420 1005 3463 non
1028 3399 1210 3463 exhibuisse
1235 3419 1272 3460 ex

139 3513 222 3577 serie
239 3511 384 3594 priorum
399 3510 568 3574 literarum
585 3508 799 3590 prenominati
826 3508 950 3572 comitis
967 3507 1062 3571 Pauli
1080 3527 1137 3589 per
1153 3507 1272 3570 dictum

140 3621 369 3687 Sebastianum
393 3617 573 3700 legitimum
599 3625 839 3700 procuratorem
859 3616 1017 3680 dictorum
1044 3616 1273 3697 magistrorum

141 3729 306 3794 Johannis
322 3731 354 3790 et
372 3725 489 3790 dacobi
506 3724 646 3788 filiorum
658 3723 840 3788 Alexandri
858 3721 959 3786 eidem
971 3723 1079 3786 comiti
1089 3722 1193 3786 Paulo
1204 3743 1273 3804 pre-

141 3842 343 3903 sentatarum
359 3841 506 3916 repertus
524 3833 702 3912 exstiterat,
728 3831 799 3894 ideo
825 3830 907 3894 idem
935 3851 1037 3894 comes
1053 3829 1176 3893 Paulus
1192 3849 1274 3892 com-

142 3947 277 4009 miserat
292 3941 472 4016 iudicand0‚
488 3949 524 4006 nt
540 3942 624 4004 idem
642 3939 819 4020 Gregorius
837 3938 940 4002 dictus
956 3937 1061 4001 Zelxul
1077 3958 1173 4019 super
1191 3935 1276 3999 facto

142 4059 366 4136 protectorum
381 4050 618 4133 possessionum
636 4047 813 4111 Mikochan
824 4052 856 4108 et
867 4045 988 4109 Noztre
999 4053 1194 4120 vocatarum,
1204 4063 1274 4125 pre-

142 4161 265 4244 scripta
290 4160 506 4224 instrumenta
531 4178 590 4222 sua
615 4176 710 4238 super
742 4153 855 4216 iisdem
880 4152 1133 4234 possessionibus
1157 4150 1276 4214 habere

142 4271 296 4352 allegata,
314 4269 347 4331 in
365 4267 535 4350 quindenis
553 4265 624 4328 sesti
650 4263 737 4326 beati
754 4261 891 4324 Martini
907 4260 1096 4324 confessoris
1113 4266 1189 4322 tunc
1205 4279 1276 4338 pro-

141 4382 227 4444 xime
244 4377 396 4452 venturis,
413 4381 525 4440 contra
549 4376 635 4455 ipsos
661 4371 832 4453 magistros
858 4369 1042 4432 Johannem
1068 4375 1100 4430 et
1115 4365 1277 4432 Jacobum

141 4489 226 4554 lilios
243 4486 425 4551 Alexandri
443 4483 590 4547 similiter
617 4485 832 4545 instrumenta
857 4499 967 4542 eorum
994 4497 1088 4559 super
1105 4475 1190 4540 facto
1206 4494 1277 4556 pos·

143 4597 323 4662 sessionum
341 4593 503 4658 Sumlxnth
520 4597 553 4655 et
572 4591 722 4654 Rosusua
741 4589 979 4652 nominatarum
997 4583 1147 4648 exhibere
1163 4580 1277 4645 deben-

142 4713 202 4784 tes,
218 4725 292 4767 cum
308 4701 427 4768 iudicio
442 4701 541 4766 trium
568 4719 750 4764 marcarum
769 4702 845 4760 ante
870 4695 937 4758 litis
961 4696 1143 4776 ingressum
1159 4689 1279 4774 persol-
