3188 5470
593 473 687 537 1349.
705 493 778 536 nov.
796 473 825 536 8.
1199 472 1263 534 335

122 651 318 736 premissum
335 659 395 737 est,
412 675 469 739 per
485 653 628 720 Penlnm
644 653 747 718 filium
763 653 925 718 Johannis
942 652 987 717 ibi
998 652 1143 733 exhibiti,
1161 658 1263 718 metes

124 763 173 827 sic
199 762 432 829 ostendissent:
455 763 560 846 primo
586 761 801 826 ostendissent
825 783 925 826 unam
949 766 1079 842 metam,
1103 782 1201 844 quam
1227 766 1264 824 ut

124 871 189 954 ipsi
207 871 359 936 dicebant
374 869 619 936 demonstrabat
634 870 757 935 dietum
772 869 980 954 privilegium
991 875 1023 932 et
1032 868 1147 934 fnisset
1162 889 1262 952 prope

125 977 273 1060 quinque
287 985 391 1044 metes
407 979 580 1062 predictos,
604 978 719 1042 deinde
745 976 943 1043 transeundo
962 977 1004 1042 ad
1027 985 1154 1058 pertem
1180 977 1261 1041 oooi·

125 1085 291 1151 dentelem
317 1108 415 1151 unam
439 1093 559 1152 metam
584 1085 802 1152 ostendissent
819 1086 852 1148 in
877 1107 943 1167 qus
959 1091 1065 1150 essent
1080 1084 1214 1167 lapides,
1230 1091 1263 1148 et

125 1193 285 1258 dixissent
308 1194 394 1276 quod
413 1199 498 1259 esset
516 1199 605 1258 meta
619 1193 768 1257 Zereneh
793 1199 826 1256 et
841 1190 916 1258 Ond
932 1194 1052 1275 magni,
1078 1213 1176 1274 quam
1191 1214 1262 1276 pre·

124 1301 213 1366 fetus
229 1301 356 1368 Paulus
372 1301 459 1367 filius
476 1302 501 1366 J
503 1301 640 1366 ohannis
656 1302 748 1384 prius
774 1301 908 1366 dixisset
933 1307 1052 1366 metam
1077 1300 1261 1378 Manendia,

124 1409 200 1474 inde
217 1411 323 1475 eundo
341 1410 462 1476 directe
479 1411 521 1476 nd
540 1409 737 1475 occidentem
762 1409 956 1474 ostendisset
981 1410 1073 1474 iuxta
1098 1411 1183 1474 viem
1198 1431 1262 1474 me-

125 1527 194 1584 tam
211 1519 389 1600 antiquam,
414 1517 490 1582 inde
516 1517 559 1583 ed
584 1516 719 1581 eandem
735 1523 860 1600 partem
877 1538 975 1582 unam
1000 1523 1119 1581 metom
1134 1539 1261 1584 norem.

123 1630 157 1692 in
172 1647 240 1708 qne
264 1625 423 1691 dixissent
438 1626 508 1691 fore
533 1627 714 1708 antiquam,
738 1625 811 1690 inde
828 1625 870 1690 ad
887 1624 1021 1690 eandem
1045 1626 1260 1691 ostendissent

123 1757 223 1801 unam
241 1743 360 1800 metam
377 1757 502 1818 norom,
521 1737 554 1800 in
571 1755 636 1816 qus
652 1735 809 1800 dixissent
826 1735 894 1800 fore
905 1737 1081 1818 antiquam,
1093 1736 1211 1802 ebhine
1221 1737 1261 1800 ad

123 1844 263 1909 eandem
279 1851 406 1928 partem
421 1844 463 1909 ad
479 1865 577 1909 unam
593 1850 713 1908 metam
723 1865 847 1922 novom,
863 1843 978 1908 deinde
995 1846 1037 1908 ad
1053 1866 1124 1909 eam
1134 1852 1262 1929 partem

124 1953 168 2017 od
183 1973 285 2016 unam
300 1959 420 2018 metam
437 1973 551 2017 novom
568 1953 601 2016 in
618 1971 683 2033 quo
699 1952 832 2016 dixisset
848 1953 915 2016 fore
932 1953 1110 2035 antiquam,
1126 1953 1201 2017 inde
1218 1953 1259 2018 ad

122 2059 262 2125 eandem
272 2065 399 2143 partem
410 2059 810 2136 odunammetamnovsm,
821 2059 936 2124 deinde
948 2059 1261 2144 adeandemportem

122 2169 167 2232 ad
177 2189 278 2232 unam
288 2173 408 2232 motam
418 2188 543 2245 novem,
552 2174 590 2232 ut
599 2167 728 2233 dicebat
737 2169 828 2233 iuxta
837 2169 1128 2251 antiquomtamen
1139 2169 1262 2234 nullam

122 2281 247 2341 metam
273 2277 442 2359 antiquam
467 2276 513 2340 ibi
544 2277 747 2341 considerare
782 2276 972 2360 potuissent,
1005 2277 1120 2341 deinde
1145 2281 1261 2344 transi·

120 2383 490 2462 vissentunemrellem,
500 2384 542 2449 ed
552 2384 688 2449 eandem
703 2391 829 2468 partem
846 2385 1062 2449 ostendissent
1079 2408 1178 2451 unom
1195 2409 1259 2451 me·

121 2501 192 2556 tam
208 2513 334 2570 novem,
358 2491 432 2556 inde
458 2492 500 2557 ed
516 2492 650 2556 eandem
666 2497 794 2576 partem
810 2493 843 2557 in
859 2493 961 2557 latere
988 2493 1154 2558 cuiusdam
1170 2515 1259 2559 mon·

120 2601 163 2665 tis
190 2599 409 2666 ostendissent
440 2621 538 2666 unam
569 2607 689 2666 metam
717 2621 841 2679 novem,
865 2601 955 2666 iuxta
982 2623 1081 2684 quom
1106 2602 1262 2668 dixissent

123 2709 307 2792 antiquam,
330 2716 439 2774 temen
456 2731 519 2774 non
535 2710 706 2776 videbatur
722 2729 797 2776 vero
812 2709 915 2788 modo,
935 2711 1049 2775 deinde
1067 2711 1108 2774 od
1124 2711 1258 2776 eandem

121 2823 252 2900 partem
278 2817 319 2881 ed
346 2839 443 2882 unam
468 2825 587 2884 metam
613 2839 736 2896 novam,
769 2818 843 2882 inde
868 2819 910 2883 od
935 2819 1069 2885 eandem
1095 2820 1137 2885 ad
1162 2843 1260 2885 unam

120 2932 244 2990 motem
260 2946 384 3004 novam,
408 2925 524 2990 deinde
549 2927 704 2991 adunam
729 2923 879 3008 metam(
882 2977 983 2991 .....
986 2925 999 3012 )
1017 2929 1156 3008 quodam
1172 2951 1260 2993 mon·

120 3034 224 3098 tioulo
242 3034 328 3097 inter
344 3039 469 3099 montes
488 3034 656 3118 litigiosos,
682 3041 714 3099 et
740 3035 785 3099 ibi
810 3034 907 3100 iidem
934 3035 1034 3100 abbas
1060 3044 1092 3101 et
1115 3035 1259 3102 Micheel

96 3140 293 3219 ‚dixissent
317 3141 403 3224 quod
431 3141 595 3208 Lukasius
626 3163 645 3206 a
676 3144 781 3227 primo
811 3149 898 3207 mete
928 3145 1021 3208 iuxta
1047 3148 1259 3210 ostensionem

120 3249 269 3333 ipsorum
296 3270 405 3316 omnes
430 3257 533 3316 metas
558 3252 719 3334 antiquas,
752 3259 789 3316 ut
814 3251 934 3316 dietam
969 3258 1088 3317 metam
1115 3255 1149 3317 in
1173 3255 1260 3318 dieto

121 3357 303 3423 monticulo
320 3357 511 3424 existentem
536 3359 664 3424 fecisset
689 3359 822 3440 destrui,
846 3359 961 3424 deinde
977 3359 1082 3425 eundo
1099 3361 1141 3426 sd
1157 3365 1259 3428 orien-

118 3473 185 3531 tem
203 3465 421 3531 ostendissent
437 3489 536 3531 unam
553 3473 672 3531 metam
688 3489 811 3546 novam,
835 3469 922 3532 eirea
947 3488 1044 3548 quom
1074 3477 1180 3534 essent
1195 3471 1257 3534 due

118 3579 206 3638 mete
225 3573 370 3655 antique,
386 3574 461 3638 inde
477 3575 519 3639 ed
535 3575 670 3640 eandem
684 3581 813 3660 partem
829 3576 871 3640 od
887 3597 984 3640 unam
1000 3582 1119 3641 metom
1136 3599 1259 3656 novam,

119 3682 212 3746 eires
227 3701 326 3764 quern
343 3689 450 3746 essent
473 3689 539 3747 tres
564 3689 649 3747 mete
676 3684 818 3765 entique,
841 3705 979 3767 quarum
1003 3706 1078 3768 una,
1102 3691 1138 3749 ut
1163 3686 1259 3751 dixis-

117 3795 203 3871 sent,
227 3795 396 3872 separoret
411 3791 644 3874 possessionem
660 3791 808 3856 Zereneh
824 3798 857 3856 et
873 3791 938 3856 elie
956 3814 1036 3857 nore
1054 3791 1066 3876 (
1069 3844 1242 3860 ........
1245 3792 1258 3879 )

116 3897 225 3962 tercia
241 3893 256 3980 (
256 3945 405 3963 .......
407 3895 421 3982 )
436 3900 629 3980 possessioni
646 3899 740 3976 Twis,
756 3899 890 3982 adquae
906 3901 1008 3964 eciam
1033 3901 1118 3966 idem
1135 3903 1258 3968 Paulus

116 4005 209 4069 filius
234 4004 399 4070 Johennis
423 4008 514 4089 prius
539 4006 692 4086 duxisset,
715 4007 829 4072 deinde
846 4007 888 4072 ad
905 4009 1037 4073 eandem
1065 4017 1190 4092 portem
1215 4011 1257 4075 ad

115 4133 221 4180 nnom
237 4117 356 4176 metam
373 4133 497 4191 novam,
520 4116 607 4180 eirca
624 4136 721 4198 quam
742 4123 848 4180 essent
871 4115 934 4180 due
959 4123 1042 4181 mete
1067 4119 1209 4201 antique,
1227 4127 1259 4183 ot

115 4221 280 4285 dixissent
295 4218 349 4298 ibi,
373 4221 460 4301 quod
476 4221 518 4286 ed
534 4230 661 4306 partem
687 4224 852 4288 sinistram
879 4232 963 4290 esset
988 4232 1076 4290 terra
1101 4225 1257 4304 Zerenoh,

115 4329 164 4394 ad
180 4351 263 4414 ques
279 4329 380 4394 eciem
406 4338 508 4396 metas
533 4332 697 4414 predictus
723 4332 847 4397 Paulus
872 4333 1017 4398 duxisset
1042 4335 1178 4413 eosdem,
1202 4336 1257 4400 ab·

116 4437 198 4502 hino
213 4437 299 4501 idem
315 4435 441 4503 Paulus
457 4439 545 4504 ultro
561 4441 608 4504 ire
624 4439 798 4521 noluisset,
822 4440 897 4504 inde
914 4441 955 4505 ad
980 4449 1108 4525 partem
1134 4445 1257 4525 aquilo·

116 4546 228 4610 nalem
255 4542 299 4607 ad
324 4563 423 4608 unam
449 4567 561 4610 novam
588 4553 708 4611 metam
734 4547 774 4610 ad
801 4567 899 4627 qnam
924 4569 988 4611 une
1014 4551 1147 4632 antique
1171 4557 1258 4614 meta

115 4659 216 4730 esset,
241 4671 340 4732 quom
366 4671 387 4715 a
412 4651 538 4718 duabus
569 4654 716 4736 portibus
748 4663 902 4733 erassem,
932 4655 1006 4719 inde
1037 4657 1184 4722 similiter
1215 4657 1257 4722 od
