3188 5470
708 513 893 565 nureororr
910 503 1124 568 camuris.

884 866 956 930 1e1.

359 1057 453 1124 1349.
470 1070 545 1146 sepi.
564 1059 613 1124 10.
637 1057 667 1124 A
683 1059 954 1125 kolozamoaoatoca'
970 1071 1094 1125 convene
1105 1061 1359 1144 eldttJabadfiai
1371 1063 1478 1128 taeta

355 1167 386 1229 ea
412 1165 545 1254 Mibdlp,
562 1167 715 1232 Ferreus·
737 1167 841 1232 Jonoa
866 1169 1004 1234 moetoha
1035 1169 1149 1256 atyjuk
1174 1169 1252 1234 allen
1277 1170 1477 1256 editepeeztik,

356 1275 435 1362 bopy
452 1299 482 1338 ez
500 1275 622 1361 aapjak
638 1273 750 1339 battle
766 1279 843 1340 utria
869 1273 1011 1364 Tebrehy
1026 1278 1056 1340 έε
1082 1277 1265 1344 Τονάαῖαἶια
1280 1287 1359 1344 nevit
1380 1279 1477 1345 Turdo

356 1387 535 1470 vdrmepyei
551 1382 761 1449 birtokar‘krdl
783 1391 880 1448 dsazes
905 1385 1261 1474 marbadllomdayukut
1276 1387 1478 1474 ellrojtattaa's

593 1491 715 1578 aoyjak
730 1493 907 1578 iapdadpait
924 1495 954 1556 aa
969 1494 1079 1558 rohai!
1095 1495 1124 1558 ie
1140 1495 1248 1562 ebcitte.
1576 1487 1577 1522 i

463 1687 532 1756 Nos
549 1695 724 1755 conventus
741 1691 876 1756 ecclesie
895 1690 989 1756 beate
1013 1693 1148 1776 uirginis
1171 1693 1211 1758 de
1236 1691 1476 1761 Olusmonustra

357 1797 471 1863 damus
487 1819 546 1882 pro
562 1799 725 1876 memoria,
751 1797 836 1881 quod
861 1799 1048 1864 accedentes
1065 1800 1106 1865 ad
1123 1805 1267 1866 nostram
1287 1804 1477 1885 presenciam

355 1905 511 1972 Nicotaus
527 1911 561 1970 et
576 1905 719 1971 Michael
744 1903 803 1969 filii
818 1905 844 1970 J
845 1907 936 1972 ecobi
962 1907 1002 1971 de
1018 1907 1174 1988 Techreh,
1199 1909 1290 1973 nobis
1317 1912 1477 1994 protestati

356 2021 433 2079 sunt
448 2015 519 2078 viva
534 2033 617 2092 voce,
634 2011 720 2096 quod
736 2033 808 2078 oum
824 2013 849 2077 J
850 2013 993 2079 ohannes
1009 2013 1094 2080 filius
1110 2015 1137 2080 J
1137 2015 1273 2082 ohannis
1289 2017 1329 2082 de
1346 2017 1476 2083 Finkuth

356 2123 489 2187 vitricus
506 2142 625 2201 eorum,
650 2123 874 2203 postmortem
898 2123 1012 2186 matris
1038 2143 1157 2202 eorum,
1183 2123 1311 2205 quando
1336 2125 1400 2190 iarn
1415 2147 1478 2208 pos-

357 2231 514 2296 sessiones
539 2251 649 2295 eorum
675 2230 745 2314 ipso
769 2227 915 2294 Jobanni
940 2231 973 2294 in
998 2231 1087 2296 nullo
1104 2230 1296 2310 attinebant,
1315 2253 1375 2298 neo
1390 2235 1477 2316 perti·

357 2339 476 2405 nebant
491 2359 588 2422 super
612 2337 827 2421 possessiones
850 2359 961 2402 eorum
978 2337 1128 2424 'Pehreby
1144 2343 1177 2404 et
1193 2337 1378 2434 Tordaiaka
1395 2361 1477 2406 voca·

354 2457 461 2514 tarum
478 2447 509 2511 in
526 2445 683 2511 comitatu
693 2447 732 2510 de
742 2445 852 2511 Tarda
870 2447 1078 2514 existenoium
1095 2447 1318 2531 potencialiter
1339 2449 1477 2524 venisset,
1578 2501 1579 2512 ,

356 2556 465 2638 ibique
490 2555 657 2638 equaoiam
681 2574 791 2618 eorum
815 2551 998 2636 quindecim
1024 2555 1165 2620 tabellas
1191 2563 1224 2620 et
1250 2565 1372 2640 septem
1397 2557 1476 2641 pole·

356 2663 431 2728 droa
449 2661 676 2744 continentem,
687 2661 822 2744 triginta
832 2668 865 2726 et
874 2681 929 2726 sex
938 2662 1042 2741 boves,
1052 2664 1166 2746 viginti
1176 2670 1208 2728 et
1219 2671 1359 2745 quatuor
1371 2685 1476 2730 vaceae

356 2794 428 2836 cum
444 2771 517 2836 aliis
543 2767 717 2852 pecudibus
737 2775 770 2835 et
785 2768 893 2835 scrofis
910 2773 1016 2854 capris
1032 2779 1065 2837 et
1080 2771 1200 2850 ovibus,
1220 2773 1252 2836 in
1272 2779 1342 2837 toto
1357 2771 1405 2836 vel
1423 2791 1476 2855 per

356 2885 461 2944 totum
470 2883 600 2942 eentum
610 2881 642 2939 et
652 2879 905 2960 quatragintain
915 2899 1049 2944 numero
1059 2881 1232 2945 existentes
1247 2879 1439 2961 abstulisset
1450 2884 1479 2942 et
1579 2945 1580 2958 ¹

356 3009 395 3050 ex
411 2985 461 3050 his
479 3006 542 3049 non
558 2989 734 3068 contentus,
751 3005 847 3069 super
872 2986 1002 3052 domurn
1018 3007 1127 3051 eorum
1152 2987 1316 3066 veniendo,
1332 2987 1478 3052 scrinium
1579 2973 1580 2984 ἶ

356 3093 498 3176 predicte
515 3092 629 3157 matris
645 3113 755 3157 eorum
780 3094 813 3158 in
831 3113 895 3175 quo
911 3101 1015 3160 vestes
1032 3100 1065 3158 et
1082 3095 1231 3160 universa
1257 3094 1396 3159 clinodia
1410 3115 1477 3160 curn

356 3201 487 3267 domina
511 3207 614 3266 matra
637 3221 746 3267 eorum
772 3202 922 3268 donando
945 3202 1068 3268 tradita
1093 3201 1348 3279 continebantur,
1372 3201 1480 3286 depor-

356 3317 466 3393 tasset,
490 3311 524 3376 in
550 3308 666 3393 quibus
699 3309 819 3376 eisdem
849 3312 1090 3396 quinquaginta
1121 3329 1305 3376 marearum
1332 3308 1480 3374 damnum

357 3420 482 3504 argenti
507 3417 689 3498 intulisset3
712 3417 755 3483 ad
779 3420 870 3485 ouius
895 3419 1144 3503 protestationis
1169 3419 1284 3483 seriem
1309 3417 1406 3482 iidem
1420 3415 1476 3482 Ni·

300 3535 305 3544 '
356 3527 466 3592 oolaus
482 3532 514 3590 et
524 3524 668 3591 Michael
683 3532 811 3591 nostres
827 3526 940 3591 literas
950 3525 1021 3590 dari
1031 3525 1249 3609 postularunt.
1265 3525 1387 3592 Datum
1403 3523 1481 3589 feria

356 3636 470 3718 quinta
486 3633 632 3718 proxima
647 3639 721 3716 post
735 3633 852 3700 festum
868 3633 1062 3699 Natiuitatis
1079 3633 1210 3716 virginis
1228 3633 1371 3717 gloriose,
1397 3655 1480 3698 anno

357 3741 477 3807 domini
492 3741 543 3806 Μο
568 3737 666 3808 000ο
690 3741 794 3805 ΧΙιῐῃο
810 3763 901 3808 none.

464 3939 596 3989 Ztrlatan
618 3939 709 4002 peccet
731 3939 907 4004 nyomaiva13
937 3939 1067 4004 eradetije
1087 3956 1119 3990 az
1143 3955 1212 3991 orez.
1236 3942 1267 3990 lt.
1293 3941 1391 3990 kincst.
1416 3948 1482 3988 oszt.

357 4025 423 4092 dipl.
437 4035 504 4078 oszt.
520 4033 616 4079 30115.
635 4029 734 4078 Kezli:
755 4029 863 4079 Koraos
876 4030 909 4080 N.
