3138 5462
529 502 623 566 1347.
640 519 729 563 surr.
750 501 799 562 16.
1172 500 1232 560 127

112 682 334 746 commetaneis
350 679 537 745 eorumdem
563 681 721 745 universis
746 679 892 762 legitime
910 678 1100 754 convocatis,
1117 683 1150 742 et
1167 698 1237 758 pre-

111 790 201 854 dictis
225 790 391 873 magistris
416 790 562 854 Martino
594 787 724 853 Berend
758 793 792 851 et
818 786 980 869 Gregorio
1005 785 1080 850 filiis
1109 784 1238 851 Berend

112 895 313 976 presentibus
329 901 362 959 et
377 897 593 978 personaliter
618 893 850 959 adherentibus
867 895 1085 976 accessissent,
1103 901 1136 958 et
1152 893 1238 958 idem

112 1004 260 1086 magister
277 1001 442 1067 Martinus
459 1005 492 1066 in
518 1023 629 1067 eorum
654 1003 823 1085 presencia
847 1003 939 1066 iuxta
964 1001 1239 1066 adiudicaoionem

112 1118 252 1177 nostram
267 1111 458 1191 accedendo,
485 1111 697 1176 consideratis
721 1112 865 1193 ipsarum
890 1111 1126 1194 possessionum
1153 1109 1239 1174 utili-

111 1219 230 1285 tatibus
256 1221 464 1302 pertinenciis
482 1228 514 1284 et
529 1219 810 1284 fructuositatibus
828 1220 995 1297 universis,
1013 1220 1099 1302 ipsas
1115 1239 1238 1300 posses-

113 1330 227 1410 siones,
239 1331 384 1412 exceptis
400 1329 599 1404 solummodo
616 1327 870 1410 possessionibus
896 1328 981 1409 ipsos
998 1326 1047 1392 rel
1064 1326 1241 1408 quemlibet
1330 1371 1336 1378 -

112 1457 218 1500 eorum
235 1437 306 1500 iure
323 1437 582 1519 impignoratioio
608 1435 878 1519 contingentibus,
904 1441 1037 1519 propter
1062 1455 1119 1500 sue
1143 1455 1240 1498 anno-

112 1544 215 1608 sitatis
232 1543 485 1623 condecenciam,
502 1545 619 1609 intres
635 1550 744 1626 partes
761 1544 902 1626 equales
921 1551 1018 1627 prout
1034 1546 1103 1627 ipse
1119 1565 1241 1627 posses-

112 1653 215 1716 siones
232 1652 318 1733 ipsos
334 1651 384 1716 vel
401 1651 580 1734 quemlibet
605 1673 716 1716 eorum
741 1653 838 1717 titulo
863 1653 1000 1718 iuridico
1025 1653 1242 1735 contigissent,

110 1759 230 1839 absque
256 1758 435 1841 preindicio
462 1761 582 1824 iurium
608 1759 828 1842 quorumlibet
843 1759 990 1837 aliorum,
1021 1761 1183 1825 divisisset
1208 1763 1242 1824 in

112 1867 195 1931 hunc
212 1867 359 1931 modum:
385 1869 490 1949 primo
507 1873 540 1932 et
556 1867 779 1951 principaliter
804 1868 986 1951 predictam
1011 1869 1242 1951 possessionem

113 1974 206 2039 Acha
231 1981 378 2040 vocatam
404 1977 437 2040 in
462 1979 618 2042 comitatu
643 1976 884 2060 Neugradiensi
919 1979 1123 2056 existentem,
1147 1983 1244 2060 prout

113 2084 198 2165 ipsos
214 2083 414 2166 contigisset,
424 2105 496 2150 cum
513 2085 707 2165 quibusdam
724 2086 819 2150 terris
829 2106 885 2150 seu
896 2087 1155 2168 possessionariis
1172 2107 1244 2167 por-

111 2191 264 2270 cionibus,
279 2192 428 2259 videlicet
443 2191 557 2276 Sykar,
574 2193 704 2277 Seureg,
730 2194 891 2260 Rakazow
917 2201 949 2258 et
964 2194 1086 2259 Beltuk
1111 2195 1244 2272 vocatis,

112 2307 144 2364 et
159 2299 234 2365 aliis
251 2300 452 2388 quibuslibet
466 2303 677 2384 pertinenciis
703 2323 741 2366 ac
765 2302 808 2368 ad
833 2303 937 2384 ipsam
953 2302 1098 2383 undique
1115 2301 1154 2366 de
1171 2302 1241 2365 iure
1294 2302 1298 2311 '

113 2428 149 2471 ao
168 2409 238 2472 sine
265 2409 386 2473 lesione
412 2411 531 2474 iurium
557 2410 695 2476 aliorum
721 2411 941 2494 spectantibus
967 2417 999 2475 et
1025 2410 1245 2491 qualicunque

112 2516 251 2580 nominis
269 2515 421 2580 vocabulo
446 2518 595 2583 vocitatis
621 2517 663 2582 ad
689 2540 788 2583 unam
812 2526 957 2600 partem;
982 2519 1058 2583 item
1075 2517 1245 2599 possessio-

113 2625 239 2689 nariam
256 2627 441 2706 porcionem
456 2627 490 2690 in
506 2628 705 2709 possessione
722 2627 817 2692 Raad
843 2632 957 2691 vocata
981 2626 1135 2703 habitam,
1161 2627 1246 2708 ipsos

112 2734 151 2796 de
175 2733 247 2805 iure
273 2734 521 2816 contingentem,
547 2740 580 2798 et
603 2735 672 2798 sine
688 2734 867 2816 preiudicio
892 2735 1012 2798 iurium
1029 2733 1247 2816 quorumlibet

113 2840 261 2918 aliorum,
285 2862 359 2904 cum
375 2840 569 2921 quibusdam
584 2842 845 2924 possessionariis
862 2842 1076 2924 porcionibus,
1099 2841 1248 2906 videlicet

113 2949 234 3026 Rebas,
251 2948 349 3027 Zaaz,
366 2949 467 3031 Eech,
492 2949 709 3016 Mirushobna
726 2951 758 3014 in
779 2952 933 3016 comitatu
949 2950 989 3014 de
1006 2950 1143 3028 Zolnulr‚
1167 2952 1246 3014 item

113 3058 196 3122 duas
213 3057 307 3122 villas
323 3057 432 3122 Beren
448 3066 577 3124 vocatas
593 3061 626 3124 in
642 3061 797 3124 comitatu
814 3059 854 3122 de
864 3059 979 3137 Bekes,
1009 3061 1087 3124 item
1104 3059 1245 3124 Wossan

114 3167 148 3230 in
164 3168 324 3231 comitatu
340 3166 380 3232 de
397 3166 531 3232 Zarand
547 3168 728 3249 existentes,
744 3190 818 3233 oum
833 3167 980 3233 omnibus
997 3189 1109 3233 earum
1125 3169 1248 3232 utilita-

113 3273 202 3339 tibus
219 3280 252 3338 et
268 3275 478 3357 pertinenciis
495 3276 661 3354 universis,
678 3275 827 3367 similiter
842 3283 879 3340 ut
894 3277 980 3358 ipsos
997 3276 1201 3359 contingeret
1217 3281 1249 3340 et

114 3383 241 3463 absque
257 3382 438 3464 preiudicio
454 3384 574 3447 inrium
601 3385 821 3464 quorumlibet
845 3385 983 3448 aliorum
1009 3383 1051 3448 ad
1076 3383 1249 3448 secundam

114 3499 245 3572 partem
275 3513 332 3556 sen
363 3492 564 3572 porcionem;
597 3492 674 3556 item
705 3492 786 3556 duas
803 3493 1018 3574 possessiones
1043 3491 1184 3575 Nogzele
1217 3497 1250 3555 et

114 3597 259 3682 Kyszele
268 3603 408 3680 vocatas,
424 3621 498 3662 cnm
508 3599 581 3663 aliis
593 3598 716 3664 duabus
727 3600 979 3682 possessionibus
994 3597 1249 3682 Bethlentelreye

113 3708 247 3787 vocatis,
262 3727 336 3770 eum
353 3705 478 3772 duabus
504 3707 646 3772 ecclesiis
666 3707 804 3790 lapideis
829 3710 862 3772 in
888 3709 1008 3774 eisdem
1030 3706 1249 3784 existentibus,

117 3816 198 3880 item
215 3813 365 3878 Tetetlen
382 3813 489 3898 Weyn
500 3836 573 3879 cum
590 3815 726 3881 ecclesia
742 3815 872 3899 lapidea
883 3823 915 3881 et
925 3817 1041 3882 Hurch
1052 3818 1084 3880 in
1096 3815 1251 3880 comitatu

115 3922 156 3986 de
183 3921 324 3998 Zolnuk,
347 3923 425 3998 item
449 3925 648 4006 possessione
679 3924 811 4009 Bykche
836 3924 964 3990 Nicolai
989 3924 1048 3989 filii
1073 3923 1184 3989 Babus
1200 3945 1251 3985 vo-

115 4036 193 4096 cata
209 4030 244 4093 in
261 4031 416 4095 comitatu
433 4031 602 4110 Pestiensi,
626 4033 703 4096 item
720 4031 836 4096 Huroh
861 4039 894 4096 et
917 4033 1137 4114 Purnmsapia
1152 4032 1187 4094 in
1203 4051 1251 4093 oo·

115 4139 239 4204 mitatu
255 4137 485 4222 Heuesuyuar,
502 4160 540 4203 ao
556 4138 643 4222 Saap
660 4141 693 4204 in
710 4141 865 4206 comitatu
890 4139 1006 4204 Zonuk
1031 4138 1252 4218 existentibus,

116 4245 273 4310 similiter
289 4253 327 4309 ut
342 4267 396 4311 eos
412 4247 614 4330 contingeret
629 4255 661 4312 et
676 4248 799 4330 absque
816 4249 936 4314 lesione
957 4249 1076 4312 iurium
1101 4264 1253 4329 quornm-

115 4354 200 4420 libet
225 4353 364 4418 aliorum
389 4353 432 4418 ad
456 4355 590 4419 terciam
622 4363 747 4438 partem
778 4377 835 4421 seu
867 4357 1051 4438 porcionem
1082 4354 1253 4420 dividendo

116 4463 284 4545 posuisset
299 4469 333 4526 et
347 4463 565 4542 commisisset,
581 4471 619 4528 nt
632 4465 818 4546 quicunque
835 4465 979 4546 parcium
996 4486 1052 4528 seu
1069 4465 1253 4546 quicunque

117 4591 158 4633 ex
186 4569 267 4651 ipsis
292 4573 500 4650 prenotatam
524 4573 663 4654 primam
688 4577 824 4654 piantem,
850 4572 999 4638 videlieet
1023 4573 1254 4656 possessionem

118 4676 222 4742 Acba
239 4699 312 4741 cum
324 4679 390 4742 suis
401 4681 691 4763 attinenciis,etad
702 4683 840 4763 primam
856 4689 981 4764 partem
999 4704 1055 4747 seu
1072 4685 1254 4765 porcionem
