3226 5462
349 441 391 500 38
700 452 885 498 narouuonr
903 437 1116 496 onnrlnrrln.

348 615 417 682 Nos
434 616 534 698 igitur
552 667 557 679 .
572 666 578 679 .
596 638 669 680 cum
686 615 831 698 predicto
846 613 872 678 J
873 613 972 679 acobo
988 611 1055 678 filio
1065 613 1156 678 Petri
1174 663 1179 676 .
1198 662 1204 676 .
1220 613 1348 678 homine
1365 619 1485 690 vestre,

348 730 493 789 nostrum
509 725 671 789 hominem
688 773 694 787 .
712 775 718 786 .
735 724 870 788 Petrum
887 724 1050 788 sociumet
1061 723 1310 786 concanonicum
1333 726 1486 786 nostrum

351 819 391 897 ad
408 834 565 916 premissa
580 837 687 897 vestra
703 836 857 916 precepta
873 831 1098 915 prosequenda
1114 853 1173 914 pro
1190 831 1373 896 testimonio
1389 829 1486 894 duxi·

349 963 421 1008 mus
444 939 681 1020 destinandum,
708 941 763 1022 qni
791 990 821 1003 ..
847 939 1039 1021 retulerunt,
1065 938 1150 1022 qnod
1176 938 1317 1004 secunda
1342 937 1424 1004 seria
1449 944 1487 1002 et

349 1051 451 1114 tercia
468 1049 549 1114 feria
565 1050 720 1134 proximis
730 1055 804 1133 post
814 1048 1007 1140 dominicam
1023 1049 1321 1133 Ramispalmarum
1337 1049 1486 1131 proxime

349 1159 538 1242 preteritum
555 1157 726 1224 adfaciem
752 1157 896 1242 predicte
924 1158 1133 1241 possessionis
1157 1163 1262 1222 vestre
1287 1155 1405 1220 Modor
1430 1177 1485 1221 vo-

349 1272 420 1330 cate
437 1267 470 1330 in
488 1267 642 1330 comitatu
668 1267 858 1330 Posoniensi
875 1267 1050 1340 existentis,
1076 1266 1187 1330 ricinis
1204 1269 1236 1328 et
1252 1265 1484 1330 commetaneis

350 1374 494 1438 eiusdem
505 1375 660 1438 universis
670 1373 1000 1457 legitimeconvocatis
1011 1373 1253 1458 etpresentibns
1264 1374 1485 1456 accessissent,

350 1488 383 1546 et
399 1483 502 1566 ipsam
519 1503 576 1566 per
593 1505 668 1548 suas
685 1503 777 1546 veras
792 1488 895 1547 metas
912 1489 945 1546 et
960 1484 1122 1564 antiquas,
1147 1503 1245 1546 novas
1271 1488 1373 1546 metas
1389 1483 1486 1546 iuxta

354 1595 477 1654 veteres
494 1591 525 1653 in
543 1589 620 1656 locis
637 1591 826 1654 necessariis
853 1589 1013 1673 erigenda,
1029 1595 1068 1656 nt
1083 1591 1169 1655 infra
1185 1591 1319 1668 dicetur,
1335 1589 1485 1654 reambu-

349 1697 784 1779 lassent,reambnlatnmque
795 1705 827 1762 et
836 1698 877 1764 ab
887 1699 1025 1764 aliorum
1035 1699 1288 1783 possessionibus
1298 1699 1485 1764 distinctam

351 1811 383 1869 et
399 1813 590 1888 separatam,
607 1807 736 1890 populis
752 1809 866 1871 vestris
877 1807 915 1871 de
926 1804 1038 1875 eadem
1047 1807 1165 1874 Modor
1188 1809 1279 1873 iuxta
1295 1813 1485 1892 preceptum

351 1919 492 1978 vestrum
519 1914 777 1980 contradiocione
794 1915 930 1980 alicuius
947 1937 1010 1980 non
1037 1915 1192 1999 obstante,
1219 1915 1426 1998 reliquissent
1442 1917 1485 1981 ad

352 2020 515 2085 utendum.
541 2020 785 2087 Commisissent
811 2025 921 2102 eciam,
948 2029 984 2088 nt
1011 2025 1037 2088 si
1065 2023 1166 2106 aliqui
1196 2025 1375 2107 quidquam
1402 2028 1485 2091 iuris

352 2137 521 2212 sperarent
537 2153 570 2195 se
586 2131 705 2196 habero
722 2131 761 2196 de
777 2131 896 2210 eadem,
914 2139 1117 2214 exequantur
1142 2135 1176 2198 in
1195 2135 1363 2216 presencia
1378 2141 1484 2198 vestre

352 2239 539 2304 maiestatis.
564 2241 666 2307 Cuius
684 2240 813 2321 quidem
831 2242 1040 2323 possessionis
1056 2247 1148 2319 mete,
1174 2247 1211 2306 nt
1227 2241 1323 2306 iidem
1339 2243 1485 2307 homines

352 2353 457 2412 vester
473 2354 505 2412 ct
522 2355 630 2413 noster
646 2348 835 2429 retulerunt,
861 2349 921 2413 hoc
946 2350 1057 2414 ordine
1083 2349 1352 2433 distingerentur:
1378 2352 1486 2434 prima

351 2461 439 2519 meta
453 2456 609 2538 inciperet
625 2477 721 2540 snper
738 2478 836 2520 unum
852 2463 992 2522 montem
1018 2459 1073 2538 qui
1091 2463 1223 2523 vocatur
1234 2458 1410 2542 Knesszeg,
1427 2458 1483 2522 nbi

352 2570 436 2628 esset
452 2564 589 2644 quedam
605 2563 698 2628 vallis
709 2570 741 2629 et
757 2564 790 2628 in
806 2565 917 2629 eadem
933 2564 1016 2630 valle
1033 2572 1116 2631 esset
1134 2566 1272 2648 quedam
1289 2567 1341 2632 via
1357 2583 1485 2650 magna,

352 2693 410 2756 per
427 2691 524 2752 quam
540 2673 642 2736 iretur
659 2672 697 2736 de
714 2673 790 2737 villa
806 2671 933 2738 Dombo
950 2673 991 2738 ad
1009 2673 1172 2754 quandam
1199 2674 1321 2752 silvam,
1347 2679 1380 2738 et
1395 2675 1486 2739 circa

353 2781 487 2844 eandem
502 2781 585 2844 viam
603 2802 699 2844 unam
716 2785 835 2846 metam
852 2787 991 2845 terream
1008 2781 1046 2845 de
1064 2803 1144 2845 novo
1158 2784 1337 2846 erexissent
1353 2805 1373 2846 a
1389 2787 1485 2866 parte

353 2887 541 2970 aquilonali,
559 2908 621 2969 que
637 2895 724 2953 meta
739 2889 932 2972 distingeret
949 2888 1112 2970 quandam
1129 2889 1243 2954 silvam
1270 2911 1332 2971 que
1349 2896 1486 2954 vocatur

354 2996 588 3074 Fenewerdow‚
616 3019 635 3061 a
661 2997 741 3062 silva
766 2999 863 3062 castri
890 2997 975 3078 quod
993 3003 1134 3062 castrum
1160 3003 1292 3062 vocatur
1317 2997 1487 3078 Vereslru3

354 3105 467 3169 deinde
484 3106 639 3170 transiret
653 3105 739 3171 infra
755 3127 812 3188 per
829 3105 965 3170 eundem
990 3111 1132 3170 montem
1157 3127 1215 3188 per
1240 3127 1394 3189 magnum
1413 3129 1486 3190 spa·

304 3211 306 3216 ’
353 3216 446 3292 cium,
473 3220 505 3278 et
520 3235 630 3279 versus
656 3220 782 3296 partem
807 3214 998 3279 orientalem
1024 3215 1149 3279 veniret
1174 3214 1215 3278 ad
1241 3235 1338 3278 unam
1365 3221 1499 3280 metam·

354 3325 531 3404 antiquam,
548 3325 634 3388 circa
652 3342 749 3403 qnam
765 3323 863 3387 aliam
881 3329 999 3388 metam
1010 3323 1048 3388 de
1060 3345 1139 3387 novo
1156 3323 1351 3402 erexissent3
1369 3321 1485 3387 deiude

354 3432 417 3495 iret
432 3431 473 3495 ad
490 3431 623 3496 eandem
639 3438 765 3514 partem
791 3431 980 3496 orientalem
1008 3431 1050 3496 ad
1075 3430 1174 3496 aliam
1200 3435 1318 3495 metam
1344 3436 1487 3496 terream

354 3542 532 3621 antiquam,
543 3541 629 3604 circa
640 3559 738 3620 qnam
754 3539 851 3604 aliam
861 3545 982 3605 metam
993 3544 1132 3604 terream
1144 3539 1183 3602 de
1194 3559 1273 3602 novo
1291 3539 1487 3609 erexissent}

355 3647 470 3712 deinde
487 3646 687 3731 procedendo
704 3647 790 3712 infra
800 3646 842 3712 ad
852 3645 986 3712 eandem
1003 3653 1130 3730 partem
1147 3646 1345 3725 orientalem,
1361 3648 1488 3711 reniret

354 3757 509 3821 adunam
528 3760 647 3820 metam
675 3755 714 3820 de
740 3777 819 3820 novo
847 3761 1006 3836 erectam3
1031 3756 1105 3820 inde
1131 3754 1172 3820 ad
1198 3755 1333 3820 eandem
1357 3760 1487 3838 partem

355 3863 544 3930 orientalem
569 3885 666 3928 unam
692 3863 790 3929 aliam
814 3869 933 3930 metam
964 3864 1003 3928 de
1034 3885 1114 3928 noro
1146 3865 1337 3944 o1·exissont;
1369 3863 1487 3928 deinde

355 3972 551 4038 transeundo
575 3969 760 4035 flecteretur
785 3971 826 4035 ad
852 3977 979 4055 partem
1004 3971 1248 4036 meridionalem
1274 3976 1306 4036 et
1331 3972 1489 4036 transiret

355 4103 452 4146 unam
468 4102 619 4164 magnam
630 4081 723 4158 viam,
741 4099 802 4160 que
811 4081 864 4144 ria
873 4082 1029 4144 transiret
1045 4079 1083 4144 dc
1097 4078 1302 4144 villnModor
1318 4078 1359 4143 ad
1375 4079 1488 4144 villain

355 4187 523 4266 Dnmbow‚
538 4189 624 4254 circa
641 4208 737 4269 qnam
755 4188 839 4252 riam
856 4193 1015 4253 essetuna
1026 4194 1112 4252 meta
1123 4188 1268 4269 antiqua,
1286 4187 1372 4251 circa
1389 4207 1488 4267 qnam

356 4299 453 4364 aliam
469 4302 587 4361 metam
604 4303 744 4361 terream
760 4295 799 4359 dc
814 4317 896 4360 noro
913 4299 1099 4374 erexissent,
1117 4317 1179 4378 que
1195 4301 1278 4359 rneta
1297 4295 1490 4377 distingeret

356 4406 534 4490 predictam
560 4405 792 4487 possessionem
823 4405 940 4470 Modor
966 4406 1005 4470 de
1030 4405 1107 4470 villa
1132 4404 1263 4469 Dnmbo
1288 4411 1321 4478 et
1346 4403 1385 4468 de
1410 4403 1489 4470 villa

356 4513 496 4597 Kysfoln
512 4513 643 4590 vocatis,
653 4511 708 4576 ubi
719 4513 931 4577 determinate
948 4519 1055 4578 essent
1065 4519 1148 4577 mete
1157 4514 1242 4576 inter
1252 4513 1487 4596 possessionem

355 4621 475 4692 Modor
491 4625 524 4686 et
540 4621 624 4685 inter
641 4621 872 4708 possessionem
891 4619 1036 4701 Dombo;
1054 4627 1085 4684 ot
1112 4619 1157 4684 ibi
1173 4619 1329 4706 inciperet
1355 4640 1488 4687 currere
