3180 5466
552 525 646 588 1351.
663 529 734 588 111.
754 527 803 588 16.
1189 530 1251 588 491

126 701 282 767 Nicolaus
299 709 332 766 et
348 702 372 766 J
374 703 518 768 ohannes
534 701 621 768 filius
637 725 714 768 suus
731 704 941 788 possiderent,
958 705 1119 770 utilitates
1135 725 1260 770 earum-

126 811 197 874 dem
214 811 440 897 percipiendo,
458 819 490 876 11
506 814 584 894 quia
601 812 766 897 predictus
783 811 969 898 Stephanus
986 813 1072 878 filius
1089 813 1262 880 Michaelis

126 920 210 1004 ipsos
225 920 401 1000 magistros
417 917 591 984 Nicolaum
603 925 635 983 et
644 918 670 983 J
671 921 830 985 ohannem
846 920 950 986 filium
966 943 1069 1003 suum,
1086 943 1106 986 a
1121 922 1262 988 violenta

124 1025 658 1112 Ι111111111111111111111111
683 1035 717 1092 et
744 1028 926 1095 utilitatum
951 1028 1171 1114 predictarum
1190 1051 1260 1116 pos-

129 1135 307 1198 sessionum
322 1132 470 1217 Hydvveg
487 1139 520 1198 et
535 1134 759 1200 Juahunfelde
784 1142 979 1218 vocatarum,
1006 1157 1068 1220 que
1089 1138 1175 1224 apud
1195 1161 1261 1203 11-

127 1263 189 1306 111
206 1241 391 1307 eorumdem
408 1242 556 1324 magistri
575 1241 704 1309 Nicolai
730 1253 762 1310 et
786 1245 950 1310 ‹lohannis
975 1245 1034 1310 filii
1059 1249 1109 1312 sui
1129 1248 1168 1312 de
1191 1251 1262 1314 iure

129 1349 243 1414 haberi
270 1350 521 1428 dinumerentur,
556 1353 589 1416 in
620 1355 787 1436 presencia
818 1353 979 1418 dictorum
1009 1355 1203 1421 vicecomitis
1228 1362 1260 1421 et
1338 1363 1347 1381 ¹

127 1459 272 1524 iudicum
304 1457 459 1524 nobilium
476 1462 646 1524 comitatus
662 1460 867 1526 Oestriferrei
886 1461 1098 1547 prohibuisse,
1124 1484 1162 1527 ex
1178 1466 1259 1530 serie

126 1559 359 1652 promissarum
383 1567 553 1634 literarum
579 1568 763 1634 eorumdem
794 1569 1026 1655 reperiebatur,
1052 1571 1123 1636 ideo
1154 1574 1260 1657 ipsum

125 1673 327 1760 Stephanum
354 1675 459 1742 filium
482 1675 663 1760 Michaelis,
688 1699 746 1763 pro
778 1685 846 1742 tam
871 1679 1016 1744 indebita
1040 1679 1259 1764 prohibicione

126 1805 185 1848 sua
216 1785 252 1848 11
284 1782 402 1848 iudicio
427 1784 613 1850 succubitus
638 1787 756 1850 actoris
776 1786 884 1864 duelli,
910 1787 1033 1853 11111111
1048 1787 1158 1853 decem
1174 1810 1258 1854 mar-

127 1913 241 1956 carum
256 1893 291 1956 in
309 1892 479 1973 quindenis
496 1893 569 1957 festi
584 1891 670 1958 beati
694 1891 866 1958 Michaelis
882 1893 1069 1977 archangeli
1085 1917 1171 1960 nunc
1186 1917 1259 1960 ven·

130 2003 214 2066 turis
230 1999 324 2065 nobis
341 2007 373 2065 et
388 2003 475 2087 parti
492 2001 624 2067 adverse
641 2009 716 2067 ante
741 2003 984 2068 inchoacionem
997 2002 1064 2069 litis
1080 2003 1259 2088 persolven-

127 2109 253 2186 darum,
270 2108 514 2174 decreveramus
539 2113 718 2176 conuctum
744 2113 896 2189 extitisse,
918 2117 1028 2176 tenore
1059 2115 1261 2196 presencium

128 2219 311 2300 mediante3
328 2220 443 2284 seriem
453 2227 562 2286 autem
572 2223 726 2307 premisse
742 2223 991 2307 possessionarie
1007 2220 1171 2286 divisionis
1188 2243 1260 2287 cum

127 2330 229 2393 totius
244 2327 323 2392 facti
339 2348 499 2413 processu,
514 2337 624 2415 partes
649 2331 683 2394 in
699 2329 801 2394 literis
826 2329 904 2396 dicti
929 2329 1064 2415 capituli
1091 2331 1132 2394 ad
1157 2331 1260 2396 dictas

128 2435 311 2518 quindenas
335 2435 409 2501 festi
434 2435 521 2502 beati
553 2438 723 2503 Michaelis
747 2437 932 2521 archangeli
958 2445 1068 2504 nostro
1093 2437 1262 2503 iudiciario

126 2545 269 2608 examini
285 2552 452 2629 reportare
468 2549 673 2624 tenerentur3
688 2545 897 2610 nihilominus
922 2546 1000 2628 quia
1018 2544 1104 2609 idem
1113 2544 1256 2611 Michael

129 2651 218 2718 filius
233 2651 330 2736 Elley
355 2659 448 2738 pater
472 2655 573 2740 ipsius
599 2653 756 2740 Stephani
782 2655 905 2720 nullam
925 2655 1102 2738 eqnacium,
1127 2674 1187 2718 111
1212 2675 1263 2718 111

127 2761 211 2826 tales
236 2761 355 2844 quibus
371 2760 577 2846 interipsum
593 2767 626 2826 et
641 2762 833 2844 magistrum
859 2761 1031 2828 Nicolaum
1047 2759 1151 2825 filium
1167 2760 1262 2844 Elley

128 2892 168 2935 11
184 2870 209 2935 J
211 2872 371 2936 ohannem
387 2869 491 2935 filium
508 2892 602 2935 suum
618 2869 730 2935 divisio
749 2870 820 2936 fieri
845 2870 1016 2949 debuisset,
1040 2869 1191 2935 habuisse
1207 2890 1261 2934 no·

127 2979 179 3044 bis
197 2984 230 3043 et
245 2981 337 3062 regni
353 2977 528 3044 baronibus
544 2977 709 3043 nobiscum
725 2981 758 3043 in
775 2979 895 3045 iudicio
906 2977 1121 3045 assidentibus
1137 2976 1262 3042 eviden-

128 3093 180 3151 ter
196 3085 399 3168 cernebatur,
416 3085 488 3150 ideo
498 3106 595 3170 super
604 3084 690 3152 facto
701 3087 925 3168 requisieionis
935 3087 1095 3151 dictarum
1104 3105 1263 3168 equarum

128 3195 341 3278 equaciarum
361 3200 393 3258 et
417 3213 535 3275 rerum,
552 3193 654 3258 eidem
680 3191 845 3278 Stephano
871 3201 1064 3279 perpetuum
1095 3193 1262 3259 silencium

127 3303 325 3368 duxeramus
341 3300 586 3386 imponendum
612 3309 733 3367 etcum
756 3301 912 3367 discussio
929 3302 1070 3367 eiusdem
1096 3323 1192 3366 cause
1215 3303 1261 3366 di-

128 3396 230 3475 versis
245 3411 513 3495 prorogacionum
531 3410 667 3475 cautelis
683 3415 715 3474 et
731 3412 876 3476 terminis
902 3409 1196 3489 intervenientibus,
1222 3410 1263 3476 ab

128 3517 250 3584 eisdem
268 3517 440 3598 quindenis
456 3517 543 3584 beati
558 3515 729 3583 Michaelis
759 3519 944 3602 archangeli
970 3517 1146 3584 secuudum
1163 3521 1262 3584 couti·

129 3627 264 3691 nencias
282 3625 525 3711 quamplurium
542 3625 711 3692 literarum
728 3635 922 3704 nostrarum,
938 3627 980 3692 ad
996 3631 1160 3712 presentes
1177 3631 1262 3692 octa-

128 3756 185 3800 vas
200 3733 275 3799 festi
291 3733 377 3798 beati
396 3729 527 3817 Georgii
543 3737 686 3800 martiris
702 3735 889 3814 devenisset,
899 3735 1030 3801 tandem
1045 3734 1115 3819 ipso
1125 3733 1263 3798 termino

131 3849 331 3920 occurrente,
341 3842 507 3928 predictus
517 3840 702 3929 Stephanus
711 3843 798 3909 filius
812 3842 984 3909 Michaelis
1000 3841 1212 3930 personaliter
1222 3841 1263 3907 ab

130 3973 206 4030 nna,
223 3959 257 4017 et
273 3951 417 4016 Michael
433 3971 570 4034 magnus
586 3951 728 4018 famulus
744 3959 776 4016 11
791 3955 984 4037 procurator
1000 3949 1185 4015 eorumdem
1194 3971 1261 4014 ma-

130 4061 308 4144 gistrorum
325 4057 454 4124 Nicolai
478 4058 537 4124 filii
563 4059 658 4144 111111
684 4069 717 4127 11
741 4060 903 4125 ‚Iohannis
928 4059 986 4124 filii
1003 4061 1053 4124 sui
1069 4080 1127 4144 pro
1144 4058 1263 4124 eisdem

128 4192 202 4235 curn
229 4168 461 4254 procuratoriis
486 4169 590 4236 literis
614 4168 692 4234 dicti
718 4168 852 4254 capituli
877 4168 1085 4236 Oastriierrei
1109 4173 1202 4253 parte
1221 4166 1262 4232 ab

129 4277 245 4355 altera,
261 4276 303 4341 ad
320 4282 465 4342 nostrum
480 4277 686 4343 iudiciariam
702 4277 888 4342 accedentes
912 4282 1126 4362 conspectum,
1151 4273 1263 4341 literas

128 4385 357 4450 iamncminati
373 4385 506 4470 capituli
523 4385 655 4450 ecclesie
680 4385 884 4452 Castriferrei
909 4383 1000 4449 nobis
1024 4390 1263 4469 presentarunt,

128 4497 164 4560 in
180 4491 301 4577 quibus
316 4491 455 4558 vidimus
471 4495 636 4574 contineri,
653 4493 739 4577 quod
754 4493 845 4557 Mese
861 4492 948 4557 filius
966 4493 992 4556 J
994 4492 1129 4558 ohannis
1145 4492 1184 4557 de
1199 4493 1262 4558 Be·

129 4622 229 4668 seneu
255 4601 350 4665 homo
375 4603 462 4684 regie
487 4601 666 4667 maiestatis
691 4607 838 4687 presente
863 4599 999 4667 Nicolao
1017 4600 1147 4666 clerico
1172 4601 1262 4666 chori

130 4709 276 4775 eiusdem
293 4709 425 4775 ecclesie
443 4731 499 4794 per
515 4711 621 4795 ipsum
634 4711 810 4795 capitulum
829 4711 861 4774 11
882 4710 1102 4776 11111111111
1119 4709 1204 4786 dato,
1228 4710 1262 4772 in
