3226 5462
347 483 388 553 ld
691 492 879 564 auretium
894 477 1109 550 okulurrlu.

343 668 431 752 apud
447 688 672 750 quemcunque
687 689 746 752 per
761 667 848 752 ipsos
865 667 1015 734 comitem
1032 663 1250 733 Merhardum
1260 671 1294 730 et
1302 653 1478 730 Nicolaum

341 776 445 842 filium
460 777 624 843 Dominici
647 777 785 842 inveniri
809 778 937 860 poterit,
962 776 1121 843 baronum
1145 780 1179 840 et
1202 775 1295 860 regni
1320 772 1479 852 nobilium

342 885 510 952 nobiscum
534 887 568 950 in
593 885 712 951 iudicio
734 885 980 951 consedencium
1010 885 1146 951 iuridioo
1178 884 1303 950 inducti
1334 881 1479 957 consilio,

342 994 498 1059 falsorum
514 995 806 1060 instrumentorum
823 993 1011 1060 exhibitoris
1026 1016 1111 1078 pena
1130 993 1371 1060 sentencialiter
1385 989 1478 1056 leriri

342 1103 580 1170 committentes
596 1108 629 1168 et
644 1102 795 1181 vindicta
811 1104 979 1168 universas
1004 1104 1220 1187 possessiones
1246 1109 1280 1167 et
1304 1100 1479 1184 possessio-

341 1213 451 1277 narias
467 1212 636 1295 porciones
651 1211 790 1294 predicti
806 1209 936 1276 Nicolai
960 1210 1020 1276 filii
1036 1211 1208 1294 Dominici,
1233 1217 1267 1275 et
1291 1207 1479 1292 specialiter

338 1327 498 1402 utrasque
515 1319 540 1384 J
541 1319 638 1402 unck,
655 1319 827 1386 Kurmusd
852 1325 885 1384 et
910 1318 1121 1403 Toluoyielde
1137 1325 1276 1396 vocatus,
1300 1317 1396 1383 modo
1413 1337 1479 1398 quc

343 1449 443 1512 supra
458 1448 517 1511 per
532 1429 641 1512 ipsum
656 1426 831 1494 Nicolaum
855 1426 959 1492 filium
984 1426 1149 1494 Dominici
1172 1433 1411 1510 prememorato
1428 1444 1479 1489 co·

342 1538 415 1626 miti
430 1536 609 1603 Merhardo
633 1535 851 1603 mediantibus
875 1536 980 1602 literis
1005 1537 1083 1602 dicti
1109 1535 1246 1619 capituli
1270 1534 1479 1601 Posoniensis

343 1646 533 1730 patentibus
542 1667 601 1729 pro
612 1645 859 1730 quadringentis
869 1652 903 1710 et
916 1647 1085 1729 sexaginta
1099 1646 1218 1711 marcis
1234 1645 1479 1728 impignoratas,
1507 1635 1510 1640 ’

342 1777 416 1821 cum
432 1754 580 1821 omnibus
591 1757 658 1842 suis
668 1755 866 1820 utilitatibus
877 1806 883 1820 .
895 1805 901 1819 .
911 1755 975 1838 ipsi
991 1756 1101 1820 comiti
1112 1752 1290 1820 Merhardo
1307 1772 1478 1834 quousque

342 1862 453 1928 eedem
470 1862 597 1946 abipso
614 1865 730 1930 comite
745 1863 924 1930 Merhardo
940 1885 999 1946 per
1022 1865 1286 1947 prenominatum
1301 1859 1478 1928 Nicolaum

342 1971 446 2037 filium
462 1971 628 2038 Dominici
642 1973 677 2036 in
693 1972 814 2038 eisdem
831 1972 1078 2056 quadringentis
1105 1979 1138 2037 et
1161 1971 1332 2054 sexaginta
1358 1970 1479 2035 marcis

341 2081 434 2146 iuxta
449 2082 565 2146 seriem
586 2080 807 2163 predictarum
831 2079 1001 2145 literarum
1026 2079 1163 2164 capituli
1187 2079 1394 2146 Posoniensis
1419 2099 1476 2161 pa·

344 2190 488 2254 tencium
512 2189 627 2254 redimi
646 2193 808 2272 poterunt,
832 2187 1004 2253 iudiciaria
1028 2189 1225 2254 auctoritate
1259 2188 1477 2252 commisimus

343 2297 564 2379 relinquentes
594 2298 723 2362 nomine
751 2297 1011 2380 impignoratieio
1042 2303 1214 2380 prenotato
1244 2296 1409 2379 possidere
1436 2345 1442 2360 .
1468 2345 1476 2359 .

342 2404 468 2471 Datum
483 2405 586 2484 Euda,
602 2405 754 2488 vigesimo
771 2409 861 2470 sexto
880 2405 932 2469 die
957 2410 1146 2471 octavarum
1170 2406 1236 2470 diei
1261 2405 1475 2472 Strennurum

342 2513 570 2596 predictarum,
587 2533 671 2577 anno
687 2512 807 2578 domini
823 2513 875 2578 Μο
899 2510 1021 2578 (100ῖῑὶο
1037 2511 1143 2578 XL¹¹¹⁰
1158 2513 1303 2596 septimo.

385 2725 387 2732 ι
450 2695 475 2744 Α
489 2694 580 2758 pecsdt
594 2693 658 2743 sold
671 2694 699 2743 es
712 2694 786 2756 piros
801 2695 1037 2758 selyernszalakou
1053 2697 1129 2760 sugg,
1147 2694 1278 2758 credetije
1291 2709 1324 2744 az
1340 2693 1415 2743 Orsz.
1429 2693 1473 2741 Lt.

341 2785 441 2835 kinest.
455 2791 523 2834 oszt.
536 2787 611 2834 Mon.
625 2785 725 2834 Posou.
741 2789 781 2834 12.
796 2790 820 2834 ⁴2.
834 2783 901 2846 dipl.
916 2789 984 2833 oszt.
999 2791 1080 2836 3809.
1095 2785 1195 2834 Kozli:
1210 2785 1318 2835 Kourics
1331 2785 1365 2834 N.

828 2997 986 3006 *nn-.-

892 3221 921 3280 6.

345 3399 439 3461 1347.
457 3395 565 3474 Bada,
573 3394 659 3481 fodr.
677 3397 730 3460 20.
746 3395 867 3460 Mittor
881 3397 984 3461 uddor
1001 3396 1074 3460 etta
1087 3419 1108 3460 α
1126 3395 1283 3462 Goltlcclcd
1296 3395 1475 3479 uemzetsc'p-

289 3561 291 3564 ,
344 3505 406 3568 aare
421 3505 556 3569 euecta
572 3502 817 3590 aepulpyfla
831 3527 846 3567 s
862 3504 930 3568 aaa
946 3505 1066 3583 uruat,
1081 3488 1103 3567 t
1118 3505 1262 3590 surray
1278 3501 1387 3568 saraa
1402 3501 1475 3580 aser,

581 3613 629 3677 dei
643 3613 674 3676 e‘s
689 3613 981 3698 szcrzettjauae'koa
996 3612 1232 3698 meposztozauk.

454 3810 524 3877 Nos
540 3810 696 3878 Nicolaus
713 3863 720 3877 .
736 3862 743 3877 .
760 3811 925 3894 palatinus
942 3818 974 3878 et
990 3811 1088 3877 iudex
1107 3831 1314 3877 comanorum
1331 3863 1337 3876 .
1355 3861 1362 3876 .
1378 3811 1476 3896 signi·

345 3918 479 3985 ficamus
496 3971 502 3984 .
519 3971 526 3985 .
543 3919 631 4002 quod
659 3942 733 3986 cum
748 3920 774 3984 J
774 3921 916 3986 ohannes
941 3919 1028 3984 filius
1053 3916 1188 4003 Georgii
1204 3921 1243 3985 de
1259 3920 1426 3986 Rakamaz
1441 3920 1476 3984 in

346 4030 598 4111 congregacione
614 4028 758 4112 generali
775 4079 781 4092 .
798 4079 804 4094 .
822 4027 996 4113 Wyllermi
1010 4027 1149 4111 palatini
1174 4034 1207 4092 et
1231 4027 1347 4094 iudicis
1372 4049 1476 4093 coma·

346 4157 462 4200 norum
485 4135 568 4200 bone
593 4137 746 4201 memorie
770 4137 1005 4219 predecessoris
1030 4137 1141 4216 nostri,
1167 4137 1371 4203 universitati
1387 4137 1476 4201 nobi-

346 4243 425 4308 lium
451 4243 491 4308 de
521 4244 667 4310 Zabolch
692 4253 724 4310 et
748 4245 788 4311 de
813 4246 921 4330 Bereg
938 4247 1150 4312 comitatuum
1165 4245 1226 4312 sub
1244 4267 1329 4311 auno
1354 4245 1477 4311 domini

346 4351 522 4417 Millesimo
539 4351 659 4419 OOCmo
674 4354 836 4418 tricesimo
853 4360 980 4435 quarto,
1005 4352 1087 4419 seria
1112 4354 1215 4419 tercia
1238 4355 1385 4436 proxima
1400 4361 1476 4419 ante

347 4461 465 4526 t'estum
481 4459 574 4526 beate
590 4461 698 4527 Marie
713 4460 910 4546 Magdalene
934 4483 1034 4545 prope
1053 4462 1164 4527 villam
1179 4461 1298 4529 Zahun
1314 4461 1477 4542 celebrata

348 4570 557 4652 exsurgendo
573 4577 686 4636 contra
701 4573 893 4655 magistrum
909 4571 1095 4636 dohannem
1113 4570 1216 4636 filium
1231 4571 1353 4637 Briccii
1369 4591 1477 4654 perso-

304 4703 307 4708 ·
348 4677 468 4742 naliter
499 4684 668 4757 astantem,
699 4701 796 4762 super
828 4679 913 4744 fracto
945 4681 1196 4762 possessionarie
1229 4681 1394 4748 divisionis
1418 4701 1477 4764 per
