3226 5462
743 499 931 550 ausounoru
947 483 1162 548 onulurrln.

933 793 983 856 13.

392 957 487 1020 1347.
511 954 648 1034 Ter-ebes,
665 965 759 1019 orara
777 955 826 1018 13.
845 951 991 1037 Zempltu
1007 955 1175 1038 carmepge
1199 951 1400 1038 tumultuin
1427 951 1522 1015 Pe'ter
1601 902 1602 994 l

390 1065 422 1126 ea
438 1063 554 1128 Lriszlo
567 1065 701 1128 caracui
714 1060 866 1140 aemesek,
881 1060 989 1164 Micbk
999 1059 1060 1124 bria
1066 1061 1132 1142 ficit
1149 1059 1309 1160 Lordadot
1325 1060 1523 1146 bepnrurazol-

544 1171 617 1258 jdlr,
633 1173 712 1258 hopy
728 1195 759 1234 ez
776 1171 865 1234 Loou
880 1176 958 1232 nau
975 1167 1157 1234 birukokau
1164 1169 1361 1254 jble‘qettette.

497 1333 567 1400 Nos
583 1332 727 1399 Michael
753 1339 787 1399 et
812 1332 957 1399 Jacobus
983 1331 1042 1397 filii
1058 1331 1181 1414 Frank,
1205 1333 1273 1396 vioe
1292 1331 1525 1416 magistrorum

392 1439 522 1506 Nicolai
538 1448 570 1507 et
585 1441 682 1508 Pauli
698 1439 838 1507 filiorum
854 1440 944 1506 Lack
962 1442 1094 1506 comites
1111 1440 1151 1506 de
1168 1439 1314 1525 Zemlyn,
1330 1445 1364 1504 et
1380 1445 1525 1520 quatuor

391 1549 512 1615 iudices
529 1550 685 1616 nobilium
709 1542 750 1614 tle
775 1549 896 1632 eodem,
924 1547 1038 1614 damus
1062 1570 1122 1631 pro
1146 1550 1312 1627 memoria,
1338 1548 1426 1630 quod
1450 1569 1525 1612 curn

389 1656 472 1722 feria
487 1659 589 1723 tercia
605 1658 753 1741 proxima
769 1661 842 1739 post
856 1655 975 1722 festum
999 1655 1087 1720 beati
1104 1652 1257 1738 Gregorii
1282 1675 1367 1738 pape
1391 1676 1526 1738 congre·
1602 1735 1603 1740 ἵ

390 1767 555 1849 gacionem
571 1765 755 1850 generalem
770 1787 843 1830 oum
864 1766 1021 1830 universis
1037 1745 1198 1830 nobilibus
1217 1765 1250 1829 in
1267 1764 1345 1830 villa
1355 1763 1525 1829 Therebes
1602 1765 1603 1790 l

392 1871 633 1958 celebravimus,
639 1875 679 1940 de
689 1874 794 1940 medio
804 1882 971 1959 surgentes
988 1877 1143 1958 magister
1152 1874 1272 1939 Petrus
1282 1872 1368 1939 filius
1378 1873 1526 1937 Ladislai

392 1989 426 2048 et
440 1982 616 2048 Ladislaus
631 1981 719 2049 filius
729 1983 754 2049 J
755 1983 891 2049 ohannis
907 1981 1030 2048 nobiles
1041 1982 1080 2047 de
1091 1981 1247 2062 Obichua,
1263 1982 1422 2064 dixerunt,
1438 1980 1526 2062 quod

391 2090 528 2157 sabbato
544 2093 690 2176 proximo
706 2113 791 2157 anno
807 2093 839 2156 in
856 2093 999 2176 presenti
1024 2099 1100 2158 ante
1124 2091 1241 2158 festum
1266 2091 1354 2155 beati
1370 2087 1525 2173 Gregorii

392 2219 477 2282 pape
493 2200 648 2285 magister
664 2201 836 2267 Lorandus
852 2201 938 2266 filius
954 2201 1045 2267 Mioh
1062 2199 1225 2282 quondam
1250 2199 1327 2266 bani
1344 2198 1385 2264 ad
1402 2219 1527 2282 posses-

390 2307 513 2372 sionem
528 2309 673 2390 ipsorum
689 2309 783 2374 Lona
798 2314 944 2374 vocatam
954 2307 1110 2374 veniendo
1127 2330 1200 2374 cum
1216 2308 1375 2392 potencia,
1386 2308 1524 2371 existen·

391 2420 456 2479 tem
484 2417 571 2480 inter
595 2413 708 2482 fluvios
733 2417 862 2500 Thopul
887 2423 920 2482 et
937 2415 1084 2500 Budrug,
1104 2438 1176 2481 cum
1192 2418 1267 2500 igne
1282 2413 1456 2480 cremando
1472 2413 1526 2477 de·
1603 2405 1604 2452 ³

389 2529 565 2605 vastasset3
582 2523 682 2589 iurati
697 2545 875 2590 assessores
891 2546 964 2590 cum
981 2523 1142 2590 nobilibus
1160 2521 1374 2589 affirmarunt
1399 2521 1526 2587 Datum

390 2631 443 2696 die
468 2629 613 2713 predicto
638 2633 671 2696 iu
697 2634 950 2717 congregacione
975 2653 1073 2714 quam
1098 2633 1131 2698 in
1157 2653 1296 2715 persona
1319 2628 1474 2696 Lodovici
1493 2679 1524 2695 ..

388 2739 474 2822 regis
490 2738 721 2806 celebravimus
736 2741 769 2804 in
786 2741 865 2806 villa
881 2740 1053 2806 Therebes.
1069 2739 1169 2806 Anno
1194 2740 1315 2804 domini
1331 2739 1406 2804 Μιῃο
1422 2734 1524 2804 000ο

389 2843 495 2910 XL¹¹¹⁰
510 2847 655 2928 septimo.
672 2845 844 2913 Lorandus
860 2846 947 2913 filius
963 2847 1041 2913 bani
1058 2848 1146 2912 trina
1170 2849 1238 2912 vice
1267 2847 1442 2927 requisitus
1458 2866 1522 2909 non

388 2954 477 3018 venit
492 2974 551 3018 nec
565 2955 654 3020 misit
669 2950 872 3040 (personam)
889 2955 1116 3040 responsalem.

495 3119 626 3208 Ztrlatan
645 3118 718 3184 negy
740 3119 832 3181 pecset
853 3119 1047 3170 roredekeivsl.
1068 3119 1207 3182 Eredetije
1228 3134 1261 3169 az
1285 3133 1354 3168 orsz.
1365 3119 1398 3166 lt.
1421 3117 1523 3168 kincst.

388 3215 455 3257 osai„
469 3209 502 3256 N.
516 3209 550 3257 R.
564 3209 596 3256 A.
609 3213 668 3257 259.
682 3213 724 3258 43.
745 3207 810 3272 dipl.
831 3215 899 3258 oszt.
921 3215 998 3258 3892.
1017 3210 1117 3258 szli:
1140 3209 1249 3259 Kovtcs
1268 3209 1302 3258 N.

932 3571 983 3634 14.

394 3731 490 3796 1347.
506 3742 598 3796 murt.
618 3732 668 3796 14.
684 3729 715 3795 Α
730 3731 847 3817 saepest
860 3729 1016 3817 kdptalrm
1032 3729 1103 3795 eluti
1126 3730 1233 3796 Sabaei
1247 3731 1411 3814 Siulcufiu
1430 3731 1524 3796 Peter
1604 3713 1605 3716 Ἴ

392 3838 582 3903 tiltakozdau
610 3837 727 3906 δόυάνί
744 3841 821 3903 soor
837 3839 929 3902 Peter
944 3839 975 3902 6⁸
992 3836 1107 3903 Lobzlo
1122 3839 1211 3921 allen,
1227 3841 1284 3905 kik
1299 3866 1320 3905 a
1337 3841 1481 3906 Ruduuk
1492 3843 1525 3904 es

395 3947 504 4010 Biatre
522 3954 603 4010 aeoli
620 3947 725 4033 folyok
742 3945 840 4011 bozon
850 3945 951 4032 fekoii
969 3945 1149 4012 hectorea
1169 3949 1322 4034 magnicat
1339 3949 1524 4015 batracae.
1603 3981 1605 3990 a

498 4124 568 4191 Nos
584 4126 764 4210 capitulum
780 4127 912 4192 ecclesie
928 4127 1017 4192 beati
1034 4129 1172 4194 Martini
1194 4128 1233 4193 de
1259 4129 1381 4214 Soepus
1406 4129 1524 4196 damus
1604 4177 1605 4184 1

392 4253 451 4316 pro
466 4235 630 4314 memoria,
647 4234 734 4315 quod
750 4236 905 4319 magister
930 4235 1051 4302 Petrus
1077 4236 1161 4301 filius
1178 4235 1288 4321 Synlra
1304 4237 1344 4302 de
1363 4235 1462 4303 Sebes
1479 4239 1524 4302 ad
1603 4297 1605 4324 T

391 4347 536 4406 nostram
552 4344 765 4426 personaliter
782 4344 935 4410 accedens
951 4345 1160 4429 presenciam,
1176 4367 1284 4411 coram
1310 4345 1401 4411 nobis
1426 4345 1524 4428 depo·
1604 4389 1605 4392 =

391 4449 456 4512 suit
483 4444 563 4533 (igy)
588 4449 622 4513 in
646 4449 732 4514 hunc
755 4451 894 4532 modum,
919 4450 1005 4532 quod
1029 4473 1101 4517 oum
1125 4453 1343 4518 mediantibus
1368 4453 1524 4518 literis..

391 4557 517 4620 comitis
533 4555 629 4621 Pauli
645 4557 760 4623 iudicis
776 4559 865 4623 curie
881 4560 969 4641 regie
984 4560 1135 4642 magistri
1152 4561 1271 4625 Petrus
1293 4566 1327 4626 et
1346 4559 1525 4628 Ladislaus
1603 4541 1605 4598 3

392 4661 470 4728 dicti
487 4661 570 4728 Sous
586 4664 625 4728 de
642 4664 751 4731 Sou'ar
767 4667 981 4750 possessiones
997 4668 1081 4731 inter
1096 4667 1208 4733 fluvios
1217 4669 1361 4734 Rudnuk
1370 4677 1402 4734 et
1411 4670 1525 4735 Bistre
1603 4665 1605 4760 l
