3226 5462
551 465 645 529 1347.
663 471 734 530 ult.
754 466 803 530 lo.
1202 479 1242 534 63

117 638 268 718 premissa
293 640 481 722 exequenda
507 665 568 725 pro
593 645 781 710 testimonio
814 647 1050 713 transmisimus
1077 699 1106 714 ..
1132 651 1187 732 qui
1213 699 1243 714 ..

119 746 301 826 retulerunt,
319 749 404 830 quod
415 749 476 833 ipsi
489 749 569 815 seria
580 754 681 818 tercia
696 754 844 835 proxima
854 761 927 837 post
936 756 1114 837 predictum
1126 757 1243 822 festum

118 851 321 920 Ascensionis
348 857 469 922 domini
496 859 736 942 accessissent(
739 911 913 927 ........
914 860 928 946 )
943 862 975 927 bi
986 865 1166 946 predictum
1177 885 1243 929 ma·

116 961 246 1042 gistrum
274 963 391 1049 Philpe
417 968 559 1049 graviter
584 971 618 1032 in
643 969 725 1035 lecto
751 971 942 1054 egritudinis
971 972 1169 1054 decumbere,
1194 975 1241 1038 ita

118 1070 197 1151 quod
219 1071 260 1134 ad
277 1075 537 1155 proseouoionem
553 1097 723 1142 causarum
742 1076 889 1162 (suarum
906 1078 947 1143 ad
964 1081 1085 1145 curiam
1103 1077 1240 1163 rlegiam

118 1178 326 1258 personaliter
351 1183 397 1245 ire
423 1203 486 1246 non
512 1191 620 1266 posset
650 1205 754 1268 neque
781 1207 976 1269 comparere,
1001 1187 1063 1252 fide
1087 1188 1241 1253 uidissent

114 1284 243 1351 oculata.
271 1287 395 1353 Datum
414 1289 494 1354 feria
521 1297 639 1374 quarta
655 1293 802 1375 proxima
818 1301 892 1377 post
907 1295 1023 1359 festum
1040 1316 1097 1377 pre
1114 1345 1238 1360 ......

214 1544 343 1606 Paplron,
357 1545 483 1596 zdrlatan
496 1561 513 1594 a
532 1546 623 1608 pauset
636 1546 745 1608 oselrtly
759 1547 953 1596 tbredelreivel.
967 1546 1106 1610 Eredetije
1121 1563 1153 1596 au
1167 1562 1237 1597 orsz.
1282 1587 1287 1590 .

113 1635 141 1682 lr.
154 1635 250 1684 kiucat.
264 1643 331 1684 oszt.
346 1637 378 1685 N.
390 1637 423 1685 R.
435 1637 467 1686 Α.
481 1643 557 1687 llos.
572 1644 596 1687 2.
610 1639 676 1700 dipl.
690 1643 756 1688 oszt.
771 1642 848 1688 3907.
863 1638 962 1686 Kozli:
977 1638 1083 1686 Koraos
1097 1639 1130 1686 N.

591 1837 751 1844 Q-

570 2042 576 2054 ·
645 2020 697 2080 28.

116 2178 206 2240 1347.
236 2179 533 2264 Verpeldt,rrrdj.16.
554 2177 828 2262 Horesvdrmeppe
847 2181 988 2264 ispeiujui
1003 2179 1033 2240 ds
1049 2178 1238 2264 szolpabr'ro‘u'

113 2287 137 2348 I.
163 2285 258 2372 Lnjos
285 2289 392 2371 loira'ly
419 2289 667 2372 rueplrappdsu‘ro
693 2288 839 2371 jelcrrtilt,
865 2289 943 2372 lropy
974 2287 1093 2348 Tartar·
1119 2287 1238 2373 Rilcols

103 2394 211 2472 ficiculo
240 2393 351 2460 Krrmlo·
378 2405 455 2459 nevit
483 2396 618 2462 birlolcdt
646 2395 834 2460 Maloruuczi
859 2396 967 2460 Simon
997 2397 1027 2456 e'a
1053 2395 1166 2458 Lctszlo
1192 2396 1235 2458 el-

579 2503 751 2589 soporem.

211 2734 217 2745 .
235 2733 241 2748 .
258 2683 422 2748 Ludovieo
439 2735 445 2749 .
462 2733 468 2748 .
487 2685 554 2766 regi
572 2735 578 2748 .
596 2735 602 2748 .
629 2683 815 2767 Stephanus
840 2687 873 2746 et
900 2679 1061 2765 Georgius
1086 2683 1233 2766 magistri

110 2789 161 2854 filii
177 2791 338 2856 Dominici
356 2793 434 2856 dicti
453 2793 564 2856 Bubelr
589 2792 721 2856 comites
737 2791 776 2855 de
794 2792 1016 2874 Heueswyuar
1043 2798 1075 2854 et
1092 2796 1234 2874 quatuor

110 2899 222 2964 iudices
240 2900 393 2965 nobilium
411 2901 450 2964 de
466 2901 599 2965 eodem.
619 2953 624 2964 .
642 2899 770 2964 literas
786 2907 890 2964 vestre
908 2900 1127 2962 maiestatis..
1145 2919 1230 2962 rece-

110 3007 207 3086 pimus
225 3009 255 3071 in
272 3009 331 3072 hec
348 3007 461 3072 rerba:
487 3007 665 3072 Lodovious
682 3058 688 3071 .
706 3057 712 3070 .
730 3029 785 3072 rex
803 3058 809 3070 .
827 3057 833 3070 .
852 3007 960 3070 comiti
978 3006 1026 3069 vel
1053 3006 1232 3070 vicecomiti

109 3121 137 3177 et
152 3115 308 3180 iudicibus
335 3115 490 3180 nobilium
515 3116 685 3180 comitatus
711 3115 1030 3198 Heueswpuarieusis
1056 3163 1087 3178 ..
1114 3114 1231 3178 dicitur

109 3221 191 3286 uobis
208 3224 238 3288 iu
256 3245 393 3306 persona
409 3225 555 3303 magistri
574 3222 719 3288 Ladislui
735 3221 793 3286 filii
811 3221 974 3306 Rykolphi
995 3219 1048 3304 (de
1061 3221 1229 3306 Thorleu)

108 3329 175 3392 aule
203 3337 310 3395 nostre
341 3331 463 3408 militis,
494 3331 580 3414 quod
613 3331 757 3414 magistri
784 3329 894 3394 Simon
927 3337 959 3394 et
990 3329 1164 3394 Imdislaus
1191 3330 1229 3393 de

108 3436 280 3503 blalrruuch
294 3439 418 3503 fructus
435 3445 467 3501 et
484 3438 640 3503 utilitates
657 3439 822 3504 cuiusdam
839 3437 1048 3522 possessionis
1064 3457 1119 3500 sue
1131 3435 1230 3500 Kem·

109 3543 282 3617 leusocate
298 3569 371 3611 mun
388 3546 611 3630 iobagionibus
637 3568 745 3611 eorum
763 3547 803 3610 de
820 3545 934 3612 Athen
951 3547 1071 3629 percipi
1088 3545 1230 3610 lacerent

107 3659 212 3718 contra
228 3656 329 3736 ipsius
346 3655 552 3733 voluntatem,
572 3661 605 3720 et
622 3655 708 3738 quod
725 3661 829 3719 terras
846 3654 985 3718 arabiles
1012 3653 1098 3716 intra
1125 3658 1227 3716 metas

106 3759 183 3824 dicte
198 3763 408 3845 possessionis
434 3763 607 3827 existentes
632 3763 719 3826 arari
745 3768 778 3826 et
802 3762 955 3826 seminari
982 3760 1131 3824 fecissent
1156 3781 1228 3824 curn

106 3869 319 3954 iobagiouibus
335 3889 445 3936 eorum
462 3872 648 3953 prenotatis,
664 3871 719 3936 lite
737 3871 895 3953 pendente
912 3870 996 3933 inter
1012 3870 1115 3951 ipsos3
1131 3887 1229 3949 super

107 3999 164 4060 quo
180 4031 186 4044 .
203 4030 209 4044 .
226 3980 421 4064 precipimus
438 4030 444 4043 .
459 4028 466 4042 .
483 3985 642 4060 quatenus
668 3979 767 4042 unudr
794 3977 842 4041 vel
859 3977 938 4040 duos
964 3989 1003 4038 ex
1030 3975 1117 4038 vobis
1142 3975 1227 4037 viros

106 4087 226 4154 idoncos
252 4090 491 4164 transmittatis,
517 4089 572 4171 qui
599 4087 640 4152 ab
666 4085 814 4151 omnibus
841 4085 957 4169 quibus
983 4085 1076 4148 decet
1092 4087 1125 4146 et
1141 4082 1226 4160 licet,

106 4199 201 4264 sciant
216 4205 248 4263 et
264 4199 433 4281 inquirant
458 4197 497 4261 de
522 4197 694 4279 premissis,
720 4194 903 4278 specialiter
928 4193 967 4258 de
983 4213 1020 4256 eo
1046 4192 1073 4256 si
1098 4189 1225 4254 easdem

106 4311 200 4370 terras
216 4305 355 4371 arabiles
381 4307 468 4370 intra
486 4310 588 4370 motas
605 4303 689 4367 dicte
706 4302 915 4384 possessionis
932 4300 1109 4363 existentes
1135 4299 1223 4362 orari

105 4421 133 4476 et
154 4413 303 4478 seminari
329 4413 463 4477 fecerint
487 4433 545 4476 uec
571 4433 618 4489 ne,
644 4409 860 4474 omnimodam
885 4409 1064 4484 veritatem,
1093 4405 1223 4470 videant

105 4523 196 4585 eciam
214 4521 274 4586 fide
292 4521 439 4599 oculata,
463 4525 582 4603 etpost
598 4521 664 4588 hec.
685 4524 782 4600 prout
799 4515 887 4580 vobis
904 4516 1022 4579 veritas
1039 4513 1221 4577 constiterit

106 4633 333 4714 premissorum,
349 4629 441 4693 nobis
458 4627 595 4692 fideliter
612 4627 805 4690 rescribatis.
833 4623 958 4688 Datum
975 4622 1076 4698 Bude,
1092 4623 1125 4684 in
1143 4619 1223 4684 sesto
