3180 5470
539 479 633 539 1350.
650 493 717 540 aun.
736 477 763 537 5.
1182 482 1242 542 391

114 655 280 721 vinearum
306 676 345 719 ac
370 654 531 738 quoddam
562 653 703 722 leuatum
730 677 829 738 prope
855 657 958 742 ipsam
973 659 1084 724 villam
1109 680 1129 723 a
1154 665 1248 741 parte

114 763 368 846 septemtrionali
384 763 542 844 adiacens,
560 761 645 845 quod
662 769 795 829 actenus
811 767 1029 846 prenominati
1044 765 1201 832 Nicolaus
1212 773 1244 832 et

114 871 258 936 Michael
284 872 380 938 simul
396 872 624 957 possedissent,
640 873 743 940 eidem
760 871 898 940 Nicolac
923 877 1093 942 cessissent
1117 877 1151 942 in
1176 898 1248 960 por·

114 981 227 1064 rienes,
245 981 359 1065 cuique
375 983 518 1066 ipsorum
547 1004 606 1048 sua
630 983 739 1066 porcio
764 1005 836 1049 cum
852 985 999 1052 omnibus
1016 987 1082 1052 suis
1099 984 1247 1050 utilitati-

115 1089 172 1152 bus
189 1090 384 1172 possidsnda
400 1097 433 1156 et
448 1091 618 1172 habenda3
634 1094 710 1158 item
726 1095 959 1176 possessiouem
975 1096 1117 1178 ipsorum
1128 1093 1248 1160 Sedfeu

118 1205 273 1280 vocatam,
289 1204 394 1264 terras
411 1200 551 1266 arabiles
567 1201 863 1284 prenominatorum
888 1203 1122 1286 possessionum
1142 1201 1248 1287 Weylr

114 1312 146 1370 et
160 1305 336 1390 Kysfolud
354 1327 391 1372 ac
407 1307 530 1390 prefate
547 1308 755 1390 possessionis
773 1307 900 1388 Sedfeu‚
917 1331 1039 1376 necnon
1055 1311 1163 1375 sancta
1188 1332 1247 1394 pro

114 1413 338 1499 iobagicnibus
364 1422 451 1498 apta,
477 1438 538 1499 quc
564 1417 671 1482 adhuc
702 1425 809 1482 essent
833 1418 978 1500 indivisa,
1005 1421 1105 1485 eciam
1131 1421 1246 1484 intres

114 1523 245 1604 equales
261 1529 372 1607 partes
387 1525 472 1588 inter
483 1545 516 1588 se
527 1523 669 1589 dividere
686 1533 907 1592 assumserunt
922 1548 1029 1594 coram
1044 1527 1153 1608 nobis3
1170 1529 1246 1596 item

114 1631 162 1694 ius
179 1636 376 1713 patronatus
393 1633 615 1715 prenominate
632 1633 764 1698 ecclesie
775 1635 878 1700 sancti
895 1632 1037 1719 Georgii,
1054 1637 1238 1702 molendina

113 1763 222 1824 aquas,
250 1740 372 1821 fluvios,
389 1743 494 1821 silvas
520 1742 638 1826 ubique
664 1743 706 1808 ad
737 1744 841 1810 dictas
867 1747 1081 1830 possessiones
1098 1749 1242 1830 ipsorum

114 1857 304 1934 spectantes,
334 1851 367 1915 in
392 1852 551 1918 communi
576 1853 662 1918 inter
698 1875 731 1918 se
762 1854 930 1938 reliquisse
959 1861 1035 1921 sunt
1060 1855 1242 1922 confessi..

113 1961 236 2025 Datum
263 1961 297 2023 in
324 1961 444 2024 octavis
469 1960 542 2024 festi
567 1959 747 2026 nativitatis
772 1961 859 2027 beati
891 1962 1052 2032 dohannis
1085 1963 1246 2047 Baptista,

112 2091 195 2134 anno
212 2069 334 2134 domini
351 2068 526 2135 Millesimo
542 2069 663 2138 OOO¹¹¹⁰
685 2071 959 2156 quinquagesimo.

218 2248 372 2312 Hatlapjan
399 2249 490 2312 pec-ret
512 2249 688 2314 nyornaira13
708 2250 838 2314 eredetije
860 2268 893 2302 az
916 2268 985 2303 craz.
1007 2255 1038 2303 lt.
1063 2252 1162 2303 kinost.
1176 2257 1243 2302 oszt.

114 2343 148 2392 N.
159 2345 193 2393 R.
208 2345 241 2392 A.
258 2347 319 2393 572.
334 2347 376 2393 32.
390 2343 457 2407 dipl.
472 2347 539 2393 oszt.
554 2349 632 2394 4135.
652 2345 751 2394 Kozli:
773 2346 879 2396 Kovacs
892 2347 925 2396 N.

641 2781 714 2842 234.

117 2957 208 3022 1350.
227 2957 440 3041 Nogyrdrcd,
449 2957 512 3040 jul.
529 2958 559 3020 5.
587 2957 721 3042 Gerssqely
737 2981 756 3020 a
781 2957 896 3022 adradi
915 2959 1039 3044 piiapiilo
1069 2961 1241 3023 oioariosa'·

112 3065 176 3128 irak
200 3065 320 3150 biroja,
346 3066 488 3153 biroayos
513 3067 611 3130 hilder
626 3070 657 3129 e's
682 3067 852 3150 hczorndag
876 3067 1031 3152 dolpcibon
1057 3091 1077 3130 a
1094 3066 1244 3153 felekaelo

558 3173 727 3237 talassos
743 3173 793 3238 od.

220 3353 291 3419 Nos
318 3351 495 3437 Gregorius
519 3353 660 3418 iudex..
686 3353 833 3436 magistri
862 3353 1030 3419 Benedicti
1049 3355 1179 3420 lectoris
1197 3377 1245 3419 ec·

111 3464 209 3528 clesie
238 3461 507 3527 Waradiensis..
531 3459 739 3529 Demetrii..
765 3461 905 3546 episcopi
935 3462 996 3528 loci
1033 3462 1174 3528 eiusdem
1200 3463 1245 3528 vi·

111 3573 191 3637 rarii
208 3571 377 3655 generalis
394 3570 506 3636 damus
518 3591 576 3653 pro
588 3571 750 3648 memoria,
768 3569 854 3652 quod
875 3591 1013 3648 causam,
1034 3591 1129 3650 quam
1147 3569 1244 3635 Ladi-

112 3681 201 3745 slaus
218 3679 303 3744 filius
320 3678 411 3743 Milic
427 3679 466 3744 de
482 3677 577 3744 Hora
603 3680 658 3760 qui
683 3679 896 3762 personaliter
920 3679 1108 3760 comparuit,
1132 3685 1246 3744 contra

111 3788 299 3852 Johanuem
316 3785 417 3852 filium
432 3784 616 3851 Alexandri
641 3787 680 3850 de
697 3786 860 3853 Vanchud
885 3785 940 3870 qui
965 3785 1114 3852 similiter
1138 3807 1244 3869 perso-

111 3897 231 3962 naliter
247 3895 361 3973 astiti,
378 3895 468 3959 imrta
484 3895 719 3961 continenciam
729 3897 872 3978 priorum
882 3894 1049 3958 literarum
1059 3899 1244 3959 nostrarum

110 4007 143 4069 in
161 4006 283 4070 octavis
309 4003 382 4068 festi
409 4003 587 4069 nativitatis
604 4004 706 4068 sancti
731 4002 893 4066 «Iohannis
918 4002 1067 4086 Baptista
1090 4002 1123 4065 in
1140 4000 1244 4085 figura

110 4111 224 4178 iudicii
241 4111 361 4176 domini
378 4111 480 4175 nostri
505 4131 613 4176 coram
637 4109 727 4174 nobis
752 4129 877 4174 movere
893 4108 1042 4188 habebat,
1059 4109 1135 4192 quia
1159 4108 1243 4174 idem

110 4219 286 4288 Ladislaus
301 4219 442 4302 litigium
459 4241 552 4284 suum
568 4239 664 4302 super
688 4218 772 4283 fracto
789 4217 871 4282 dotis
888 4223 919 4281 et
934 4238 1043 4282 rerum
1059 4216 1244 4299 paraserna-
1312 4253 1323 4272 ,κ

110 4331 192 4394 lium
209 4328 337 4394 dominc
354 4327 423 4392 avie
440 4347 495 4391 sue
512 4327 706 4403 declarabat
721 4326 962 4408 prenominatus
978 4324 1147 4389 aohannes
1158 4323 1244 4390 filius

111 4434 295 4503 Alexandri
312 4437 380 4500 sine
396 4456 552 4501 consensu
568 4437 787 4519 proximorum
804 4455 935 4499 snorum
946 4430 1009 4497 non
1020 4433 1244 4516 respondebat,

111 4542 184 4608 ideo
199 4544 304 4626 ipsam
322 4563 452 4609 causam
470 4543 511 4608 ad
527 4549 657 4608 octavas
673 4543 746 4607 festi
763 4543 865 4607 sancti
876 4539 901 4606 J
902 4540 991 4606 acobi
1012 4540 1148 4624 apostoli
1160 4563 1246 4606 nunc

112 4659 266 4716 venturas
282 4651 475 4735 peremtoria
491 4650 640 4718 duximus
657 4649 903 4734 prorogandam.
921 4649 1045 4714 Datum
1061 4647 1244 4728 Waradini,
