3180 5466
479 637 573 698 1352.
592 655 690 697 usar.
709 639 759 698 22.
1135 637 1198 698 561

73 816 226 898 porcionis
258 817 359 880 altere
390 815 522 880 dimidie
555 815 742 898 septimane,
763 813 907 896 prefatus
933 811 1113 897 Gregorius
1140 813 1200 878 sub

74 923 162 987 titulo
179 922 463 1006 impignoracionis
479 922 576 987 habet
592 929 625 986 et
640 923 792 1005 possidet,
809 923 898 986 cuius
915 923 1015 986 eciam
1032 921 1156 1005 relique
1168 926 1201 985 et

73 1032 194 1095 residue
229 1039 337 1114 partes
364 1052 420 1097 seu
446 1033 614 1114 porciones
639 1029 793 1095 Michaeli
820 1051 945 1113 magno,
970 1028 1106 1094 Nicolao
1130 1029 1197 1094 filio

76 1139 158 1204 sele
175 1147 208 1203 et
224 1140 339 1204 Bakou
356 1140 423 1204 filio
440 1139 570 1204 Nicolai
586 1139 645 1204 filii
661 1139 785 1204 Elekus
800 1140 1012 1204 dinoscuntur
1027 1139 1201 1221 pertinere,

74 1269 140 1311 curn
158 1249 224 1312 suis
242 1247 438 1313 utilitatibus
464 1249 505 1312 ad
523 1247 681 1331 prefatam
698 1248 879 1330 porcionem
906 1248 1007 1329 ipsius
1027 1245 1202 1310 molendini

72 1355 311 1436 pertinentibus,
337 1356 376 1420 de
402 1377 558 1420 consensu
575 1407 605 1422 ..
630 1356 847 1439 predictorum
880 1354 1052 1419 Michaelis
1083 1355 1201 1438 magni,

72 1461 193 1527 Nicolai
211 1463 269 1526 lilii
286 1463 374 1528 Belre
401 1472 434 1527 et
458 1464 575 1528 Bakou
601 1462 657 1527 tilii
683 1461 822 1534 Nicolai,
840 1463 1025 1546 supradicto
1042 1459 1201 1546 Gregorio

73 1569 131 1634 lilio
157 1571 316 1637 Kelemen
343 1573 460 1655 magni,
477 1594 535 1654 pro
562 1572 675 1652 quinta
701 1571 834 1636 dimidia
860 1593 969 1636 marca
984 1571 1198 1650 denariorum,

75 1679 246 1760 quamlibet
262 1701 403 1745 marcam
421 1703 493 1746 cum
511 1703 565 1745 sex
582 1679 689 1763 pensis
715 1680 939 1763 computando
960 1680 1053 1768 plene
1078 1679 1201 1745 habitis

75 1797 103 1852 et
119 1792 256 1874 receptis
273 1791 314 1854 ab
330 1791 449 1870 eodem,
475 1797 508 1854 et
534 1813 590 1872 per
615 1812 686 1852 cum
713 1789 779 1853 suis
796 1789 969 1854 heredibus
986 1839 992 1852 .
1011 1841 1017 1853 .
1041 1787 1201 1853 vendidis-

74 1907 116 1960 set
131 1947 161 1960 ..
186 1899 256 1961 iure
284 1905 484 1981 perpetuo..
510 1895 734 1978 possidendam
753 1947 782 1960 ..
808 1894 896 1960 nullo
922 1896 1050 1979 penitus
1074 1902 1200 1960 contra-

73 2005 186 2070 dictore
204 2007 370 2070 existente.
402 2003 527 2070 Datum
544 2004 625 2068 feria
651 2003 792 2068 secunda
811 2005 957 2086 proxima
974 2009 1047 2086 post
1061 2002 1197 2068 domini-

74 2135 136 2175 cam
152 2113 283 2190 Letare
300 2135 384 2177 anno
400 2113 520 2176 domini
536 2111 610 2176 M¹¹¹⁰
628 2109 748 2179 OOCmo
766 2112 1034 2195 quinquagesimo
1050 2114 1191 2178 secundo

175 2277 198 2324 A
212 2276 374 2339 pecsvdradi
384 2275 557 2326 conventuali
574 2279 649 2326 1358.
663 2275 728 2338 maj.
745 2275 824 2325 10-tn
839 2290 946 2325 »comes
961 2275 1109 2342 Gregorius
1125 2277 1198 2326 illius

73 2367 195 2414 lielcmen
213 2368 317 2432 magni,
331 2367 414 2416 iudex
426 2367 459 2415 de
473 2367 587 2416 civitate
601 2367 789 2416 waradiensi«
801 2366 951 2416 kerelmere
961 2367 1072 2416 kiadott
1085 2367 1199 2418 ttirata·

72 2455 122 2518 bol,
134 2458 262 2518 melynek
277 2455 407 2520 eredetije
420 2471 538 2521 megvan
560 2471 592 2504 az
615 2471 683 2504 orsz.
698 2459 729 2505 lt.
743 2457 842 2506 kincst.
857 2461 924 2505 oszt.
947 2457 980 2505 N.
995 2457 1028 2505 R.
1043 2458 1075 2505 A.
1091 2462 1150 2507 605.
1172 2461 1201 2505 7.

74 2546 132 2608 dipl.
147 2554 215 2595 cszt.
231 2551 310 2596 3683.
330 2547 430 2596 Kozli:
451 2546 558 2595 Koraos
572 2547 604 2594 N.

595 2890 667 2950 348.

75 3049 162 3110 lasa.
181 3060 275 3112 anari.
292 3051 344 3111 22.
372 3049 704 3113 Akolozsnroaostcri
730 3060 860 3112 convent
877 3025 987 3136 Epped
1013 3052 1136 3137 erde‘lpi
1152 3053 1198 3115 al-

73 3157 234 3242 rcjdc'uuk
241 3157 370 3242 jelcnti,
384 3158 465 3242 lropp
481 3155 539 3222 Usi
549 3158 674 3220 Ivdnku
694 3161 724 3220 e's
736 3159 818 3220 Both
827 3158 880 3236 fia
895 3157 959 3222 Ga‘l
969 3161 1081 3240 bozon,
1094 3160 1197 3222 Milto'-

72 3265 143 3324 tellrc
159 3288 243 3349 capp
262 3265 445 3328 illurltlru‘zu
471 3275 552 3328 corut
568 3267 738 3330 trrtoktan
756 3291 776 3328 a
795 3267 1002 3353 bustrirjn'ruist
1018 3269 1199 3352 telp'esitettc.

172 3427 339 3509 ..Egidio
365 3427 571 3512 vicevoyvode
598 3429 828 3494 rPranssilrano
860 3437 1034 3495 conventus
1067 3431 1198 3496 ecclesie

70 3533 157 3596 beate
175 3533 309 3616 virginis
335 3535 374 3598 de
399 3536 670 3602 Olusmunustura
688 3586 693 3597 .
711 3589 716 3601 .
742 3537 854 3602 literas
870 3537 1013 3602 amicicie
1042 3544 1171 3602 vestre.

72 3643 244 3724 recepimus
261 3644 294 3706 in
310 3643 370 3706 hec
386 3645 485 3708 verba
502 3697 507 3709 .
526 3697 532 3709 .
557 3646 727 3710 conventui
743 3645 874 3710 ecclesie
890 3645 982 3710 beate
1002 3646 1135 3729 virginis
1159 3647 1199 3711 de

75 3749 344 3815 tllusmunustura
362 3803 391 3818 ..
416 3753 553 3834 Egidius
579 3753 785 3837 vicevoyvoda
803 3753 1052 3818 Transsilvanus
1071 3806 1076 3818 .
1095 3804 1101 3818 .
1126 3775 1197 3818 cum

75 3855 202 3921 lwanka
218 3858 258 3921 de
271 3857 317 3922 Vs
330 3865 361 3922 et
377 3860 530 3942 magister
548 3859 665 3927 Gallus
680 3861 765 3925 filius
781 3861 869 3926 Both
885 3863 1013 3926 racione
1031 3861 1196 3928 cuiusdam

73 3965 225 4043 particule
242 3971 328 4030 terre
345 3966 484 4050 litigiose
501 3969 710 4052 Mykotelclry
721 3971 785 4034 alio
796 3971 922 4035 nomine
933 3969 1199 4034 Markbazaeleu-

71 4069 147 4135 fclde
165 4074 329 4136 nominate
347 4076 380 4138 in
397 4075 600 4157 presentibus
618 4077 736 4140 octaris
761 4077 835 4141 festi
853 4077 956 4142 sancti
972 4077 1109 4142 Martini
1126 4099 1198 4143 cou-

75 4177 196 4243 lessoris
213 4183 359 4263 proxime
384 4205 468 4247 nunc
484 4185 639 4266 preteriti,
657 4207 695 4249 ex
712 4187 921 4268 permissione
938 4193 1049 4250 nostra
1065 4186 1198 4250 iudicia-

71 4288 114 4348 ria
130 4309 163 4350 se
181 4287 318 4351 arbitrio
339 4289 510 4372 proborum
536 4291 676 4354 virorum
702 4313 760 4373 per
785 4293 912 4356 eosdem
937 4293 1198 4359 adducendorum

75 4395 103 4454 in
119 4395 171 4458 die
187 4395 286 4460 medii
304 4394 560 4480 Quadragesime
577 4401 721 4482 proxime
732 4423 816 4465 nunc
827 4410 969 4479 venturo,
980 4401 1013 4465 in
1024 4401 1105 4466 facie
1116 4403 1198 4466 eius·

71 4503 136 4564 ‹lem
153 4505 314 4585 particule
332 4511 417 4570 terre
434 4507 503 4571 fieri
529 4507 685 4587 debend0,
701 4517 797 4592 prout
821 4511 854 4574 in
870 4509 943 4575 aliis
959 4509 1062 4574 literis
1079 4511 1197 4575 nostris

34 4669 35 4690 χ
72 4609 269 4694 obligatoriis
286 4614 411 4695 plenius
428 4617 619 4692 continetur,
630 4617 849 4683 submiserunt
866 4641 973 4684 coram
990 4619 1089 4696 nobis,
1107 4625 1141 4683 et
1158 4619 1199 4683 ad

71 4719 159 4783 huius
176 4722 224 4785 rei
241 4723 410 4787 veritatem
438 4724 606 4788 videndam
633 4733 664 4789 et
690 4727 886 4792 resciendam
913 4728 1132 4792 testimonium
1150 4750 1198 4790 ve-

35 4821 37 4896 l
72 4836 168 4890 strum
186 4829 361 4912 plurimum
378 4831 496 4895 existat
513 4834 736 4911 necessarium,
749 4835 850 4916 igitur
861 4836 1040 4899 amiciciam
1058 4843 1195 4899 vestram

36 4921 38 4938 .

36 4941 39 4994 l
111 4963 264 4998 irrouuonr
281 4951 453 5002 osuiurrs'r.
472 4965 496 5002 v.
509 4957 603 5004 rovira.
1056 4969 1088 5011 36
