3188 5470
498 521 594 585 1349.
609 540 678 586 uua.
697 521 749 584 26.
1126 525 1189 588 289

71 706 160 764 lamen
178 700 257 782 quis
272 700 306 764 in
323 698 409 764 facto
425 700 568 766 eiusdem
589 702 799 782 possessionis
824 723 896 768 oum
921 703 1077 788 predictis
1106 702 1190 767 Zou-

70 809 133 873 ardo
147 815 181 874 et
197 808 376 874 Benedieto
392 807 466 872 filiis
481 806 616 874 Andree
643 829 681 874 ac
706 808 859 874 Johanne
884 809 950 876 filio
978 810 1107 876 Nicolai
1133 811 1189 875 ha-

70 918 143 982 beret
152 915 476 1002 composicionem,ob
486 917 547 982 hoc
556 937 683 982 omnem
693 919 942 1002 acquisicionem
953 941 1050 1002 quam
1060 919 1189 986 racione

69 1028 208 1109 premissa
221 1033 334 1092 contra
344 1027 449 1109 ipsum
466 1027 659 1110 magistrum
670 1028 809 1094 Paulum
819 1027 923 1094 filium
935 1027 1074 1106 Kulohe,
1086 1028 1189 1094 eidem

69 1135 279 1212 renunciandq
295 1156 375 1218 pure
401 1142 434 1200 et
464 1135 653 1220 simpliciter
683 1137 863 1201 relaxasset
894 1157 1002 1203 coram
1032 1142 1190 1202 conuentu

68 1249 240 1326 prenotato,
263 1244 310 1308 ita
326 1250 444 1324 tamen,
461 1245 547 1327 quod
565 1245 591 1308 si
608 1243 664 1308 illa
680 1244 872 1328 composicio
897 1243 991 1311 firma
1016 1267 1054 1310 ac
1079 1245 1189 1311 immo·
1244 1237 1248 1250 '

69 1350 127 1416 bilis
142 1352 228 1416 inter
243 1353 350 1434 ipsum
366 1352 531 1418 dominum
547 1353 732 1435 episcopum
748 1359 780 1418 et
795 1352 879 1418 filios
898 1352 1040 1432 Andros,
1065 1353 1090 1419 J
1091 1354 1189 1420 chan-

70 1479 128 1523 nem
143 1457 363 1525 eeiam'filium
381 1457 511 1524 Nicolai
544 1465 653 1543 posset
678 1460 834 1525 stabilire.
860 1460 929 1526 Nos
946 1460 1103 1542 siquidem
1119 1481 1189 1546 per-

66 1566 134 1632 lecto
167 1567 311 1650 ipsarum
346 1566 514 1632 literarum
546 1573 721 1633 conventus
762 1570 866 1634 sancti
891 1567 1050 1652 Stephani
1077 1575 1184 1651 proto-

67 1675 196 1740 martiris
212 1675 251 1739 de
267 1675 487 1759 promontorio
497 1675 707 1742 Waradiensi
724 1685 843 1754 tenore,
853 1677 887 1742 in
897 1677 1127 1760 premissorum
1140 1678 1187 1741 rei

67 1785 273 1848 testimonium
306 1783 417 1848 literas
449 1791 577 1848 nostras
606 1789 754 1868 patentes
786 1785 936 1851 duximus
967 1785 1186 1851 concedendas

66 1892 212 1956 communi
223 1892 353 1957 iusticia
362 1891 522 1956 suadente.
539 1892 664 1956 Datum
674 1891 777 1971 Bude,
793 1892 982 1958 duodecimo
992 1893 1043 1958 die
1054 1894 1184 1958 termini

65 1999 241 2082 supradicti,
258 2020 343 2064 anno
359 1999 479 2064 domini
495 1999 548 2064 Μ0
572 1997 720 2082 ((10οω0)
736 2000 841 2066 XL¹³¹⁰
857 2021 949 2066 nono.

144 2144 296 2208 Hetlapjsn
306 2157 381 2210 nagy
392 2143 482 2205 peccet
493 2142 677 2194 eoredekeivel
690 2161 695 2207 ;
718 2159 735 2193 a
747 2143 915 2195 keltezesbtl
927 2161 943 2194 u
956 2145 1180 2194 »trecentesimus

67 2235 210 2299 kimaradt;
230 2233 362 2297 erodetije
385 2247 417 2282 az
439 2247 508 2282 orsa.
531 2234 562 2282 lt.
577 2233 676 2282 kiucst.
693 2240 760 2283 oszt.
774 2235 807 2284 N.
821 2236 854 2284 R.
869 2236 901 2283 A.
917 2239 976 2284 856.
1000 2241 1021 2284 l.
1037 2234 1103 2298 dipl.
1118 2240 1186 2284 oszt.

67 2331 134 2374 4o33.
154 2325 254 2374 Kozli:
275 2325 383 2374 Kovtcs
396 2325 430 2372 N.

583 2581 654 2644 156.

63 2721 148 2782 1349.
165 2719 378 2806 Nappudrcd,
388 2726 461 2806 jau.
482 2725 533 2785 96.
551 2721 699 2786 Demeter
724 2721 840 2786 euracli
860 2723 999 2808 pitspdk,
1030 2725 1182 2809 pestisteu

60 2827 145 2888 ellult
161 2827 313 2890 delectat
329 2829 585 2914 tizcdszedt'je‘nek
602 2831 707 2894 Batos
726 2829 894 2895 Jenosnat
913 2829 1184 2912 tolleresszdlleit,

57 2934 243 2999 losszucszdi
259 2937 289 2998 e's
301 2936 400 3000 tcakei
416 2937 570 3022 tisztp'eaelc
594 2938 685 3024 Napy
712 2937 915 3002 Bencdekuelr
941 2939 1182 3024 udomdnyoaza.

155 3077 226 3144 Nos
243 3079 428 3145 Demetrius
445 3133 451 3146 .
469 3131 475 3144 .
492 3082 660 3165 episcopus
671 3079 897 3147 Waradiensis
913 3083 1132 3166 significamus
1151 3134 1158 3148 .
1177 3133 1184 3148 .

56 3186 136 3265 quod
152 3209 226 3252 cum
242 3189 391 3270 potencia
409 3188 517 3253 divina
533 3209 590 3272 per
605 3195 729 3272 pestem
745 3189 941 3254 indicibilem
957 3211 1041 3255 anno
1058 3191 1092 3256 in
1108 3213 1180 3276 pre-

54 3295 131 3359 senti
142 3295 204 3359 sub
214 3317 299 3360 anno
310 3296 430 3361 domini
440 3297 515 3362 Μυαο
527 3293 610 3364 000
622 3305 648 3334 ¹¹⁰
659 3295 764 3362 ΧΙιῐιιο
776 3317 859 3362 nono
870 3303 1086 3380 emergentem
1102 3299 1183 3362 mul·

56 3413 157 3471 torum
174 3407 273 3472 vitam
289 3408 501 3492 temporalem
519 3407 581 3472 fine
600 3407 777 3473 inevitabili
803 3406 1000 3484 contulisset,
1026 3413 1059 3471 et
1085 3426 1184 3487 quon·

53 3513 124 3578 «lam
148 3515 320 3581 Johannes
345 3515 453 3580 Bobos
478 3515 564 3580 filius
597 3515 735 3580 Martini
760 3515 887 3598 iobagio
919 3521 1027 3579 noster
1052 3514 1091 3577 de
1116 3514 1184 3578 vieo

54 3621 198 3689 Veneeia
212 3630 333 3702 vocato,
349 3631 480 3690 exactor
495 3624 692 3690 decimarum
709 3631 893 3690 nostrarum
906 3623 945 3688 de
955 3621 1114 3700 Kalaeha,
1129 3643 1185 3706 po·

52 3731 112 3794 sita
127 3731 297 3796 nobiscum
313 3731 451 3810 racione,
468 3731 559 3796 nobis
575 3731 705 3796 racione
730 3731 891 3798 dictarum
916 3729 1115 3793 deeimarum
1130 3749 1184 3792 no

52 3844 197 3903 strsrum
226 3839 260 3903 in
287 3837 507 3920 quadraginta
533 3837 649 3902 marcis
674 3835 881 3901 denariorum
906 3837 1033 3902 debitur
1059 3858 1184 3902 reman-

53 3947 153 4025 sisset,
183 3953 217 4010 et
240 3968 298 4031 per
323 3947 458 4012 eandem
484 3951 608 4030 pestem
632 3943 778 4009 debitum
809 3946 955 4009 universe
981 3945 1088 4009 carnis
1113 3966 1184 4029 per·

49 4053 207 4131 solvisset,
222 4075 278 4120 nos
304 4055 474 4121 ecclesiam
489 4061 633 4119 nostram
653 4053 798 4118 nolentes
823 4052 857 4116 in
882 4051 999 4117 damno
1022 4053 1183 4118 dictarum

50 4164 277 4246 quadragenta
301 4184 484 4229 marcarum
509 4163 701 4244 relinquere,
728 4182 801 4225 cum
826 4160 865 4225 de
891 4160 1101 4226 facultatibus
1128 4182 1184 4226 sen

48 4270 143 4336 rebus
161 4270 306 4336 eiusdem
331 4291 405 4336 cum
431 4271 547 4353 quibus
566 4291 624 4334 nos
648 4269 788 4354 persolvi
812 4268 1002 4333 deberemur
1027 4268 1183 4334 sciscitari

49 4379 254 4462 cepissemus,
271 4399 322 4443 res
338 4399 396 4443 sue
421 4378 483 4442 alie
508 4382 717 4461 preterquam
743 4375 860 4441 fundus
881 4397 958 4442 suus
975 4377 1008 4441 in
1025 4377 1095 4442 uico
1111 4397 1183 4458 pre·

48 4487 130 4553 dicto
158 4485 304 4554 Veneria
328 4493 441 4552 uocato
467 4485 615 4562 existens,
631 4491 664 4549 et
688 4483 750 4550 due
776 4485 874 4564 vinee,
902 4503 1039 4566 quarum
1067 4484 1182 4548 unuin

47 4601 156 4659 monte
173 4592 299 4676 leas,
316 4594 367 4658 eui
385 4615 424 4658 ex
440 4599 532 4676 parte
548 4591 682 4658 orientis
698 4592 792 4657 vines
807 4591 940 4657 ecclesie
954 4590 993 4655 de
1006 4591 1184 4658 Bezermen
1255 4655 1259 4666 ,

47 4715 78 4766 et
93 4725 112 4768 a
129 4702 235 4786 plaga
258 4701 404 4767 meridiei
432 4701 524 4766 vinea
549 4701 697 4766 Ladislai
723 4699 781 4764 filii
808 4699 964 4784 Stephani
990 4700 1183 4780 vicinantur,

87 4835 246 4873 asoouiroui
261 4823 432 4871 exsaturata.
449 4835 475 4872 v.
491 4827 587 4873 xllrrrr.
1043 4831 1073 4880 19
