<?xml version="1.0" encoding="UTF-8"?>
<!DOCTYPE html PUBLIC "-//W3C//DTD XHTML 1.0 Transitional//EN"
    "http://www.w3.org/TR/xhtml1/DTD/xhtml1-transitional.dtd">
<html xmlns="http://www.w3.org/1999/xhtml" xml:lang="en" lang="en">
 <head>
  <title>
</title>
<meta http-equiv="Content-Type" content="text/html;charset=utf-8" />
  <meta name='ocr-system' content='tesseract 3.04.00' />
  <meta name='ocr-capabilities' content='ocr_page ocr_carea ocr_par ocr_line ocrx_word'/>
</head>
<body>
  <div class='ocr_page' id='page_1' title='image "./codexdiplomatic06nagygoog_0160.png"; bbox 0 0 3138 5462; ppageno 0'>
   <div class='ocr_carea' id='block_1_1' title="bbox 511 459 1195 527">
    <p class='ocr_par' dir='ltr' id='par_1_1' title="bbox 511 459 1195 527">
     <span class='ocr_line' id='line_1_1' title="bbox 511 459 1195 527; baseline -0.003 -7"><span class='ocrx_word' id='word_1_1' title='bbox 511 459 606 523; x_wconf 75' lang='lat'><strong>1347.</strong></span> <span class='ocrx_word' id='word_1_2' title='bbox 624 477 693 522; x_wconf 83' lang='lat' dir='ltr'><strong>our.</strong></span> <span class='ocrx_word' id='word_1_3' title='bbox 712 461 762 522; x_wconf 79' lang='lat'><strong>18.</strong></span> <span class='ocrx_word' id='word_1_4' title='bbox 1133 465 1195 527; x_wconf 81' lang='lat'><strong>147</strong></span> 
     </span>
    </p>
   </div>
   <div class='ocr_carea' id='block_1_2' title="bbox 78 635 1202 4181">
    <p class='ocr_par' dir='ltr' id='par_1_2' title="bbox 78 635 1202 4181">
     <span class='ocr_line' id='line_1_2' title="bbox 87 635 1202 725; baseline 0.003 -23"><span class='ocrx_word' id='word_1_5' title='bbox 87 637 158 702; x_wconf 86' lang='lat' dir='ltr'><strong>filios</strong></span> <span class='ocrx_word' id='word_1_6' title='bbox 182 635 270 720; x_wconf 91' lang='lat' dir='ltr'><strong>Opcr</strong></span> <span class='ocrx_word' id='word_1_7' title='bbox 295 636 438 720; x_wconf 86' lang='lat' dir='ltr'><strong>obligata</strong></span> <span class='ocrx_word' id='word_1_8' title='bbox 469 637 584 702; x_wconf 86' lang='lat' dir='ltr'><strong>inisset</strong></span> <span class='ocrx_word' id='word_1_9' title='bbox 608 659 668 722; x_wconf 92' lang='lat' dir='ltr'><strong>pro</strong></span> <span class='ocrx_word' id='word_1_10' title='bbox 687 637 821 722; x_wconf 88' lang='lat' dir='ltr'><strong>pignore</strong></span> <span class='ocrx_word' id='word_1_11' title='bbox 847 647 879 705; x_wconf 90' lang='lat' dir='ltr'><strong>et</strong></span> <span class='ocrx_word' id='word_1_12' title='bbox 905 641 988 706; x_wconf 86' lang='lat' dir='ltr'><strong>sient</strong></span> <span class='ocrx_word' id='word_1_13' title='bbox 1014 641 1082 725; x_wconf 90' lang='lat' dir='ltr'><strong>ipse</strong></span> <span class='ocrx_word' id='word_1_14' title='bbox 1100 661 1202 724; x_wconf 88' lang='lat' dir='ltr'><strong>usqne</strong></span> 
     </span>
     <span class='ocr_line' id='line_1_3' title="bbox 87 745 1201 831; baseline 0.002 -21"><span class='ocrx_word' id='word_1_15' title='bbox 87 767 160 810; x_wconf 91' lang='lat' dir='ltr'><strong>nunc</strong></span> <span class='ocrx_word' id='word_1_16' title='bbox 175 745 376 828; x_wconf 82' lang='lat' dir='ltr'><strong>possedisset,</strong></span> <span class='ocrx_word' id='word_1_17' title='bbox 391 745 472 810; x_wconf 85' lang='lat' dir='ltr'>nihil</span> <span class='ocrx_word' id='word_1_18' title='bbox 490 745 550 810; x_wconf 93' lang='lat' dir='ltr'><strong>sibi</strong></span> <span class='ocrx_word' id='word_1_19' title='bbox 567 745 734 811; x_wconf 88' lang='lat' dir='ltr'><strong>decadem</strong></span> <span class='ocrx_word' id='word_1_20' title='bbox 751 747 944 831; x_wconf 82' lang='lat' dir='ltr'><strong>reliquisset,</strong></span> <span class='ocrx_word' id='word_1_21' title='bbox 970 748 1025 814; x_wconf 92' lang='lat' dir='ltr'><strong>sed</strong></span> <span class='ocrx_word' id='word_1_22' title='bbox 1043 750 1075 812; x_wconf 92' lang='lat' dir='ltr'><strong>in</strong></span> <span class='ocrx_word' id='word_1_23' title='bbox 1092 769 1201 812; x_wconf 86' lang='lat' dir='ltr'><strong>verum</strong></span> 
     </span>
     <span class='ocr_line' id='line_1_4' title="bbox 87 851 1202 939; baseline 0.003 -23"><span class='ocrx_word' id='word_1_24' title='bbox 87 853 248 917; x_wconf 90' lang='lat' dir='ltr'><strong>dominium</strong></span> <span class='ocrx_word' id='word_1_25' title='bbox 280 853 364 936; x_wconf 83' lang='lat' dir='ltr'><strong>dicte</strong></span> <span class='ocrx_word' id='word_1_26' title='bbox 388 852 598 937; x_wconf 85' lang='lat' dir='ltr'><strong>possessionis</strong></span> <span class='ocrx_word' id='word_1_27' title='bbox 625 851 742 918; x_wconf 87' lang='lat' dir='ltr'><strong>Sumus</strong></span> <span class='ocrx_word' id='word_1_28' title='bbox 768 855 1009 934; x_wconf 88' lang='lat' dir='ltr'><strong>introducendo,</strong></span> <span class='ocrx_word' id='word_1_29' title='bbox 1041 855 1202 939; x_wconf 89' lang='lat' dir='ltr'><strong>sepedicto</strong></span> 
     </span>
     <span class='ocr_line' id='line_1_5' title="bbox 87 959 1202 1048; baseline 0.003 -23"><span class='ocrx_word' id='word_1_30' title='bbox 87 963 227 1044; x_wconf 84' lang='lat' dir='ltr'><strong>magistro</strong></span> <span class='ocrx_word' id='word_1_31' title='bbox 251 959 385 1026; x_wconf 85' lang='lat' dir='ltr'><strong>Andree</strong></span> <span class='ocrx_word' id='word_1_32' title='bbox 410 960 531 1042; x_wconf 85' lang='lat' dir='ltr'><strong>absque</strong></span> <span class='ocrx_word' id='word_1_33' title='bbox 557 961 812 1028; x_wconf 89' lang='lat' dir='ltr'><strong>contradiocione</strong></span> <span class='ocrx_word' id='word_1_34' title='bbox 838 963 983 1048; x_wconf 89' lang='lat' dir='ltr'><strong>aliquali,</strong></span> <span class='ocrx_word' id='word_1_35' title='bbox 1008 985 1067 1030; x_wconf 91' lang='lat' dir='ltr'><strong>uec</strong></span> <span class='ocrx_word' id='word_1_36' title='bbox 1092 964 1202 1045; x_wconf 87' lang='lat' dir='ltr'><strong>aliquo</strong></span> 
     </span>
     <span class='ocr_line' id='line_1_6' title="bbox 88 1069 1200 1156; baseline 0.002 -22"><span class='ocrx_word' id='word_1_37' title='bbox 88 1069 141 1134; x_wconf 90' lang='lat' dir='ltr'><strong>alio</strong></span> <span class='ocrx_word' id='word_1_38' title='bbox 156 1069 389 1134; x_wconf 75' lang='lat' dir='ltr'><strong>contradictore</strong></span> <span class='ocrx_word' id='word_1_39' title='bbox 408 1071 575 1152; x_wconf 89' lang='lat' dir='ltr'><strong>existente,</strong></span> <span class='ocrx_word' id='word_1_40' title='bbox 592 1071 760 1136; x_wconf 83' lang='lat' dir='ltr'><strong>statuisset</strong></span> <span class='ocrx_word' id='word_1_41' title='bbox 784 1079 941 1156; x_wconf 88' lang='lat' dir='ltr'><strong>perpetuo</strong></span> <span class='ocrx_word' id='word_1_42' title='bbox 966 1071 1200 1156; x_wconf 82' lang='lat' dir='ltr'><strong>possidendam.</strong></span> 
     </span>
     <span class='ocr_line' id='line_1_7' title="bbox 86 1177 1200 1264; baseline 0.003 -22"><span class='ocrx_word' id='word_1_43' title='bbox 86 1179 165 1242; x_wconf 78' lang='lat' dir='ltr'><strong>Inter</strong></span> <span class='ocrx_word' id='word_1_44' title='bbox 181 1177 322 1260; x_wconf 86' lang='lat' dir='ltr'><strong>prefatas</strong></span> <span class='ocrx_word' id='word_1_45' title='bbox 338 1199 413 1242; x_wconf 91' lang='lat' dir='ltr'><strong>vero</strong></span> <span class='ocrx_word' id='word_1_46' title='bbox 429 1179 653 1261; x_wconf 91' lang='lat' dir='ltr'><strong>possessiones,</strong></span> <span class='ocrx_word' id='word_1_47' title='bbox 670 1178 792 1244; x_wconf 89' lang='lat' dir='ltr'><strong>scilicet</strong></span> <span class='ocrx_word' id='word_1_48' title='bbox 811 1182 1043 1264; x_wconf 90' lang='lat' dir='ltr'><strong>possessionem</strong></span> <span class='ocrx_word' id='word_1_49' title='bbox 1059 1181 1200 1246; x_wconf 92' lang='lat' dir='ltr'><strong>eiusdem</strong></span> 
     </span>
     <span class='ocr_line' id='line_1_8' title="bbox 86 1284 1200 1372; baseline 0.003 -23"><span class='ocrx_word' id='word_1_50' title='bbox 86 1284 228 1368; x_wconf 84' lang='lat' dir='ltr'><strong>Stephani</strong></span> <span class='ocrx_word' id='word_1_51' title='bbox 244 1284 304 1350; x_wconf 90' lang='lat' dir='ltr'><strong>filii</strong></span> <span class='ocrx_word' id='word_1_52' title='bbox 320 1284 477 1369; x_wconf 83' lang='lat' dir='ltr'><strong>Stephani</strong></span> <span class='ocrx_word' id='word_1_53' title='bbox 491 1285 698 1370; x_wconf 85' lang='lat' dir='ltr'><strong>Dyankiolua</strong></span> <span class='ocrx_word' id='word_1_54' title='bbox 710 1285 792 1372; x_wconf 85' lang='lat' dir='ltr'><strong>(igy)</strong></span> <span class='ocrx_word' id='word_1_55' title='bbox 804 1295 957 1368; x_wconf 87' lang='lat' dir='ltr'><strong>vocatam,</strong></span> <span class='ocrx_word' id='word_1_56' title='bbox 974 1311 1012 1354; x_wconf 91' lang='lat' dir='ltr'><strong>ae</strong></span> <span class='ocrx_word' id='word_1_57' title='bbox 1023 1289 1200 1372; x_wconf 90' lang='lat' dir='ltr'><strong>supradicti</strong></span> 
     </span>
     <span class='ocr_line' id='line_1_9' title="bbox 86 1391 1200 1482; baseline 0.004 -25"><span class='ocrx_word' id='word_1_58' title='bbox 86 1395 218 1476; x_wconf 85' lang='lat' dir='ltr'><strong>magistri</strong></span> <span class='ocrx_word' id='word_1_59' title='bbox 234 1391 368 1458; x_wconf 87' lang='lat' dir='ltr'><strong>Andree</strong></span> <span class='ocrx_word' id='word_1_60' title='bbox 383 1391 441 1458; x_wconf 92' lang='lat' dir='ltr'><strong>filii</strong></span> <span class='ocrx_word' id='word_1_61' title='bbox 457 1392 586 1458; x_wconf 89' lang='lat' dir='ltr'><strong>Nicolai</strong></span> <span class='ocrx_word' id='word_1_62' title='bbox 602 1393 804 1460; x_wconf 86' lang='lat' dir='ltr'><strong>Zoleznnzad</strong></span> <span class='ocrx_word' id='word_1_63' title='bbox 821 1402 975 1479; x_wconf 89' lang='lat' dir='ltr'><strong>vocatam,</strong></span> <span class='ocrx_word' id='word_1_64' title='bbox 992 1417 1050 1482; x_wconf 92' lang='lat' dir='ltr'><strong>per</strong></span> <span class='ocrx_word' id='word_1_65' title='bbox 1075 1401 1200 1461; x_wconf 88' lang='lat' dir='ltr'><strong>veteres</strong></span> 
     </span>
     <span class='ocr_line' id='line_1_10' title="bbox 84 1500 1198 1585; baseline 0.003 -19"><span class='ocrx_word' id='word_1_66' title='bbox 84 1507 172 1566; x_wconf 89' lang='lat' dir='ltr'><strong>metas</strong></span> <span class='ocrx_word' id='word_1_67' title='bbox 196 1508 229 1566; x_wconf 90' lang='lat' dir='ltr'><strong>et</strong></span> <span class='ocrx_word' id='word_1_68' title='bbox 254 1503 405 1585; x_wconf 89' lang='lat' dir='ltr'><strong>antiquas</strong></span> <span class='ocrx_word' id='word_1_69' title='bbox 430 1500 669 1584; x_wconf 89' lang='lat' dir='ltr'><strong>reambulando,</strong></span> <span class='ocrx_word' id='word_1_70' title='bbox 695 1503 782 1585; x_wconf 87' lang='lat' dir='ltr'><strong>ipsas</strong></span> <span class='ocrx_word' id='word_1_71' title='bbox 807 1509 931 1569; x_wconf 89' lang='lat' dir='ltr'><strong>veteres</strong></span> <span class='ocrx_word' id='word_1_72' title='bbox 947 1509 1050 1569; x_wconf 86' lang='lat' dir='ltr'><strong>metas</strong></span> <span class='ocrx_word' id='word_1_73' title='bbox 1067 1511 1099 1569; x_wconf 90' lang='lat' dir='ltr'><strong>et</strong></span> <span class='ocrx_word' id='word_1_74' title='bbox 1115 1505 1198 1570; x_wconf 90' lang='lat' dir='ltr'><strong>anti-</strong></span> 
     </span>
     <span class='ocr_line' id='line_1_11' title="bbox 85 1608 1197 1696; baseline 0.004 -24"><span class='ocrx_word' id='word_1_75' title='bbox 85 1629 152 1691; x_wconf 88' lang='lat' dir='ltr'><strong>quas</strong></span> <span class='ocrx_word' id='word_1_76' title='bbox 176 1615 399 1674; x_wconf 83' lang='lat' dir='ltr'><strong>renovassent:</strong></span> <span class='ocrx_word' id='word_1_77' title='bbox 423 1608 606 1690; x_wconf 88' lang='lat' dir='ltr'><strong>incipiendo</strong></span> <span class='ocrx_word' id='word_1_78' title='bbox 631 1611 736 1692; x_wconf 91' lang='lat' dir='ltr'><strong>primo</strong></span> <span class='ocrx_word' id='word_1_79' title='bbox 753 1617 785 1675; x_wconf 91' lang='lat' dir='ltr'><strong>et</strong></span> <span class='ocrx_word' id='word_1_80' title='bbox 802 1611 1025 1696; x_wconf 79' lang='lat' dir='ltr'><strong>principaliter</strong></span> <span class='ocrx_word' id='word_1_81' title='bbox 1041 1633 1060 1676; x_wconf 88' lang='lat' dir='ltr'><strong>a</strong></span> <span class='ocrx_word' id='word_1_82' title='bbox 1077 1609 1197 1694; x_wconf 83' lang='lat' dir='ltr'><strong>Surky·</strong></span> 
     </span>
     <span class='ocr_line' id='line_1_12' title="bbox 84 1716 1200 1801; baseline 0.002 -21"><span class='ocrx_word' id='word_1_83' title='bbox 84 1716 157 1795; x_wconf 85' lang='lat' dir='ltr'><strong>bora,</strong></span> <span class='ocrx_word' id='word_1_84' title='bbox 172 1718 263 1782; x_wconf 85' lang='lat' dir='ltr'><strong>iuxta</strong></span> <span class='ocrx_word' id='word_1_85' title='bbox 289 1718 460 1798; x_wconf 89' lang='lat' dir='ltr'><strong>antiquum</strong></span> <span class='ocrx_word' id='word_1_86' title='bbox 485 1722 616 1800; x_wconf 91' lang='lat' dir='ltr'><strong>portum</strong></span> <span class='ocrx_word' id='word_1_87' title='bbox 641 1717 819 1801; x_wconf 83' lang='lat' dir='ltr'><strong>vulgariter</strong></span> <span class='ocrx_word' id='word_1_88' title='bbox 844 1717 938 1785; x_wconf 82' lang='lat' dir='ltr'><strong>Orevv</strong></span> <span class='ocrx_word' id='word_1_89' title='bbox 963 1725 1121 1796; x_wconf 90' lang='lat' dir='ltr'><strong>vocatum,</strong></span> <span class='ocrx_word' id='word_1_90' title='bbox 1146 1719 1200 1783; x_wconf 94' lang='lat' dir='ltr'><strong>ubi</strong></span> 
     </span>
     <span class='ocr_line' id='line_1_13' title="bbox 83 1825 1200 1909; baseline 0.002 -22"><span class='ocrx_word' id='word_1_91' title='bbox 83 1831 147 1889; x_wconf 83' lang='lat' dir='ltr'><strong>sunt</strong></span> <span class='ocrx_word' id='word_1_92' title='bbox 161 1825 222 1890; x_wconf 90' lang='lat' dir='ltr'><strong>due</strong></span> <span class='ocrx_word' id='word_1_93' title='bbox 239 1847 318 1890; x_wconf 89' lang='lat' dir='ltr'><strong>nove</strong></span> <span class='ocrx_word' id='word_1_94' title='bbox 334 1831 418 1890; x_wconf 90' lang='lat' dir='ltr'><strong>mete</strong></span> <span class='ocrx_word' id='word_1_95' title='bbox 442 1833 546 1889; x_wconf 90' lang='lat' dir='ltr'><strong>terree</strong></span> <span class='ocrx_word' id='word_1_96' title='bbox 563 1846 621 1908; x_wconf 91' lang='lat' dir='ltr'><strong>per</strong></span> <span class='ocrx_word' id='word_1_97' title='bbox 636 1826 721 1909; x_wconf 91' lang='lat' dir='ltr'><strong>ipsos</strong></span> <span class='ocrx_word' id='word_1_98' title='bbox 737 1831 851 1906; x_wconf 88' lang='lat' dir='ltr'><strong>erecte,</strong></span> <span class='ocrx_word' id='word_1_99' title='bbox 877 1827 951 1891; x_wconf 93' lang='lat' dir='ltr'><strong>inde</strong></span> <span class='ocrx_word' id='word_1_100' title='bbox 967 1827 1075 1892; x_wconf 89' lang='lat' dir='ltr'><strong>tendit</strong></span> <span class='ocrx_word' id='word_1_101' title='bbox 1090 1847 1200 1891; x_wconf 89' lang='lat' dir='ltr'><strong>versus</strong></span> 
     </span>
     <span class='ocr_line' id='line_1_14' title="bbox 84 1932 1200 2015; baseline 0 -19"><span class='ocrx_word' id='word_1_102' title='bbox 84 1939 196 2015; x_wconf 88' lang='lat' dir='ltr'><strong>partem</strong></span> <span class='ocrx_word' id='word_1_103' title='bbox 227 1933 470 1998; x_wconf 89' lang='lat' dir='ltr'><strong>meridionalem</strong></span> <span class='ocrx_word' id='word_1_104' title='bbox 496 1933 537 1997; x_wconf 89' lang='lat' dir='ltr'><strong>ad</strong></span> <span class='ocrx_word' id='word_1_105' title='bbox 562 1933 709 1998; x_wconf 86' lang='lat' dir='ltr'><strong>arborem</strong></span> <span class='ocrx_word' id='word_1_106' title='bbox 735 1933 835 1998; x_wconf 84' lang='lat' dir='ltr'><strong>turffa</strong></span> <span class='ocrx_word' id='word_1_107' title='bbox 865 1938 1019 2012; x_wconf 86' lang='lat' dir='ltr'><strong>vocatam,</strong></span> <span class='ocrx_word' id='word_1_108' title='bbox 1051 1932 1110 1998; x_wconf 92' lang='lat' dir='ltr'><strong>sub</strong></span> <span class='ocrx_word' id='word_1_109' title='bbox 1135 1954 1200 2014; x_wconf 93' lang='lat' dir='ltr'><strong>qua</strong></span> 
     </span>
     <span class='ocr_line' id='line_1_15' title="bbox 83 2040 1198 2120; baseline 0.001 -17"><span class='ocrx_word' id='word_1_110' title='bbox 83 2044 246 2106; x_wconf 84' lang='lat' dir='ltr'><strong>erexissent</strong></span> <span class='ocrx_word' id='word_1_111' title='bbox 269 2041 350 2106; x_wconf 89' lang='lat' dir='ltr'><strong>duas</strong></span> <span class='ocrx_word' id='word_1_112' title='bbox 375 2047 477 2106; x_wconf 88' lang='lat' dir='ltr'><strong>metes</strong></span> <span class='ocrx_word' id='word_1_113' title='bbox 509 2045 641 2120; x_wconf 88' lang='lat' dir='ltr'><strong>terreas,</strong></span> <span class='ocrx_word' id='word_1_114' title='bbox 672 2041 790 2106; x_wconf 90' lang='lat' dir='ltr'><strong>abhinc</strong></span> <span class='ocrx_word' id='word_1_115' title='bbox 815 2041 856 2106; x_wconf 88' lang='lat' dir='ltr'><strong>ad</strong></span> <span class='ocrx_word' id='word_1_116' title='bbox 878 2042 1026 2106; x_wconf 91' lang='lat' dir='ltr'><strong>arborem</strong></span> <span class='ocrx_word' id='word_1_117' title='bbox 1051 2041 1115 2120; x_wconf 85' lang='lat' dir='ltr'><strong>tvl,</strong></span> <span class='ocrx_word' id='word_1_118' title='bbox 1144 2040 1198 2105; x_wconf 94' lang='lat' dir='ltr'><strong>nbi</strong></span> 
     </span>
     <span class='ocr_line' id='line_1_16' title="bbox 83 2148 1197 2230; baseline 0.002 -18"><span class='ocrx_word' id='word_1_119' title='bbox 83 2150 220 2214; x_wconf 88' lang='lat' dir='ltr'><strong>similiter</strong></span> <span class='ocrx_word' id='word_1_120' title='bbox 245 2151 423 2214; x_wconf 86' lang='lat' dir='ltr'><strong>erexissent</strong></span> <span class='ocrx_word' id='word_1_121' title='bbox 447 2148 528 2214; x_wconf 90' lang='lat' dir='ltr'><strong>duas</strong></span> <span class='ocrx_word' id='word_1_122' title='bbox 553 2156 656 2216; x_wconf 89' lang='lat' dir='ltr'><strong>metas</strong></span> <span class='ocrx_word' id='word_1_123' title='bbox 680 2157 814 2230; x_wconf 87' lang='lat' dir='ltr'><strong>terreas,</strong></span> <span class='ocrx_word' id='word_1_124' title='bbox 840 2149 955 2214; x_wconf 93' lang='lat' dir='ltr'><strong>deinde</strong></span> <span class='ocrx_word' id='word_1_125' title='bbox 980 2150 1022 2215; x_wconf 88' lang='lat' dir='ltr'><strong>ad</strong></span> <span class='ocrx_word' id='word_1_126' title='bbox 1049 2149 1197 2215; x_wconf 83' lang='lat' dir='ltr'><strong>arborem</strong></span> 
     </span>
     <span class='ocr_line' id='line_1_17' title="bbox 84 2256 1200 2342; baseline 0 -21"><span class='ocrx_word' id='word_1_127' title='bbox 84 2258 185 2342; x_wconf 74' lang='lat' dir='ltr'><strong>nynia</strong></span> <span class='ocrx_word' id='word_1_128' title='bbox 200 2264 356 2335; x_wconf 86' lang='lat' dir='ltr'><strong>vocatam,</strong></span> <span class='ocrx_word' id='word_1_129' title='bbox 380 2257 436 2321; x_wconf 92' lang='lat' dir='ltr'><strong>ubi</strong></span> <span class='ocrx_word' id='word_1_130' title='bbox 462 2256 610 2322; x_wconf 88' lang='lat' dir='ltr'><strong>similiter</strong></span> <span class='ocrx_word' id='word_1_131' title='bbox 634 2259 811 2323; x_wconf 84' lang='lat' dir='ltr'><strong>erexissent</strong></span> <span class='ocrx_word' id='word_1_132' title='bbox 836 2259 917 2324; x_wconf 91' lang='lat' dir='ltr'><strong>duas</strong></span> <span class='ocrx_word' id='word_1_133' title='bbox 942 2265 1044 2322; x_wconf 88' lang='lat' dir='ltr'><strong>metas</strong></span> <span class='ocrx_word' id='word_1_134' title='bbox 1068 2264 1200 2340; x_wconf 86' lang='lat' dir='ltr'><strong>terreas,</strong></span> 
     </span>
     <span class='ocr_line' id='line_1_18' title="bbox 81 2364 1199 2454; baseline 0 -26"><span class='ocrx_word' id='word_1_135' title='bbox 81 2365 146 2428; x_wconf 90' lang='lat' dir='ltr'><strong>inde</strong></span> <span class='ocrx_word' id='word_1_136' title='bbox 160 2365 360 2454; x_wconf 84' lang='lat' dir='ltr'><strong>procedendo</strong></span> <span class='ocrx_word' id='word_1_137' title='bbox 387 2365 515 2428; x_wconf 85' lang='lat' dir='ltr'><strong>venitur</strong></span> <span class='ocrx_word' id='word_1_138' title='bbox 532 2365 572 2429; x_wconf 89' lang='lat' dir='ltr'><strong>ad</strong></span> <span class='ocrx_word' id='word_1_139' title='bbox 590 2364 671 2429; x_wconf 90' lang='lat' dir='ltr'><strong>duas</strong></span> <span class='ocrx_word' id='word_1_140' title='bbox 687 2369 790 2430; x_wconf 88' lang='lat' dir='ltr'><strong>metas</strong></span> <span class='ocrx_word' id='word_1_141' title='bbox 816 2371 939 2429; x_wconf 88' lang='lat' dir='ltr'><strong>terreas</strong></span> <span class='ocrx_word' id='word_1_142' title='bbox 952 2366 1042 2430; x_wconf 86' lang='lat' dir='ltr'><strong>iuxta</strong></span> <span class='ocrx_word' id='word_1_143' title='bbox 1059 2372 1199 2447; x_wconf 87' lang='lat' dir='ltr'><strong>pratum,</strong></span> 
     </span>
     <span class='ocr_line' id='line_1_19' title="bbox 81 2471 1199 2556; baseline 0 -20"><span class='ocrx_word' id='word_1_144' title='bbox 81 2474 183 2538; x_wconf 82' lang='lat' dir='ltr'><strong>exhinc</strong></span> <span class='ocrx_word' id='word_1_145' title='bbox 199 2473 337 2538; x_wconf 88' lang='lat' dir='ltr'><strong>ulterius</strong></span> <span class='ocrx_word' id='word_1_146' title='bbox 359 2471 569 2556; x_wconf 85' lang='lat' dir='ltr'><strong>procedendo,</strong></span> <span class='ocrx_word' id='word_1_147' title='bbox 594 2471 743 2536; x_wconf 89' lang='lat' dir='ltr'><strong>similiter</strong></span> <span class='ocrx_word' id='word_1_148' title='bbox 758 2492 868 2536; x_wconf 91' lang='lat' dir='ltr'><strong>versus</strong></span> <span class='ocrx_word' id='word_1_149' title='bbox 893 2472 1059 2536; x_wconf 89' lang='lat' dir='ltr'><strong>meridiem</strong></span> <span class='ocrx_word' id='word_1_150' title='bbox 1075 2472 1142 2536; x_wconf 89' lang='lat' dir='ltr'><strong>itur</strong></span> <span class='ocrx_word' id='word_1_151' title='bbox 1158 2473 1199 2536; x_wconf 90' lang='lat' dir='ltr'><strong>ad</strong></span> 
     </span>
     <span class='ocr_line' id='line_1_20' title="bbox 81 2578 1197 2663; baseline 0.001 -20"><span class='ocrx_word' id='word_1_152' title='bbox 81 2603 165 2645; x_wconf 89' lang='lat' dir='ltr'><strong>unam</strong></span> <span class='ocrx_word' id='word_1_153' title='bbox 191 2601 342 2663; x_wconf 85' lang='lat' dir='ltr'><strong>magnam</strong></span> <span class='ocrx_word' id='word_1_154' title='bbox 369 2579 516 2644; x_wconf 89' lang='lat' dir='ltr'><strong>arborem</strong></span> <span class='ocrx_word' id='word_1_155' title='bbox 542 2578 633 2658; x_wconf 87' lang='lat' dir='ltr'><strong>tulsu,</strong></span> <span class='ocrx_word' id='word_1_156' title='bbox 664 2580 724 2644; x_wconf 91' lang='lat' dir='ltr'><strong>sub</strong></span> <span class='ocrx_word' id='word_1_157' title='bbox 750 2601 815 2661; x_wconf 87' lang='lat' dir='ltr'><strong>qua</strong></span> <span class='ocrx_word' id='word_1_158' title='bbox 840 2580 922 2646; x_wconf 90' lang='lat' dir='ltr'><strong>duas</strong></span> <span class='ocrx_word' id='word_1_159' title='bbox 947 2587 1070 2644; x_wconf 90' lang='lat' dir='ltr'><strong>terreas</strong></span> <span class='ocrx_word' id='word_1_160' title='bbox 1095 2586 1197 2644; x_wconf 87' lang='lat' dir='ltr'><strong>metas</strong></span> 
     </span>
     <span class='ocr_line' id='line_1_21' title="bbox 79 2681 1194 2771; baseline -0.002 -17"><span class='ocrx_word' id='word_1_161' title='bbox 79 2690 250 2768; x_wconf 86' lang='lat' dir='ltr'><strong>erexissent,</strong></span> <span class='ocrx_word' id='word_1_162' title='bbox 267 2708 331 2770; x_wconf 89' lang='lat' dir='ltr'><strong>que</strong></span> <span class='ocrx_word' id='word_1_163' title='bbox 347 2693 412 2753; x_wconf 89' lang='lat' dir='ltr'><strong>stat</strong></span> <span class='ocrx_word' id='word_1_164' title='bbox 428 2689 520 2752; x_wconf 87' lang='lat' dir='ltr'><strong>iuxta</strong></span> <span class='ocrx_word' id='word_1_165' title='bbox 535 2707 685 2770; x_wconf 87' lang='lat' dir='ltr'><strong>magnam</strong></span> <span class='ocrx_word' id='word_1_166' title='bbox 702 2681 823 2766; x_wconf 89' lang='lat' dir='ltr'><strong>silvam,</strong></span> <span class='ocrx_word' id='word_1_167' title='bbox 844 2709 941 2769; x_wconf 91' lang='lat' dir='ltr'><strong>quam</strong></span> <span class='ocrx_word' id='word_1_168' title='bbox 967 2687 1089 2753; x_wconf 88' lang='lat' dir='ltr'><strong>scilicet</strong></span> <span class='ocrx_word' id='word_1_169' title='bbox 1104 2709 1194 2771; x_wconf 89' lang='lat' dir='ltr'><strong>sepa-</strong></span> 
     </span>
     <span class='ocr_line' id='line_1_22' title="bbox 78 2796 1191 2882; baseline -0.003 -21"><span class='ocrx_word' id='word_1_170' title='bbox 78 2806 179 2864; x_wconf 87' lang='lat' dir='ltr'><strong>rarent</strong></span> <span class='ocrx_word' id='word_1_171' title='bbox 196 2801 329 2882; x_wconf 89' lang='lat' dir='ltr'><strong>antique</strong></span> <span class='ocrx_word' id='word_1_172' title='bbox 354 2803 447 2875; x_wconf 88' lang='lat' dir='ltr'><strong>mete,</strong></span> <span class='ocrx_word' id='word_1_173' title='bbox 472 2802 629 2880; x_wconf 86' lang='lat' dir='ltr'><strong>exparte</strong></span> <span class='ocrx_word' id='word_1_174' title='bbox 654 2797 827 2862; x_wconf 89' lang='lat' dir='ltr'><strong>occidentis</strong></span> <span class='ocrx_word' id='word_1_175' title='bbox 853 2798 1000 2862; x_wconf 87' lang='lat' dir='ltr'><strong>cessisset</strong></span> <span class='ocrx_word' id='word_1_176' title='bbox 1025 2796 1191 2880; x_wconf 87' lang='lat' dir='ltr'><strong>Stephano</strong></span> 
     </span>
     <span class='ocr_line' id='line_1_23' title="bbox 78 2906 1190 2993; baseline -0.004 -20"><span class='ocrx_word' id='word_1_177' title='bbox 78 2909 136 2974; x_wconf 88' lang='lat' dir='ltr'><strong>lilio</strong></span> <span class='ocrx_word' id='word_1_178' title='bbox 152 2909 309 2993; x_wconf 87' lang='lat' dir='ltr'><strong>Stephani</strong></span> <span class='ocrx_word' id='word_1_179' title='bbox 324 2907 364 2972; x_wconf 91' lang='lat' dir='ltr'><strong>de</strong></span> <span class='ocrx_word' id='word_1_180' title='bbox 379 2907 543 2985; x_wconf 81' lang='lat' dir='ltr'><strong>Morouth</strong></span> <span class='ocrx_word' id='word_1_181' title='bbox 560 2929 580 2971; x_wconf 91' lang='lat' dir='ltr'><strong>a</strong></span> <span class='ocrx_word' id='word_1_182' title='bbox 595 2912 689 2989; x_wconf 88' lang='lat' dir='ltr'><strong>parte</strong></span> <span class='ocrx_word' id='word_1_183' title='bbox 713 2927 787 2970; x_wconf 88' lang='lat' dir='ltr'><strong>vero</strong></span> <span class='ocrx_word' id='word_1_184' title='bbox 812 2907 945 2970; x_wconf 89' lang='lat' dir='ltr'><strong>orientis</strong></span> <span class='ocrx_word' id='word_1_185' title='bbox 961 2906 1108 2970; x_wconf 86' lang='lat' dir='ltr'><strong>cessisset</strong></span> <span class='ocrx_word' id='word_1_186' title='bbox 1123 2926 1190 2969; x_wconf 88' lang='lat' dir='ltr'><strong>ma·</strong></span> 
     </span>
     <span class='ocr_line' id='line_1_24' title="bbox 79 3013 1194 3100; baseline -0.004 -18"><span class='ocrx_word' id='word_1_187' title='bbox 79 3019 168 3100; x_wconf 85' lang='lat' dir='ltr'><strong>gistro</strong></span> <span class='ocrx_word' id='word_1_188' title='bbox 183 3016 316 3082; x_wconf 88' lang='lat' dir='ltr'><strong>Andree</strong></span> <span class='ocrx_word' id='word_1_189' title='bbox 332 3019 521 3100; x_wconf 80' lang='lat' dir='ltr'><strong>prenotat03</strong></span> <span class='ocrx_word' id='word_1_190' title='bbox 544 3020 576 3078; x_wconf 89' lang='lat' dir='ltr'><strong>et</strong></span> <span class='ocrx_word' id='word_1_191' title='bbox 592 3015 638 3079; x_wconf 92' lang='lat' dir='ltr'><strong>sic</strong></span> <span class='ocrx_word' id='word_1_192' title='bbox 654 3013 785 3096; x_wconf 86' lang='lat' dir='ltr'><strong>pacifice</strong></span> <span class='ocrx_word' id='word_1_193' title='bbox 811 3019 843 3078; x_wconf 89' lang='lat' dir='ltr'><strong>et</strong></span> <span class='ocrx_word' id='word_1_194' title='bbox 859 3015 967 3098; x_wconf 88' lang='lat' dir='ltr'><strong>quiete</strong></span> <span class='ocrx_word' id='word_1_195' title='bbox 992 3013 1034 3077; x_wconf 88' lang='lat' dir='ltr'><strong>ab</strong></span> <span class='ocrx_word' id='word_1_196' title='bbox 1059 3013 1194 3078; x_wconf 90' lang='lat' dir='ltr'><strong>invicem</strong></span> 
     </span>
     <span class='ocr_line' id='line_1_25' title="bbox 78 3121 1193 3210; baseline -0.004 -22"><span class='ocrx_word' id='word_1_197' title='bbox 78 3127 201 3190; x_wconf 87' lang='lat' dir='ltr'><strong>luissent</strong></span> <span class='ocrx_word' id='word_1_198' title='bbox 216 3147 275 3210; x_wconf 92' lang='lat' dir='ltr'><strong>per</strong></span> <span class='ocrx_word' id='word_1_199' title='bbox 290 3123 494 3208; x_wconf 89' lang='lat' dir='ltr'><strong>supradictas</strong></span> <span class='ocrx_word' id='word_1_200' title='bbox 519 3129 621 3188; x_wconf 89' lang='lat' dir='ltr'><strong>metas</strong></span> <span class='ocrx_word' id='word_1_201' title='bbox 637 3124 788 3206; x_wconf 90' lang='lat' dir='ltr'><strong>separati.</strong></span> <span class='ocrx_word' id='word_1_202' title='bbox 814 3121 938 3187; x_wconf 91' lang='lat' dir='ltr'><strong>Datum</strong></span> <span class='ocrx_word' id='word_1_203' title='bbox 963 3123 996 3186; x_wconf 90' lang='lat' dir='ltr'><strong>in</strong></span> <span class='ocrx_word' id='word_1_204' title='bbox 1023 3121 1193 3204; x_wconf 87' lang='lat' dir='ltr'><strong>quindenis</strong></span> 
     </span>
     <span class='ocr_line' id='line_1_26' title="bbox 79 3229 1194 3314; baseline -0.005 -16"><span class='ocrx_word' id='word_1_205' title='bbox 79 3233 143 3298; x_wconf 88' lang='lat' dir='ltr'><strong>lesti</strong></span> <span class='ocrx_word' id='word_1_206' title='bbox 158 3233 403 3300; x_wconf 87' lang='lat' dir='ltr'><strong>Purificacionis</strong></span> <span class='ocrx_word' id='word_1_207' title='bbox 420 3233 554 3314; x_wconf 88' lang='lat' dir='ltr'><strong>virginis</strong></span> <span class='ocrx_word' id='word_1_208' title='bbox 571 3231 715 3314; x_wconf 85' lang='lat' dir='ltr'><strong>gloriose,</strong></span> <span class='ocrx_word' id='word_1_209' title='bbox 732 3252 816 3294; x_wconf 92' lang='lat' dir='ltr'><strong>anno</strong></span> <span class='ocrx_word' id='word_1_210' title='bbox 833 3229 874 3294; x_wconf 89' lang='lat' dir='ltr'><strong>ab</strong></span> <span class='ocrx_word' id='word_1_211' title='bbox 899 3231 1124 3294; x_wconf 85' lang='lat' dir='ltr'><strong>incarnacione</strong></span> <span class='ocrx_word' id='word_1_212' title='bbox 1141 3229 1194 3293; x_wconf 92' lang='lat' dir='ltr'><strong>do·</strong></span> 
     </span>
     <span class='ocr_line' id='line_1_27' title="bbox 78 3335 1195 3428; baseline -0.004 -22"><span class='ocrx_word' id='word_1_213' title='bbox 78 3343 148 3406; x_wconf 90' lang='lat' dir='ltr'><strong>mini</strong></span> <span class='ocrx_word' id='word_1_214' title='bbox 164 3343 215 3407; x_wconf 87' lang='lat' dir='ltr'><strong>M⁰</strong></span> <span class='ocrx_word' id='word_1_215' title='bbox 238 3340 337 3408; x_wconf 76' lang='grc' dir='ltr'><strong>000ο</strong></span> <span class='ocrx_word' id='word_1_216' title='bbox 361 3339 465 3406; x_wconf 85' lang='lat' dir='ltr'>XL¹¹¹⁰</span> <span class='ocrx_word' id='word_1_217' title='bbox 481 3345 579 3404; x_wconf 89' lang='lat' dir='ltr'><strong>sexto.</strong></span> <span class='ocrx_word' id='word_1_218' title='bbox 603 3335 672 3404; x_wconf 85' lang='lat' dir='ltr'><strong>Nos</strong></span> <span class='ocrx_word' id='word_1_219' title='bbox 698 3339 798 3420; x_wconf 87' lang='lat' dir='ltr'><strong>igitur</strong></span> <span class='ocrx_word' id='word_1_220' title='bbox 823 3337 1035 3421; x_wconf 89' lang='lat' dir='ltr'><strong>peticionibus</strong></span> <span class='ocrx_word' id='word_1_221' title='bbox 1060 3336 1195 3428; x_wconf 89' lang='lat' dir='ltr'><strong>predicti</strong></span> 
     </span>
     <span class='ocr_line' id='line_1_28' title="bbox 79 3443 1196 3534; baseline -0.005 -20"><span class='ocrx_word' id='word_1_222' title='bbox 79 3449 224 3534; x_wconf 87' lang='lat' dir='ltr'><strong>Stephani</strong></span> <span class='ocrx_word' id='word_1_223' title='bbox 240 3449 300 3513; x_wconf 94' lang='lat' dir='ltr'><strong>filii</strong></span> <span class='ocrx_word' id='word_1_224' title='bbox 316 3447 488 3513; x_wconf 88' lang='lat' dir='ltr'><strong>Michaelis</strong></span> <span class='ocrx_word' id='word_1_225' title='bbox 507 3449 540 3510; x_wconf 95' lang='lat' dir='ltr'><strong>in</strong></span> <span class='ocrx_word' id='word_1_226' title='bbox 557 3468 694 3530; x_wconf 90' lang='lat' dir='ltr'><strong>persona</strong></span> <span class='ocrx_word' id='word_1_227' title='bbox 720 3445 797 3511; x_wconf 89' lang='lat' dir='ltr'><strong>dicti</strong></span> <span class='ocrx_word' id='word_1_228' title='bbox 823 3445 970 3528; x_wconf 84' lang='lat' dir='ltr'><strong>magistri</strong></span> <span class='ocrx_word' id='word_1_229' title='bbox 989 3443 1121 3509; x_wconf 86' lang='lat' dir='ltr'><strong>Andree</strong></span> <span class='ocrx_word' id='word_1_230' title='bbox 1138 3443 1196 3508; x_wconf 88' lang='lat' dir='ltr'><strong>filii</strong></span> 
     </span>
     <span class='ocr_line' id='line_1_29' title="bbox 80 3552 1196 3638; baseline -0.004 -18"><span class='ocrx_word' id='word_1_231' title='bbox 80 3557 195 3623; x_wconf 79' lang='lat' dir='ltr'><strong>Nicolai</strong></span> <span class='ocrx_word' id='word_1_232' title='bbox 219 3557 341 3623; x_wconf 92' lang='lat' dir='ltr'><strong>domini</strong></span> <span class='ocrx_word' id='word_1_233' title='bbox 365 3557 414 3621; x_wconf 89' lang='lat' dir='ltr'><strong>sui</strong></span> <span class='ocrx_word' id='word_1_234' title='bbox 441 3555 531 3619; x_wconf 92' lang='lat' dir='ltr'><strong>nobis</strong></span> <span class='ocrx_word' id='word_1_235' title='bbox 556 3555 711 3638; x_wconf 89' lang='lat' dir='ltr'><strong>porrectis</strong></span> <span class='ocrx_word' id='word_1_236' title='bbox 737 3604 743 3617; x_wconf 90' lang='lat'><em>.</em></span> <span class='ocrx_word' id='word_1_237' title='bbox 771 3605 777 3619; x_wconf 91' lang='lat'><strong>.</strong></span> <span class='ocrx_word' id='word_1_238' title='bbox 802 3553 1022 3618; x_wconf 80' lang='lat' dir='ltr'><strong>favorabiliter</strong></span> <span class='ocrx_word' id='word_1_239' title='bbox 1039 3552 1196 3630; x_wconf 87' lang='lat' dir='ltr'><strong>inclinati,</strong></span> 
     </span>
     <span class='ocr_line' id='line_1_30' title="bbox 79 3659 1189 3747; baseline -0.005 -17"><span class='ocrx_word' id='word_1_240' title='bbox 79 3666 226 3747; x_wconf 88' lang='lat' dir='ltr'><strong>predictas</strong></span> <span class='ocrx_word' id='word_1_241' title='bbox 242 3666 356 3729; x_wconf 88' lang='lat' dir='ltr'><strong>literas</strong></span> <span class='ocrx_word' id='word_1_242' title='bbox 371 3668 498 3728; x_wconf 89' lang='lat' dir='ltr'><strong>nostras</strong></span> <span class='ocrx_word' id='word_1_243' title='bbox 514 3669 547 3726; x_wconf 90' lang='lat' dir='ltr'><strong>et</strong></span> <span class='ocrx_word' id='word_1_244' title='bbox 562 3662 638 3726; x_wconf 90' lang='lat' dir='ltr'><strong>dicti</strong></span> <span class='ocrx_word' id='word_1_245' title='bbox 656 3663 791 3744; x_wconf 90' lang='lat' dir='ltr'><strong>capituli</strong></span> <span class='ocrx_word' id='word_1_246' title='bbox 801 3661 977 3726; x_wconf 84' lang='lat' dir='ltr'><strong>Bosnen&#39;sis</strong></span> <span class='ocrx_word' id='word_1_247' title='bbox 987 3665 1134 3744; x_wconf 90' lang='lat' dir='ltr'><strong>patentes</strong></span> <span class='ocrx_word' id='word_1_248' title='bbox 1150 3659 1189 3724; x_wconf 92' lang='lat' dir='ltr'><strong>de</strong></span> 
     </span>
     <span class='ocr_line' id='line_1_31' title="bbox 79 3768 1195 3855; baseline -0.005 -19"><span class='ocrx_word' id='word_1_249' title='bbox 79 3774 164 3838; x_wconf 86' lang='lat' dir='ltr'><strong>verbo</strong></span> <span class='ocrx_word' id='word_1_250' title='bbox 173 3774 213 3838; x_wconf 90' lang='lat' dir='ltr'><strong>ad</strong></span> <span class='ocrx_word' id='word_1_251' title='bbox 223 3772 355 3840; x_wconf 90' lang='lat' dir='ltr'><strong>verbum</strong></span> <span class='ocrx_word' id='word_1_252' title='bbox 372 3769 575 3855; x_wconf 86' lang='lat' dir='ltr'><strong>presentibus</strong></span> <span class='ocrx_word' id='word_1_253' title='bbox 586 3770 683 3834; x_wconf 90' lang='lat' dir='ltr'><strong>inseri</strong></span> <span class='ocrx_word' id='word_1_254' title='bbox 697 3776 729 3834; x_wconf 90' lang='lat' dir='ltr'><strong>et</strong></span> <span class='ocrx_word' id='word_1_255' title='bbox 739 3769 935 3845; x_wconf 89' lang='lat' dir='ltr'><strong>transscribi,</strong></span> <span class='ocrx_word' id='word_1_256' title='bbox 952 3769 984 3832; x_wconf 96' lang='lat' dir='ltr'><strong>in</strong></span> <span class='ocrx_word' id='word_1_257' title='bbox 997 3768 1195 3850; x_wconf 80' lang='lat' dir='ltr'><strong>formamque</strong></span> 
     </span>
     <span class='ocr_line' id='line_1_32' title="bbox 82 3875 1192 3966; baseline -0.006 -21"><span class='ocrx_word' id='word_1_258' title='bbox 82 3883 172 3947; x_wconf 89' lang='lat' dir='ltr'><strong>nostri</strong></span> <span class='ocrx_word' id='word_1_259' title='bbox 199 3879 361 3966; x_wconf 89' lang='lat' dir='ltr'><strong>privilegii</strong></span> <span class='ocrx_word' id='word_1_260' title='bbox 386 3879 488 3962; x_wconf 87' lang='lat' dir='ltr'><strong>redigi</strong></span> <span class='ocrx_word' id='word_1_261' title='bbox 521 3885 553 3943; x_wconf 90' lang='lat' dir='ltr'><strong>et</strong></span> <span class='ocrx_word' id='word_1_262' title='bbox 581 3878 679 3961; x_wconf 84' lang='lat' dir='ltr'><strong>sigilli</strong></span> <span class='ocrx_word' id='word_1_263' title='bbox 706 3879 808 3942; x_wconf 91' lang='lat' dir='ltr'><strong>nostri</strong></span> <span class='ocrx_word' id='word_1_264' title='bbox 844 3875 997 3942; x_wconf 87' lang='lat' dir='ltr'><strong>autentici</strong></span> <span class='ocrx_word' id='word_1_265' title='bbox 1024 3875 1192 3958; x_wconf 88' lang='lat' dir='ltr'><strong>pendentis</strong></span> 
     </span>
     <span class='ocr_line' id='line_1_33' title="bbox 79 3983 1195 4068; baseline -0.005 -16"><span class='ocrx_word' id='word_1_266' title='bbox 79 3991 241 4055; x_wconf 87' lang='lat' dir='ltr'><strong>munimine</strong></span> <span class='ocrx_word' id='word_1_267' title='bbox 258 3989 391 4053; x_wconf 90' lang='lat' dir='ltr'><strong>lecimus</strong></span> <span class='ocrx_word' id='word_1_268' title='bbox 411 3987 564 4052; x_wconf 87' lang='lat' dir='ltr'><strong>roborari.</strong></span> <span class='ocrx_word' id='word_1_269' title='bbox 582 3987 707 4051; x_wconf 89' lang='lat' dir='ltr'><strong>Datum</strong></span> <span class='ocrx_word' id='word_1_270' title='bbox 724 3985 825 4068; x_wconf 89' lang='lat' dir='ltr'><strong>Bude,</strong></span> <span class='ocrx_word' id='word_1_271' title='bbox 852 3987 884 4050; x_wconf 92' lang='lat' dir='ltr'><strong>in</strong></span> <span class='ocrx_word' id='word_1_272' title='bbox 901 3984 981 4050; x_wconf 88' lang='lat' dir='ltr'><strong>festo</strong></span> <span class='ocrx_word' id='word_1_273' title='bbox 1002 3983 1088 4048; x_wconf 90' lang='lat' dir='ltr'><strong>beati</strong></span> <span class='ocrx_word' id='word_1_274' title='bbox 1106 3983 1195 4048; x_wconf 87' lang='lat' dir='ltr'><strong>Luce</strong></span> 
     </span>
     <span class='ocr_line' id='line_1_34' title="bbox 79 4092 1128 4181; baseline -0.005 -22"><span class='ocrx_word' id='word_1_275' title='bbox 79 4099 270 4181; x_wconf 81' lang='lat' dir='ltr'><strong>evangeliste,</strong></span> <span class='ocrx_word' id='word_1_276' title='bbox 286 4117 371 4161; x_wconf 89' lang='lat' dir='ltr'><strong>anno</strong></span> <span class='ocrx_word' id='word_1_277' title='bbox 387 4096 507 4160; x_wconf 87' lang='lat' dir='ltr'><strong>domini</strong></span> <span class='ocrx_word' id='word_1_278' title='bbox 523 4094 575 4159; x_wconf 85' lang='grc' dir='ltr'><strong>Μο</strong></span> <span class='ocrx_word' id='word_1_279' title='bbox 599 4092 697 4160; x_wconf 80' lang='grc' dir='ltr'><strong>000ο</strong></span> <span class='ocrx_word' id='word_1_280' title='bbox 721 4094 968 4176; x_wconf 86' lang='lat' dir='ltr'><strong>quadragesimo</strong></span> <span class='ocrx_word' id='word_1_281' title='bbox 984 4093 1128 4176; x_wconf 91' lang='lat' dir='ltr'><strong>septimo.</strong></span> 
     </span>
    </p>
   </div>
   <div class='ocr_carea' id='block_1_3' title="bbox 79 4255 1194 4412">
    <p class='ocr_par' dir='ltr' id='par_1_3' title="bbox 79 4255 1194 4412">
     <span class='ocr_line' id='line_1_35' title="bbox 176 4255 1194 4324; baseline -0.008 -13"><span class='ocrx_word' id='word_1_282' title='bbox 176 4265 198 4310; x_wconf 80' lang='lat' dir='ltr'>A</span> <span class='ocrx_word' id='word_1_283' title='bbox 213 4262 305 4324; x_wconf 74' lang='lat' dir='ltr'><strong>pecset</strong></span> <span class='ocrx_word' id='word_1_284' title='bbox 319 4259 423 4310; x_wconf 70' lang='lat' dir='ltr'><strong>zdldes</strong></span> <span class='ocrx_word' id='word_1_285' title='bbox 445 4274 521 4308; x_wconf 85' lang='lat' dir='ltr'><strong>veras</strong></span> <span class='ocrx_word' id='word_1_286' title='bbox 544 4261 646 4321; x_wconf 84' lang='lat' dir='ltr'><strong>selyenr</strong></span> <span class='ocrx_word' id='word_1_287' title='bbox 668 4257 798 4306; x_wconf 85' lang='lat' dir='ltr'><strong>sodratun</strong></span> <span class='ocrx_word' id='word_1_288' title='bbox 822 4259 949 4320; x_wconf 56' lang='lat' dir='ltr'><strong>luggam</strong></span> <span class='ocrx_word' id='word_1_289' title='bbox 979 4255 1109 4320; x_wconf 86' lang='lat' dir='ltr'><strong>eredetije</strong></span> <span class='ocrx_word' id='word_1_290' title='bbox 1131 4271 1147 4304; x_wconf 88' lang='lat' dir='ltr'><strong>a</strong></span> <span class='ocrx_word' id='word_1_291' title='bbox 1161 4255 1194 4303; x_wconf 89' lang='lat' dir='ltr'><strong>N.</strong></span> 
     </span>
     <span class='ocr_line' id='line_1_36' title="bbox 79 4347 728 4412; baseline -0.005 -13"><span class='ocrx_word' id='word_1_292' title='bbox 79 4352 195 4400; x_wconf 78' lang='lat' dir='ltr'><strong>lluzenm</strong></span> <span class='ocrx_word' id='word_1_293' title='bbox 210 4351 433 4412; x_wconf 76' lang='lat' dir='ltr'><strong>kdnyvttraban.</strong></span> <span class='ocrx_word' id='word_1_294' title='bbox 454 4347 554 4397; x_wconf 76' lang='lat' dir='ltr'><strong>Korn:</strong></span> <span class='ocrx_word' id='word_1_295' title='bbox 574 4347 682 4398; x_wconf 75' lang='lat' dir='ltr'><strong>Kovtcs</strong></span> <span class='ocrx_word' id='word_1_296' title='bbox 696 4347 728 4396; x_wconf 88' lang='lat' dir='ltr'><strong>N.</strong></span> 
     </span>
    </p>
   </div>
   <div class='ocr_carea' id='block_1_4' title="bbox 555 4580 707 4590">
    <p class='ocr_par' dir='ltr' id='par_1_4' title="bbox 555 4580 707 4590">
     <span class='ocr_line' id='line_1_37' title="bbox 555 4580 707 4590; baseline -0.013 -2"><span class='ocrx_word' id='word_1_297' title='bbox 555 4580 707 4590; x_wconf 56' lang='grc' dir='ltr'>...κ-ι..</span> 
     </span>
    </p>
   </div>
   <div class='ocr_carea' id='block_1_5' title="bbox 0 0 1574 5462">
    <p class='ocr_par' dir='ltr' id='par_1_5' title="bbox 0 0 1574 5462">
     <span class='ocr_line' id='line_1_38' title="bbox 0 0 1574 5462; baseline 0 3"><span class='ocrx_word' id='word_1_298' title='bbox 0 0 1574 5462; x_wconf 95' lang='lat' dir='ltr'><strong> </strong></span> 
     </span>
    </p>
   </div>
  </div>
 </body>
</html>
