3180 5466
617 522 874 584 1351.s0v.14.

701 793 774 854 321.

174 968 264 1029 1351.
284 965 413 1044 Gouror,
431 989 498 1032 nou.
517 968 566 1031 14.
591 967 701 1032 Simon
726 967 794 1032 vuli
818 968 936 1047 bellue,
960 996 996 1032 oz
1023 973 1201 1053 eszterpomi
1215 948 1303 1034 ersele

171 1074 395 1138 vicarioso'uula
406 1097 481 1137 azou
501 1076 761 1160 ιιιερὴαθμάεάνα)
778 1077 856 1160 kopp
873 1077 997 1140 saivala
1008 1078 1116 1162 lirelp
1131 1078 1302 1142 litlzudua'oe'

169 1181 479 1244 badbaszcilldsciuul·
496 1183 653 1266 'odyssupjo
662 1184 750 1244 nivers
760 1183 889 1260 leitilane,
900 1209 920 1246 a
933 1184 1059 1248 Mulelu'
1070 1184 1134 1248 Pal
1148 1187 1228 1270 rrm'e't
1238 1185 1300 1248 Er·-

167 1288 293 1352 zse'beret
319 1291 349 1352 e‘s
370 1288 480 1352 Dobaz
507 1288 633 1374 Mihalp
657 1292 738 1374 aeje't
764 1289 869 1353 ,lloao‘t
896 1291 980 1354 illeso
1006 1292 1109 1378 ledoyi
1134 1293 1249 1378 rrepyed
1273 1296 1304 1356 e's

167 1397 266 1458 luitbe‘r
283 1396 420 1460 lriaddsa
433 1398 525 1481 capell
543 1397 693 1462 Saturast
703 1397 832 1460 Mistea
843 1399 953 1478 deficit
962 1423 983 1462 a
992 1379 1074 1462 arent
1083 1399 1212 1463 Meirton
1224 1403 1302 1484 trapi

167 1503 394 1588 cyolczcdokra
410 1504 508 1568 idrlzze
520 1505 722 1590 naeffijelealr',
732 1508 811 1590 kopp
822 1531 842 1570 a
852 1507 1106 1593 rreepbapyeisoalo
1123 1507 1215 1592 clepet
1231 1519 1293 1574 tell.

275 1685 481 1768 ..magistro
507 1685 679 1750 Dominico
695 1687 860 1768 preposito
893 1687 1025 1751 ecclesie
1058 1687 1144 1750 beati
1176 1687 1298 1752 Thome

168 1793 311 1856 martiris
322 1792 360 1856 de
372 1792 536 1876 Strigonio
548 1795 749 1874 vicarioque.
767 1843 773 1856 .
790 1794 920 1859 Nicolai
937 1845 943 1857 .
960 1845 967 1858 .
984 1795 1301 1879 archiepiscopiStri-

168 1899 329 1981 goniensis
346 1900 379 1964 iu
396 1900 620 1983 spiritualibus
638 1902 788 1982 generali,
805 1901 933 1966 domino
958 1924 1017 1967 suo
1034 1903 1229 1980 honorando,
1246 1904 1299 1968 do-

168 2009 275 2071 miuus
309 2006 420 2072 Simon
451 2014 556 2073 rector·
582 2009 714 2074 ecclesie
740 2010 779 2073 de
805 2009 890 2072 Vaal
907 2057 937 2071 ..
966 2007 1131 2074 Noveritis
1155 2033 1206 2076 mo
1230 2010 1300 2076 lite-

168 2137 220 2180 ras
237 2123 342 2180 vestre
362 2115 588 2180 discrecionis.
606 2167 613 2180 .
638 2119 796 2198 recepisse
820 2119 854 2180 in
880 2117 938 2181 hec
962 2117 1076 2182 rerba:
1093 2115 1162 2182 Nos
1188 2117 1299 2182 Domi-

167 2225 258 2288 nicus
275 2223 457 2306 prepositus
474 2224 605 2288 ecclesie
630 2225 734 2289 sancti
762 2223 884 2289 Thome
897 2226 1039 2289 martiris
1063 2226 1103 2290 de
1120 2232 1300 2308 promonto-

168 2333 215 2396 rio
226 2330 449 2413 Strigoniensi‚
459 2329 714 2412 venerabilisque
732 2381 738 2394 .
756 2381 762 2394 .
780 2330 908 2395 Nicolai
926 2381 931 2394 .
949 2383 954 2394 .
972 2329 1298 2416 a1·cbiepiscopiStri-

168 2439 328 2522 goniensis
357 2437 482 2520 locique
508 2439 649 2503 eiusdem
684 2441 809 2504 comitis
844 2440 992 2520 perpetui
1017 2439 1051 2501 iu
1075 2438 1300 2521 spiritualibus

167 2548 305 2611 vicarius
331 2547 501 2629 generalis,
517 2546 604 2612 vobis
629 2549 698 2612 viro
723 2546 862 2612 discreto
886 2545 1015 2612 domino
1032 2544 1156 2610 Simoni
1179 2549 1299 2612 rectori

167 2657 299 2721 ecclesie
316 2655 356 2718 de
371 2653 458 2720 Vaal
475 2655 631 2720 sinceram
648 2657 681 2719 in
698 2655 826 2719 domino
836 2655 1013 2718 caritatem.
1030 2653 1202 2732 Noveritis,
1213 2657 1300 2738 quod

168 2786 224 2828 uos
240 2784 372 2828 causam
388 2765 472 2828 iuter
489 2763 634 2827 dominas
651 2763 799 2827 Ellizabet
825 2782 956 2827 uxorem
976 2761 1073 2826 Pauli
1089 2759 1148 2826 filii
1164 2762 1300 2828 Putbuh

167 2873 206 2936 sle
223 2871 340 2936 Malah
357 2879 389 2935 et
404 2871 543 2935 Eleuem
561 2892 693 2936 uxorem
719 2871 891 2935 Michaelis
916 2869 995 2933 dicti
1022 2869 1134 2934 Dobaz
1158 2870 1199 2934 ab
1225 2893 1297 2952 uua,

167 2989 200 3045 et
214 2979 389 3046 Nicolaum
405 2977 509 3043 filium
533 2978 661 3044 Nicolai
690 2979 729 3042 de
755 2977 883 3056 Scarus,
899 2976 1090 3042 Ladislaum
1111 2983 1144 3043 et
1161 2975 1297 3062 Stepha-

167 3112 243 3154 num
259 3089 343 3156 filios
359 3109 433 3154 suos
450 3094 543 3171 parte
559 3111 597 3152 ex
614 3087 726 3166 altera,
745 3087 938 3170 superfacto
956 3093 1071 3169 quarte
1096 3087 1251 3168 puellaris
1268 3095 1300 3151 et

167 3198 240 3263 dote
257 3218 366 3263 corum
391 3197 482 3262 nobis
507 3201 636 3274 motam,
663 3218 701 3260 ex
718 3201 868 3278 precepto
895 3195 1036 3260 eiusdem
1061 3194 1181 3260 domini
1197 3199 1299 3260 nostri

168 3305 401 3389 archiepiscopi
427 3304 468 3368 ad
484 3305 672 3386 vigesimum
690 3303 867 3368 secundum
884 3303 969 3368 diem
988 3303 1164 3369 residencie
1180 3305 1299 3369 exerei-

167 3420 219 3478 tus
235 3415 317 3496 regii
341 3413 383 3477 ad
407 3419 517 3496 partes
529 3474 531 3482 ,
543 3412 778 3478 Lithvauorum
794 3412 873 3476 moti
898 3412 1099 3476 duxissemus
1122 3433 1297 3496 prorogan-

167 3522 250 3602 dam,
275 3524 446 3604 ipsumque
463 3519 638 3584 exercitum
654 3521 780 3602 regium
796 3520 919 3583 nullam
930 3519 1051 3585 habeat
1070 3520 1297 3610 residenciam3

166 3630 238 3696 ideo
263 3629 352 3694 vobis
377 3631 410 3692 in
435 3631 555 3693 virtute
583 3634 693 3692 sancte
718 3627 901 3692 obediencie
925 3627 1059 3692 firmiter
1085 3629 1297 3711 precipientes

167 3740 282 3804 damus
313 3739 347 3802 in
379 3739 555 3820 mandatis,¹
580 3743 739 3818 quatenus
778 3738 889 3801 statim
921 3739 1057 3818 receptis
1096 3737 1297 3820 presentibus

168 3844 182 3929 (
184 3897 382 3912 .........
385 3844 399 3929 )
417 3847 465 3926 do,
491 3847 653 3930 predictos
678 3844 854 3910 Nicolaum
879 3844 982 3910 lilium
1007 3843 1137 3910 Nicolai
1158 3853 1190 3909 et
1214 3845 1297 3911 filios

168 3977 241 4022 suos
282 3951 296 4038 (
314 4003 415 4018 .....
418 3951 431 4037 )
464 3954 605 4019 dandam
635 3953 767 4018 filialem
805 3950 888 4037 (igy)
923 3952 1161 4030 discussionem,
1200 3975 1297 4037 super

168 4062 261 4128 saetis
287 4060 300 4146 (
318 4111 564 4129 ...........
567 4059 580 4144 )
606 4067 718 4126 contra
743 4063 904 4144 predictas
929 4061 1073 4126 dominas
1093 4061 1134 4124 ad
1150 4066 1295 4125 nostram

167 4173 245 4236 cites
260 4174 460 4254 presenciam
478 4168 499 4252 (.
518 4223 522 4234 .
541 4223 547 4236 .
566 4223 571 4236 .
589 4223 595 4236 .
613 4222 618 4232 .
637 4219 643 4233 .
661 4168 682 4253 .)
705 4151 834 4235 octovas
850 4168 938 4232 beati
955 4169 1090 4233 Martini
1107 4169 1296 4235 confessoris

168 4301 251 4344 nunc
266 4275 450 4362 venturas(
453 4328 621 4343 ........
625 4276 637 4360 )
655 4278 773 4341 eisdem
799 4273 813 4359 (
815 4324 990 4341 ........
993 4272 1005 4358 )
1023 4275 1229 4358 comparendi
1246 4299 1295 4341 as-

167 4387 331 4472 siguando,
357 4409 448 4454 secus
474 4407 537 4452 non
562 4387 689 4451 facturi.
706 4381 859 4466 Datum(
862 4435 987 4450 ......
990 4381 1003 4466 )
1028 4386 1061 4448 iu
1081 4385 1200 4449 octavis
1217 4385 1291 4450 festi

167 4495 254 4560 beati
286 4495 299 4578 (
301 4544 473 4559 ........
476 4492 489 4577 )
520 4515 605 4560 anno
636 4493 757 4557 domini
786 4493 838 4555 Μ0
875 4489 995 4557 ΟΟΟ1110
1028 4491 1295 4575 quinquagesimo

167 4607 280 4686 primo.
304 4603 374 4668 Nos
389 4605 489 4684 igitur
505 4599 696 4685 (mandalis)
707 4606 811 4666 vestre
822 4599 1026 4664 discrecionis
1037 4604 1295 4682 optemperantes

169 4708 219 4794 (ut
234 4710 406 4795 tenemur),
417 4713 508 4776 iuxta
519 4711 751 4775 continenciam
762 4707 981 4792 predictarum
996 4707 1165 4774 literarum
1177 4717 1294 4774 vestra-
