3188 5476
569 465 662 570 1352ἰ
682 485 752 528 orac.
773 471 821 533 ll.
1204 475 1269 535 629

134 653 194 717 hec
210 651 324 716 seriem
341 651 441 734 ipsius
452 648 699 732 possessionaria
711 646 978 713 reamhulacionis
989 655 1021 714 et
1032 651 1241 717 statuoionis.
1261 701 1268 714 .

134 761 230 826 iidem
248 759 430 843 prepositus
447 755 630 842 Mystensis,
647 776 711 834 vos,
737 761 795 820 aut
819 756 965 840 prefatus
981 757 1007 822 J
1008 758 1150 824 ohannes
1166 781 1267 826 sacer·

133 872 191 936 dos
207 870 247 934 de
264 868 366 936 Sovar
382 921 388 935 .
406 921 412 934 .
438 867 540 932 eidem
556 867 685 932 domino
702 867 851 952 episcopo
867 866 1043 932 rescribere
1064 867 1269 952 debuissent;
1337 955 1339 962 γ

132 978 277 1062 ipsisque
302 978 422 1042 octavis
447 976 520 1040 festi
552 975 760 1040 Pentecostes
787 973 1027 1054 adherentibus,
1054 975 1146 1041 litere
1162 985 1268 1044 vestre

133 1107 232 1170 super
247 1086 413 1170 premissis
430 1085 532 1150 eidem
550 1079 679 1150 domino
694 1084 843 1168 episcopo
861 1084 1132 1167 rescripoionales,
1148 1086 1268 1152 eisdem

132 1193 298 1279 magistris
315 1195 415 1260 Petro
432 1192 659 1258 archidiacono
677 1197 710 1256 et
727 1188 897 1257 Gothardo
913 1191 1049 1258 fuissent
1073 1199 1264 1276 presentare

131 1306 166 1368 in
183 1324 322 1386 quarum
340 1301 504 1366 tenoribus
530 1301 592 1384 ipsi
616 1301 677 1366 hoc
693 1353 700 1366 .
718 1350 724 1363 .
748 1301 978 1383 comperissent
997 1301 1163 1380 contineri,
1179 1305 1265 1387 quod

130 1433 204 1476 cum
219 1411 346 1476 Paulus
363 1415 397 1473 et
412 1409 438 1474 J
440 1409 583 1474 ohannes
599 1407 806 1474 ecclesiarum
822 1413 963 1474 rectores
980 1408 1019 1473 de
1030 1407 1141 1486 Sovar,
1151 1410 1185 1475 in
1195 1433 1266 1494 pre·

129 1518 226 1584 dictis
252 1518 375 1582 octavis
400 1504 474 1582 festi
500 1515 659 1581 dominice
675 1515 938 1583 Resurreccionis
965 1539 1038 1582 oum
1064 1519 1190 1602 prefato
1205 1519 1264 1585 Jo-

128 1630 237 1693 hanns
254 1626 319 1690 filio
335 1625 467 1690 Herrici
484 1675 490 1688 .
508 1673 514 1687 .
538 1630 747 1707 procuratore
773 1623 917 1708 predicte
934 1625 1051 1691 nobilis
1068 1627 1204 1704 domine,
1221 1627 1263 1693 ad

129 1735 244 1802 faciem
261 1734 469 1818 possessionis
494 1731 678 1797 Felharcha
703 1737 814 1797 vocate
839 1735 1058 1813 accessissent,
1084 1735 1261 1820 vicinisque

127 1851 161 1908 et
186 1843 415 1910 commetaneis
440 1841 581 1908 eiusdem
598 1889 628 1907 ..
653 1842 844 1920 convocatis,
868 1842 1002 1910 terciam
1026 1850 1154 1928 partem
1180 1847 1262 1911 eius·

128 1955 203 2018 dem
229 1953 290 2035 ipsi
307 1953 436 2017 domine
453 1952 551 2018 Clare
567 1956 710 2016 statuere
727 1952 902 2018 voluissent
918 2004 924 2017 .
943 2007 949 2020 .
973 1953 1075 2037 Myko
1091 1961 1123 2018 et
1139 1953 1164 2017 J
1165 1953 1262 2020 chan-

127 2083 185 2126 nes
202 2060 262 2124 filii
277 2059 416 2139 Nicolai,
433 2059 596 2142 Georgius
612 2065 645 2124 et
661 2057 871 2126 Sebastianus
889 2061 948 2128 filii
958 2063 1082 2128 Thome
1098 2061 1202 2126 etalii
1217 2063 1261 2126 vi-

127 2169 201 2246 cini,
218 2169 321 2252 ipsam
337 2168 499 2233 dominam
525 2165 657 2234 Claram
672 2167 713 2233 ah
731 2171 942 2253 occupacione
958 2171 1059 2254 ipsius
1074 2169 1173 2234 tercie
1189 2191 1261 2254 par-

127 2278 170 2344 tis
186 2299 251 2341 non
268 2276 515 2360 prohibuissent,
532 2276 587 2342 sed
598 2276 715 2341 Donoh
735 2275 819 2341 filius
835 2277 931 2342 Enolr
948 2279 988 2344 de
1007 2279 1139 2345 Barcha
1154 2279 1261 2363 prohi-

126 2387 259 2465 buisset,
275 2393 308 2451 et
322 2387 428 2471 ipsum
451 2387 569 2452 Donoh
594 2385 635 2452 ad
660 2386 803 2471 prefatas
829 2393 959 2454 octavas
985 2390 1194 2454 Pentecostes
1218 2387 1261 2452 ad

125 2497 229 2579 ipsius
255 2495 375 2560 domini
401 2494 647 2579 presenciam..
673 2484 786 2561 contra
817 2497 919 2578 ipsam
946 2497 1109 2562 dominam
1134 2516 1260 2560 evocas·

126 2611 207 2670 sent.
233 2603 266 2669 A
283 2604 400 2687 quihus
416 2604 545 2687 quidem
563 2605 684 2671 octavis
700 2605 909 2671 Pentecostes
928 2607 999 2690 ipsa
1016 2626 1113 2671 cansa
1129 2604 1168 2670 de
1184 2624 1258 2686 par-

124 2713 213 2778 cium
229 2720 446 2779 consentanea
463 2711 636 2792 voluntate,
647 2713 689 2777 ad
699 2719 829 2780 octavas
845 2713 917 2780 lesti
935 2713 1021 2778 beati
1038 2712 1158 2779 dacobi
1182 2731 1257 2794 apo·

124 2821 202 2886 stoli
218 2824 284 2888 iam
299 2823 472 2906 preteritas
489 2821 651 2906 protelata
667 2823 841 2904 extitisset,
858 2824 1001 2908 ipsisque
1018 2821 1138 2888 octavis
1154 2819 1259 2886 sancti

125 2929 247 2994 ‚Jacobi
263 2930 401 3014 apostoli
416 2929 653 3013 adherentibus,
678 2931 763 2996 idem
789 2931 906 2996 Donoh
921 2930 1134 3014 personaliter
1150 2949 1258 2993 exsur-

125 3038 242 3121 gendo,
258 3060 354 3122 super
379 3039 450 3122 ipsa
475 3061 534 3104 sua
550 3038 769 3122 prohibicione
787 3093 792 3105 .
811 3092 816 3104 .
841 3041 940 3106 talem
965 3041 1161 3123 assignasset
1176 3036 1257 3102 raci-

123 3168 228 3224 onem,
245 3147 363 3226 dicens,
380 3146 465 3230 quod
482 3147 627 3230 prelatus
644 3148 752 3213 Moius
768 3154 801 3214 et
817 3171 874 3233 per
900 3168 1098 3232 consequens
1115 3146 1256 3211 Thomas

124 3277 165 3319 ac
182 3253 344 3338 Georgius
361 3255 420 3320 filii
437 3255 545 3321 Moius
562 3256 623 3322 sibi
647 3256 681 3321 in
706 3260 853 3341 proxima
871 3258 958 3322 linea
974 3254 1193 3341 generacionis
1209 3259 1256 3317 at

122 3365 276 3442 tinerent,
293 3371 326 3430 et
350 3367 420 3448 ipse
446 3387 519 3430 cum
545 3364 663 3430 eisdem
680 3365 713 3430 in
732 3388 797 3432 una
821 3365 1075 3450 possessionaria
1101 3363 1255 3430 divisione

122 3473 286 3549 existeret,
302 3474 438 3557 ipsaque
454 3473 594 3555 domina,
613 3473 730 3539 fratres
756 3481 788 3538 et
812 3495 904 3540 soror
921 3475 1022 3558 ipsius
1039 3471 1100 3537 sibi
1115 3473 1149 3536 in
1165 3469 1255 3535 nullo

121 3583 320 3660 attinerent3
336 3581 376 3646 ob
386 3582 525 3667 hocipse
535 3581 626 3646 iuxta
641 3582 735 3646 huius
746 3582 838 3665 regui
849 3580 1110 3646 consvetudinem
1121 3577 1255 3643 eandem

122 3690 289 3754 dominam
305 3690 338 3753 in
355 3689 495 3755 dominio
512 3689 596 3756 dicte
607 3690 705 3754 tercie
715 3691 819 3773 partis
835 3689 1045 3772 possessionis
1064 3707 1254 3772 permanere

121 3818 187 3864 non
203 3797 416 3882 permitteret,
433 3803 465 3863 et
481 3818 515 3863 se
531 3819 603 3862 oum
628 3799 817 3881 pecuniaria
842 3798 1003 3863 solucione
1023 3795 1174 3879 expedire
1189 3793 1253 3859 uel·

119 3907 169 3971 let
185 3927 206 3970 a
221 3905 352 3972 domina
367 3907 466 3974 Clara
497 3906 679 3986 antedicta,
706 3927 769 3988 quo
795 3907 880 3972 dicto
897 3907 982 3974 idem
1001 3905 1026 3970 J
1029 3906 1170 3970 ohannes
1186 3924 1253 3969 ma-

120 4016 206 4079 ritus
222 4019 255 4078 et
270 4021 460 4097 procurator
478 4015 579 4098 ipsius
596 4013 723 4079 domine
740 4064 746 4077 .
765 4063 770 4077 .
794 4035 853 4098 pro
871 4013 983 4079 eadem
998 4013 1128 4078 domina
1144 4032 1252 4076 exsur-

121 4121 237 4204 gendo,
248 4120 361 4186 literas
378 4121 594 4204 privilegiales
610 4121 690 4187 dicti
706 4122 842 4206 capituli
852 4121 983 4188 ecclesie
993 4119 1163 4204 Agriensis
1173 4119 1252 4202 ipsis

118 4234 341 4314 presentasset
357 4277 387 4292 ..
412 4229 622 4308 continentes,
647 4231 733 4312 quod
758 4231 895 4314 predicti
920 4229 1082 4312 Georgius
1109 4233 1142 4293 et
1166 4227 1252 4292 rno-

118 4359 191 4402 mas
208 4385 239 4400 ..
262 4338 397 4403 terciam
421 4345 548 4420 partem
574 4339 740 4404 cuiusdam
769 4338 977 4422 possessionis
1002 4339 1146 4421 ipsorum
1162 4335 1251 4400 here-

117 4445 238 4512 ditarie
254 4445 288 4508 in
304 4445 460 4512 comitatu
475 4446 514 4510 de
531 4445 644 4530 Vyuar
660 4446 837 4527 existentis,
853 4446 1036 4514 Felharoha
1047 4448 1166 4526 vocate,
1177 4465 1250 4508 oum

119 4553 269 4620 omnihus
285 4554 483 4620 utilitatibus
508 4555 574 4620 suis
599 4561 631 4620 et
656 4555 839 4639 specialiter
865 4578 935 4623 cum
961 4555 1062 4620 tercia
1077 4557 1171 4640 parte
1186 4573 1251 4616 om·

118 4663 211 4730 nium
235 4667 402 4748 pratorum
428 4663 578 4732 silvarum
612 4685 777 4732 nemorum
807 4665 1023 4751 pomeriorum
1053 4661 1250 4730 molendino-
