3138 5462
536 495 629 556 1347.
645 511 716 556 rou.
733 495 785 556 28.

642 763 695 824 41.

99 921 198 984 1347.
205 922 279 1004 jan.
296 922 349 983 28,
367 917 397 982 Α
414 923 585 1006 oesapre'rui
599 920 756 1006 raptatae
764 922 909 1007 polentiae
928 923 1048 988 Miltlds
1066 926 1230 1006 aridorboz,

152 1028 293 1092 Demoleo
308 1035 389 1091 riceii
412 1027 574 1112 Veszpraoa
591 1031 770 1115 odrmepyei
785 1029 886 1093 hirtclt
902 1031 1169 1114 kaurjaidau-ol.

208 1239 216 1254 .
233 1240 241 1254 .
256 1189 394 1256 Nicolao
410 1239 417 1254 .
435 1241 442 1254 .
458 1191 603 1274 palatino
620 1197 653 1255 et
669 1191 767 1258 iudici
781 1213 988 1258 comanorum
1006 1244 1012 1257 .
1030 1244 1037 1258 .
1054 1196 1234 1278 capitulum

95 1297 233 1362 ecclesie
250 1297 515 1382 wesprimiensis
533 1347 539 1362 .
556 1351 562 1363 .
579 1305 687 1363 vestra
712 1301 836 1364 noverit
860 1300 1104 1384 magnificencia
1119 1303 1232 1370 literas

95 1456 103 1470 .
122 1459 129 1470 .
145 1405 296 1472 Ladislai
320 1408 527 1490 vicepalatini
551 1409 649 1472 vestri
666 1457 672 1470 .
690 1458 697 1471 .
713 1409 871 1492 recepisse
887 1409 920 1474 in
936 1410 995 1474 hec
1019 1411 1118 1476 verba
1133 1461 1161 1476 ..
1182 1435 1234 1478 ca·

94 1515 204 1598 pitulo
221 1516 353 1581 ecclesie
369 1517 619 1602 Vesprimiensis
635 1517 789 1600 magister
805 1517 978 1584 Ladislaus
998 1519 1233 1604 vicepalatinus

96 1673 104 1686 .
123 1675 130 1688 .
147 1623 229 1688 dicit
260 1623 351 1688 nobis
368 1624 536 1689 Dionisius
560 1624 646 1690 filius
671 1623 799 1690 Nicolai
816 1626 855 1689 de
872 1625 1016 1691 Dereske
1032 1647 1092 1691 sua
1107 1649 1234 1694 necnon

93 1729 234 1797 Andree
251 1737 284 1797 et
300 1731 429 1798 Nicolai
444 1732 586 1798 filiorum
601 1733 774 1798 Laui-cneii
789 1729 828 1798 sc
843 1733 946 1798 Pethe
966 1734 1024 1798 filii
1041 1732 1177 1818 Georgii
1194 1737 1233 1802 de

95 1840 212 1906 eadem
228 1840 375 1906 Dereske
390 1843 422 1906 in
440 1842 698 1925 pe1·sonis,quod
723 1842 810 1906 dicta
834 1837 992 1925 possessio
1017 1863 1128 1907 eorum
1143 1845 1233 1908 herc·

96 1948 222 2014 ditaria
238 1949 383 2014 Dereske
399 1956 513 2014 vocata
522 1951 556 2014 in
565 1950 720 2014 comitatu
730 1949 978 2031 Wesprimiensi
991 1951 1130 2016 existens
1146 1953 1234 2034 apud
1333 2025 1336 2030 ,

93 2079 213 2122 manus
228 2059 374 2140 ipsorum
384 2057 505 2140 habita,
517 2056 775 2122 reambulaeione
791 2063 823 2122 et
838 2063 998 2122 metarum
1014 2058 1233 2124 creceionibus

94 2165 275 2248 plurimum
291 2166 459 2249 indigeret,
477 2187 575 2246 quam
592 2187 650 2248 per
674 2165 835 2230 hominem
861 2165 981 2229 domini
1006 2165 1144 2248 palatini
1170 2167 1229 2236 snb

94 2275 198 2338 vestri
222 2275 363 2340 hominis
389 2274 574 2338 testimonio
599 2271 831 2337 reambulando
845 2277 877 2336 et
892 2272 988 2337 metis
1007 2272 1151 2354 undique
1169 2274 1230 2341 sibi

93 2382 304 2465 distingendo
320 2381 381 2446 sibi
398 2383 498 2446 statui
515 2382 621 2446 facere
636 2379 763 2462 vellent,
779 2381 807 2444 si
818 2379 1034 2444 contradiccio
1051 2381 1230 2464 cuiuspiam

94 2491 128 2554 in
145 2491 328 2556 statncione
345 2489 487 2554 eiusdem
503 2488 563 2554 sibi
589 2510 653 2554 non
669 2488 830 2568 obviaret3
855 2509 951 2572 super
968 2509 1032 2570 quo
1051 2489 1231 2556 amiciciam

94 2607 236 2666 vestram
254 2651 260 2664 .
277 2651 284 2665 .
301 2602 465 2685 petimus.
483 2652 488 2662 .
505 2604 665 2682 quatenus
680 2604 822 2663 vestrum
839 2600 975 2664 mittatis
992 2599 1153 2664 hominem
1169 2619 1228 2682 pro

99 2709 286 2775 testimonio
303 2761 309 2773 .
327 2759 334 2773 .
351 2729 414 2792 quo
435 2715 583 2792 presente
599 2708 703 2773 Pethe
719 2707 804 2773 filius
820 2705 949 2772 Nicolai
974 2707 1013 2772 de
1029 2707 1162 2772 Zalowk
1182 2707 1231 2772 vel

94 2815 480 2884 PaulnsfiliusAnthonii
492 2815 653 2881 decadem
663 2815 872 2881 autMichael
882 2815 1118 2880 filiusLorandi
1129 2815 1230 2880 dePe·

96 2924 174 2988 tend
185 2924 260 2990 aliis
271 2923 461 2990 absentibus
477 2924 571 2987 homo
588 2923 747 2988 nosterad
758 2923 873 2988 faciem
891 2919 1005 3006 (dicte)
1022 2923 1231 3005 possessionis

96 3030 243 3098 Dereslre
255 3037 368 3097 vocate
385 3082 391 3095 .
409 3084 415 3095 .
432 3030 619 3108 accedendo,
628 3031 809 3096 reambulet
820 3031 954 3095 eandem
971 3081 977 3094 .
994 3079 1000 3092 .
1017 3035 1050 3094 et
1065 3029 1230 3112 relinquat

100 3139 256 3224 predictis
272 3138 434 3204 nobilibus
444 3135 639 3203 deDereske
656 3189 662 3202 .
680 3187 685 3201 .
702 3142 859 3220 perpetuo
869 3136 1094 3219 possidendam
1111 3188 1117 3200 .
1135 3185 1141 3199 .
1157 3157 1230 3202 con-

97 3249 292 3314 tradictores
308 3268 383 3312 vero
400 3247 426 3312 si
443 3247 499 3328 qui
515 3246 644 3328 fuerint,
661 3251 773 3310 contra
789 3245 916 3310 eosdem
931 3246 974 3310 ad
989 3245 1091 3328 ipsius
1108 3245 1228 3309 domini

96 3357 233 3441 palatini
251 3357 353 3422 citent
370 3355 570 3438 presenciam
587 3404 593 3417 .
610 3403 617 3418 .
634 3361 667 3420 ct
682 3359 755 3438 post
770 3355 831 3419 hec
847 3356 951 3419 tocius
970 3353 1047 3418 facti
1064 3353 1180 3418 seriem
1196 3403 1203 3417 .
1221 3405 1227 3418 .

96 3465 197 3530 eidem
213 3463 344 3529 domino
368 3463 513 3546 palatino
529 3463 579 3526 vel
595 3462 686 3526 nobis
702 3462 736 3526 in
753 3461 877 3526 curiam
894 3513 899 3526 .
917 3513 924 3527 .
941 3461 1136 3526 rescribatis.
1161 3461 1228 3526 Da·

98 3581 167 3638 tum
182 3575 216 3638 in
232 3573 537 3658 Apachanasarhel,
552 3571 634 3636 feria
650 3576 742 3636 sexta
758 3570 905 3654 proxima
921 3576 996 3636 ante
1012 3569 1129 3634 festum
1144 3572 1228 3635 nati·

95 3683 203 3748 vitatis
218 3682 308 3748 beati
322 3681 348 3748 J
349 3681 486 3747 ohannis
502 3681 663 3764 Baptista,
679 3700 763 3744 anno
774 3679 894 3744 domini
909 3679 961 3744 Μο
985 3675 1106 3745 OCOmo
1122 3669 1227 3744 ΧΙ(τοο

96 3791 241 3874 septimo.
265 3789 335 3855 Nos
351 3791 453 3873 igitur
469 3837 476 3852 .
493 3841 499 3854 .
516 3809 655 3854 unacum
671 3787 818 3872 predicto
838 3787 943 3852 Paulo
967 3788 1097 3852 homine
1121 3792 1227 3882 vestro

95 3900 231 3965 Petrum
248 3897 447 3963 sacerdotem
463 3896 503 3962 de
519 3895 759 3981 Aykarenneky
778 3895 982 3982 capellanum
1007 3900 1040 3959 et
1064 3894 1227 3960 hominem
1287 3963 1290 3970 ,

95 4013 242 4072 nestrum
257 4007 299 4072 ad
315 4006 502 4088 exequenda
527 4006 684 4090 premissa
700 4005 936 4070 transmisimus
952 4025 1011 4087 pro
1028 4005 1223 4082 testimonio,

97 4165 105 4178 .
124 4162 131 4175 .
147 4116 200 4197 qui
215 4167 222 4180 .
240 4166 246 4180 .
261 4115 453 4194 retulerunt,
470 4113 556 4195 quod
572 4113 634 4196 ipsi
650 4112 732 4178 feria
748 4112 887 4178 secunda
903 4114 1049 4196 proxima
1065 4119 1139 4197 post
1154 4135 1226 4195 pre-

96 4220 217 4286 dictum
232 4222 348 4287 festum
365 4220 452 4306 beati
468 4220 494 4285 J
494 4220 630 4286 ohannis
646 4221 797 4304 Baptista
814 4227 846 4284 et
861 4219 944 4284 feria
959 4221 1060 4285 tercia
1077 4221 1226 4302 sequenti

97 4331 240 4413 proxime
255 4331 414 4414 preterita
429 4330 470 4394 ad
486 4329 601 4394 faciem
625 4329 769 4414 predicte
789 4327 998 4412 possessionis
1014 4327 1159 4394 Dereslre
1174 4350 1226 4392 vo-

97 4443 179 4516 cate,
193 4439 304 4504 ricinis
321 4445 353 4503 et
369 4439 598 4503 commetaneis
617 4439 683 4503 suis
700 4439 879 4503 convocatis
897 4443 929 4500 et
954 4436 1158 4522 presentibus
1175 4459 1226 4504 ae·

97 4545 273 4626 cessissent,
290 4567 387 4628 quam
412 4547 517 4630 primo
542 4566 562 4610 a
588 4547 729 4627 quadam
754 4545 837 4611 valle
862 4543 951 4610 fluvii
976 4546 1087 4629 Bytua
1111 4551 1225 4610 vocata

95 4653 295 4720 reambulare
327 4655 539 4738 incepissent,
571 4657 626 4735 qui
656 4653 772 4720 fluvius
803 4654 845 4718 ad
875 4661 1002 4738 partem
1033 4655 1223 4719 orientalem
