3138 5462
536 490 629 551 1347.
645 505 716 550 suu.
731 489 785 550 22.
1180 489 1222 550 95

91 665 237 747 proximo
252 673 328 731 auto
343 665 462 731 festum
478 669 658 732 nativitatis
675 666 763 731 beati
778 665 803 730 J
805 666 940 730 ohannis
957 665 1107 749 Baptista
1124 687 1223 750 prope
1345 714 1349 736 ι.

93 773 255 838 civitatem
271 771 373 838 Cassa
389 773 561 858 celebrata,
581 775 736 858 magister
762 771 937 838 Ladislaus
962 772 1046 838 filius
1062 772 1088 838 J
1089 773 1225 839 ohannis

93 879 129 944 de
139 879 280 965 Ruzgun
290 882 330 946 de
338 881 444 948 medio
454 881 592 946 aliorum
601 881 820 966 personaliter
830 882 1041 965 exsurgendo,
1058 885 1225 966 proposuit

93 988 150 1053 tali
165 990 270 1068 modo,
303 991 390 1072 quod
406 989 564 1072 possessio
582 989 701 1073 Scepsy
728 995 842 1053 vocata
859 991 891 1053 iu
908 992 1064 1056 comitatu
1079 990 1118 1054 de
1135 991 1225 1056 Aba·

94 1119 227 1181 cynara
253 1101 395 1163 existens
420 1121 480 1163 sua
505 1106 589 1164 esset
612 1099 813 1164 hereditaria
839 1150 869 1164 ..
895 1100 1045 1184 idemque
1069 1102 1225 1184 magister

94 1205 264 1272 Ladislaus
281 1205 365 1272 filius
382 1205 544 1272 Johannis
570 1228 627 1271 uos
644 1206 819 1290 postulavit
845 1229 917 1272 cum
942 1207 1103 1273 instancia
1128 1229 1225 1292 super

94 1335 137 1392 eo,
152 1321 190 1378 ut
204 1313 327 1380 iudices
352 1314 508 1379 nobilium
526 1321 559 1378 et
574 1316 696 1380 iuratos
721 1336 898 1380 assessores
924 1317 1136 1381 comitatuum
1152 1339 1224 1401 pre·

94 1423 259 1500 dictorum,
285 1424 414 1506 qualem
440 1423 479 1488 de
505 1423 669 1506 premissis
694 1425 816 1488 scirent
840 1426 1007 1490 veritatem
1033 1425 1224 1505 faterentur,

95 1533 264 1614 requisitos
279 1531 490 1613 haberemus3
514 1531 571 1614 qui
586 1531 715 1613 quidem
741 1533 862 1597 iudices
887 1531 1042 1598 nobilium
1069 1541 1101 1598 et
1126 1535 1224 1599 iurati

95 1660 268 1705 assessores
285 1639 501 1722 predictorum
527 1641 737 1704 comitatuum
754 1639 824 1720 ,fide
850 1661 961 1704 eorum
988 1642 1149 1707 mediante
1165 1642 1224 1706 deo

95 1747 201 1812 debita
217 1754 252 1812 et
267 1747 426 1813 fidelitate
441 1749 569 1813 domiuo
586 1755 695 1814 nostro
711 1749 780 1830 regi
805 1771 861 1813 sue
887 1771 978 1814 sacre
1004 1772 1120 1814 corone
1136 1752 1224 1833 regie

98 1879 153 1939 pro
169 1858 307 1922 dicenda
323 1859 459 1922 veritate
475 1864 507 1921 et
523 1857 651 1922 iusticia
664 1857 863 1922 observanda
878 1863 966 1924 tacto
983 1857 1104 1924 vivifice
1120 1861 1225 1924 crucis

96 1966 179 2050 ligno
195 1968 342 2049 prestita,
359 1967 504 2032 unanimi
521 1973 554 2030 et
570 1967 719 2031 concordi
737 1966 967 2032 testifioaoione
983 1967 1125 2032 eomodo
1140 1967 1225 2032 affir-

97 2081 233 2152 marunt,
250 2075 337 2158 quod
354 2075 501 2158 predicta
517 2075 676 2157 possessio
693 2073 814 2158 Scepsy
830 2081 943 2139 vocata
959 2075 1061 2158 ipsius
1077 2076 1225 2158 magistri

96 2181 240 2247 Ladislai
264 2181 323 2246 filii
348 2181 511 2247 Johanuis
535 2181 576 2245 de
603 2181 740 2266 Rusgun
774 2189 858 2247 esset
889 2183 1097 2265 hereditaria,
1126 2183 1224 2248 etad

96 2291 195 2373 ipsum
213 2291 310 2356 titulo
329 2292 408 2356 iuris
434 2291 622 2356 hereditarii
647 2292 847 2374 pertineret.
865 2340 871 2354 .
888 2290 1012 2356 Datum
1042 2293 1157 2375 quinta
1173 2291 1224 2356 die

96 2398 177 2464 dicte
201 2399 465 2483 congregacionis
492 2405 609 2479 nostre,
636 2398 669 2462 iu
696 2399 766 2464 loco
793 2405 979 2478 memorato,
1004 2421 1088 2464 anuo
1105 2399 1225 2464 domini

97 2507 145 2570 Μο
168 2505 266 2572 000·
291 2506 396 2572 XLm⁰
412 2507 557 2590 septimo.

199 2669 353 2736 Httlapjtn
366 2669 459 2734 pecset
481 2667 831 2734 tdredekeivel.1lredetije
853 2685 884 2720 az
908 2685 976 2720 orsz.
1000 2671 1030 2720 lt.
1041 2671 1139 2722 kiucst.
1154 2677 1222 2724 oszt.

98 2762 130 2810 N.
142 2762 174 2811 Il.
187 2763 219 2811 A.
235 2767 295 2812 302.
312 2767 352 2810 15.
366 2761 432 2824 dipl.
445 2766 511 2812 oszt.
527 2766 605 2812 391o.
625 2761 724 2810 Kozli:
744 2761 852 2810 Kovtcs
865 2761 899 2810 N.

633 3162 684 3222 38.

101 3321 191 3385 1347.
207 3320 311 3398 Bada,
319 3323 393 3406 jun.
409 3321 462 3382 22.
481 3319 546 3384 Pa'l
559 3319 739 3404 mszdpdiro'
761 3319 832 3385 eleut
859 3320 992 3386 Guthicsi
1016 3319 1113 3385 V'o‘ru's
1132 3301 1226 3386 Pc‘ter

99 3433 128 3492 e's
146 3429 233 3495 Aeze'l
245 3429 358 3507 Julius,
377 3427 497 3493 Guldcs
512 3436 592 3493 nevit
616 3430 679 3492 Vos
693 3431 873 3516 vdrmcpyes'
897 3429 1029 3494 hirtolcot
1046 3429 1154 3514 Kuldy
1171 3429 1224 3493 Se-

98 3537 312 3618 frideslovae
338 3536 513 3600 umdaiml
530 3536 694 3600 timorata
720 3536 890 3622 boosdtjdk,
918 3540 1033 3601 timont
1052 3542 1121 3602 ezelo
1147 3538 1222 3600 dele-

100 3648 239 3734 epyezuek
250 3646 340 3727 obba,
356 3647 436 3731 luopy
451 3645 582 3710 amazok
597 3669 619 3708 a
636 3647 712 3709 Peae
727 3645 956 3730 uemzelse'qbclu'
979 3645 1144 3731 Acdyulus
1162 3645 1224 3707 tir-

253 3753 352 3819 lokait
367 3753 638 3840 mepszerezltesstk
655 3757 685 3816 (a
702 3753 889 3818 tirrokulha
906 3753 1058 3818 oehesse'k.

201 3915 268 3982 Nos
292 3897 396 3981 comes
422 3915 545 3981 Paulus
572 3915 669 3980 iudex
692 3916 780 3980 curie
808 3915 1073 3999 ..significamus
1090 3963 1096 3978 .
1115 3965 1121 3978 .
1139 3913 1225 3996 quod

101 4045 168 4088 cum
184 4027 267 4091 iuter
283 4025 420 4090 Petrum
432 4024 540 4089 rufum
559 4029 592 4087 et
615 4023 802 4088 Johsuuem
827 4021 949 4087 dictum
973 4020 1083 4088 Achel
1109 4021 1225 4088 fratres

101 4132 236 4198 uterinos
261 4139 387 4198 actores
403 4131 445 4195 ab
461 4153 534 4210 uua,
560 4137 593 4196 et
607 4132 692 4196 iuter
707 4129 880 4196 Nicolaum
906 4129 1009 4194 filium
1025 4129 1176 4192 Marcelli
1193 4134 1226 4192 et

102 4239 232 4304 alterum
258 4239 431 4304 Nicolaum
455 4239 558 4304 filium
575 4237 723 4322 Scffredi,
747 4237 942 4303 Michaelem
959 4235 1061 4300 filium
1078 4235 1225 4300 Ladislai

103 4347 156 4412 filii
178 4349 253 4412 dicti
279 4345 415 4414 Seffredi
440 4353 472 4412 et
496 4347 683 4412 Emericum
717 4345 819 4410 filium
844 4344 987 4408 Emerici
1012 4343 1050 4406 de
1075 4342 1166 4406 Kald
1193 4344 1225 4405 iu

103 4479 222 4522 oausam
233 4463 390 4522 attractos
403 4463 495 4540 parte
506 4475 544 4520 ex
556 4453 669 4533 altera,
680 4475 775 4538 super
785 4453 870 4518 sacto
881 4448 1224 4535 possessionianlaeh

104 4571 277 4649 nuncupate
311 4565 344 4628 iu
375 4565 530 4628 comitatu
561 4562 768 4628 Oastrilerrei
800 4560 966 4626 existentis
997 4559 1064 4624 litis
1089 4558 1226 4624 materia

104 4676 249 4740 suscitata
274 4679 307 4738 et
332 4673 423 4737 iuxta
440 4671 681 4754 quamplurium
706 4671 875 4734 literarum
901 4675 1085 4733 nostrarum
1112 4665 1225 4730 exinde
