3180 5466
667 756 741 819 307.

142 915 234 976 1351.
255 911 436 998 Napysalu,
445 915 508 1000 jul.
529 917 577 978 14.
604 915 764 999 Baraopa
781 921 948 999 ccr‘rmrqpe
966 917 1134 1001 olispdajo
1147 919 1178 979 e's
1189 916 1270 978 azol-

138 1023 266 1106 pabr'ra'i
293 1019 417 1085 Statori
445 1022 625 1086 lstvdoaalr
652 1023 735 1086 oia-ov·
760 1024 885 1108 zulopal
911 1021 1055 1108 clfoplalt
1087 1026 1227 1087 birtolra‘t
1250 1049 1271 1088 a

373 1132 466 1213 pe'csi
481 1131 705 1214 ledptaloaaoh
732 1131 896 1214 (clarilogbn
912 1132 1024 1214 adjdlr.

244 1270 315 1336 Nos
333 1272 489 1357 magister
505 1271 627 1336 Paulus
644 1293 748 1336 comes
765 1273 804 1336 de
820 1273 962 1351 Barana,
979 1273 1062 1338 vices
1079 1294 1191 1354 gerens
1218 1273 1271 1338 do-

139 1378 215 1443 mini
227 1379 392 1444 Dominici
408 1379 484 1443 bani
501 1379 539 1442 de
556 1378 704 1463 Machyo,
715 1388 747 1444 et
763 1380 883 1445 iudices
895 1380 1050 1445 nobilium
1068 1381 1210 1447 eiusdem
1222 1403 1271 1446 co-

139 1487 282 1565 mitatus,
300 1509 338 1552 ac
353 1488 507 1571 magister
523 1489 641 1554 Petrus
653 1489 803 1554 literatus
820 1495 949 1553 exactor
965 1490 1156 1554 iudiciorum
1174 1489 1269 1554 comi·

138 1598 178 1660 tis
194 1595 320 1660 Thome
340 1597 453 1663 iudicis
480 1599 566 1663 curie
592 1597 711 1662 domiui
738 1600 821 1681 regis
838 1649 867 1662 ..
891 1599 1043 1662 memorie
1069 1597 1269 1664 commcnda-

139 1729 216 1784 mus,
234 1707 322 1787 quod
339 1709 415 1791 quia
431 1709 715 1792 possessionariam
733 1708 915 1790 porcionem
936 1708 1083 1789 magistri
1109 1706 1268 1788 Stephani

139 1815 196 1879 filii
212 1815 306 1879 Petri
322 1815 360 1880 de
377 1815 526 1893 Suhlous,
543 1837 604 1898 que
631 1815 691 1880 sibi
707 1815 740 1877 in
758 1814 868 1879 eadem
888 1813 1029 1880 Suhlous
1056 1815 1095 1878 de
1119 1815 1271 1897 possessi-

140 1924 253 1987 onaria
269 1925 419 2006 porcione
435 1924 570 1988 condam
587 1923 715 1988 Nicolai
732 1923 842 1987 fratris
859 1924 909 1988 sui
926 1921 985 1988 filii
996 1923 1118 1988 scilicet
1134 1923 1271 2005 predicti

139 2031 230 2095 Petri
247 2034 280 2096 in
298 2030 452 2096 divisione
469 2033 619 2098 devoluta
644 2033 820 2110 exstiterat,
846 2053 902 2115 per
928 2053 985 2095 nos
1010 2052 1069 2115 pro
1087 2031 1215 2095 iudiciis
1240 2037 1272 2093 et

138 2138 329 2204 iudiciorum
355 2139 603 2222 gravaminibus,
627 2141 660 2204 in
688 2140 805 2221 quibus
830 2139 993 2223 predictus
1020 2140 1174 2222 magister
1200 2137 1271 2204 Ste-

137 2248 264 2329 phanus
280 2245 365 2312 filius
375 2249 467 2312 Petri
477 2249 589 2312 ordine
599 2249 768 2314 iudiciario
789 2248 994 2313 coramdicto
1017 2248 1133 2312 comite
1145 2247 1270 2312 Thema

96 2359 98 2362 ’
136 2357 228 2421 iuxta
245 2362 388 2422 tenorem
404 2357 534 2440 registri
550 2359 600 2422 sui
610 2357 779 2436 iudicialis,
790 2364 901 2422 contra
911 2359 1082 2440 magistros
1094 2356 1268 2433 Thenteus,

137 2463 308 2529 Nicolaum
324 2464 428 2530 filium
443 2465 529 2530 Ders
545 2472 578 2530 et
594 2465 680 2531 Ders
696 2465 799 2530 filium
816 2465 958 2530 eiusdem
974 2465 1122 2548 magistri
1138 2463 1266 2530 Nicolai

139 2573 412 2637 convictusfuisse
437 2580 585 2658 repertus
596 2575 729 2651 exstit't,
746 2580 875 2638 meante
893 2569 976 2658 (lgy)
1002 2571 1130 2638 Chanar
1156 2573 1270 2638 iuvene

138 2682 212 2745 aule
223 2683 310 2764 regie
326 2689 358 2746 et
374 2681 508 2746 Andrea
519 2682 584 2747 filio
596 2683 739 2748 Lorandi
757 2682 876 2748 domini
887 2681 1050 2748 Dominici
1060 2681 1136 2746 bani
1148 2680 1187 2745 de
1197 2681 1269 2746 Ma-

137 2788 217 2873 chyo
228 2789 468 2868 hominibus,ad
479 2792 636 2873 exigenda
646 2793 717 2874 ipsa
727 2790 846 2855 iudicia
858 2791 1031 2874 deputatis,
1039 2797 1228 2872 occupatam
1239 2795 1271 2852 et

137 2898 199 2980 ipsi
210 2898 319 2962 comiti
329 2897 451 2962 Thome
469 2900 674 2982 applicatam,
685 2920 742 2962 nec
752 2898 837 2962 idem
848 2899 1003 2979 magister
1015 2897 1199 2980 Stephanus
1211 2919 1270 2961 nec

138 3007 241 3071 eciam
253 3008 407 3090 magister
424 3007 547 3072 Paulus
564 3009 665 3072 frater
675 3029 759 3084 snus,
770 3027 829 3070 uec
839 3007 895 3070 alii
906 3007 1001 3070 vicini
1013 3012 1045 3070 et
1059 3005 1269 3071 commetanei

137 3114 324 3178 eorumdem
349 3115 465 3198 quibus
493 3115 533 3181 ad
559 3116 779 3180 redimendum
795 3115 987 3198 pertinebat,
1003 3119 1112 3196 preter
1128 3165 1159 3178 ..
1183 3113 1268 3196 capi·

133 3221 244 3286 tulum
260 3221 392 3287 ecclesie
409 3220 769 3307 Quinqueccclesiensis,
786 3225 838 3288 cui
862 3223 962 3288 eciam
978 3223 1108 3287 racione
1124 3222 1268 3285 vicinita-

135 3329 177 3392 tis
195 3335 228 3392 et
244 3333 534 3397 commetancitatis
551 3333 592 3397 ad
608 3331 830 3396 redimendum
846 3333 1007 3414 pertinere
1026 3329 1268 3406 dinoscebatur,

136 3436 260 3518 pluries
276 3461 334 3521 per
350 3461 408 3504 nos
424 3442 536 3505 moniti
562 3447 594 3506 et
610 3441 742 3519 inducti,
759 3439 800 3504 ab
817 3439 926 3504 eodem
953 3438 1068 3503 comite
1085 3437 1211 3502 Thomu
1235 3443 1268 3500 et

137 3545 230 3609 nohis
247 3545 404 3610 redimere
430 3555 463 3612 et
488 3548 527 3612 de
552 3549 630 3632 ipsis
647 3549 772 3614 indiciis
798 3547 983 3612 satisfacere
1000 3553 1173 3624 curarunt,
1198 3545 1268 3608 ideo

137 3675 195 3717 uos
219 3659 323 3718 totam
339 3655 443 3737 ipsam
458 3658 642 3740 porcionem
661 3655 945 3740 possessionariam
965 3653 1179 3737 prenominati
1199 3674 1265 3716 rna·

137 3761 233 3844 gistri
250 3761 408 3846 Stephani
424 3763 463 3829 de
480 3766 731 3847 possessionaria
747 3765 895 3847 porcione
912 3761 1124 3846 prenominati
1141 3759 1269 3824 Nicolai

136 3869 250 3935 fratris
266 3871 317 3935 sui
333 3872 366 3934 in
383 3872 469 3937 dicta
486 3871 625 3938 Suhlous
651 3872 712 3937 sibi
739 3871 930 3952 devolutam,
948 3876 980 3933 et
999 3889 1129 3952 pernes
1146 3875 1182 3932 ut
1197 3890 1268 3952 pre-

137 3979 282 4042 mittitur
297 4000 356 4062 pro
380 3967 508 4047 iudiciis
524 3982 625 4066 ipsius
642 3981 766 4046 comitis
791 3981 921 4061 Thcme,
939 3980 972 4042 in
990 3977 1107 4061 quibas
1123 3976 1268 4060 prefatus

136 4087 295 4167 magister
311 4085 497 4172 Stephanus
514 4091 677 4154 convictus
694 4091 802 4154 fuerat
817 4093 1016 4172 occupatam,
1033 4091 1065 4149 et
1080 4086 1142 4168 ipsi
1159 4086 1268 4150 comiti

136 4193 262 4258 Thome
278 4197 484 4279 applicatam,
511 4222 584 4265 cum
604 4199 751 4264 omnibus
778 4197 867 4262 suis.
885 4247 891 4260 ,
915 4193 1122 4278 pertinenciis
1141 4199 1174 4255 ot
1190 4193 1267 4255 inri-

136 4301 206 4381 hus,
232 4303 318 4369 dicto
344 4307 486 4390 capitulo
513 4305 850 4390 Quinqueecclesiensi
876 4327 934 4388 pro
959 4301 1127 4368 duodecim
1148 4299 1268 4363 marcis

137 4409 345 4476 denariorum
361 4413 502 4480 latorum
517 4417 744 4494 viennensium,
771 4414 949 4498 quamlibet
965 4431 1108 4476 marcam
1125 4431 1195 4473 cum
1213 4429 1269 4471 sex

136 4519 247 4602 peusis
263 4525 487 4604 computando,
513 4547 594 4608 quas
619 4525 704 4590 idem
730 4523 909 4608 capitulum
934 4543 992 4606 pro
1017 4517 1143 4584 iudiciis
1168 4515 1268 4599 ipsius

136 4627 287 4710 magistri
304 4627 463 4714 Stephani
479 4633 571 4699 nobis
587 4635 680 4719 plene
698 4634 786 4699 dedit
803 4641 836 4697 et
852 4631 1027 4716 persolvit.
1045 4679 1051 4692 .
1075 4627 1268 4709 impignora-

137 4757 209 4798 mus
226 4787 233 4802 .
252 4785 257 4798 .
281 4737 341 4800 tali
359 4740 461 4820 modo,
479 4745 564 4824 quod
582 4745 836 4826 quarulocuurpre
852 4742 937 4806 idom
954 4739 1107 4820 magister
1133 4732 1267 4816 Stepha-
