3180 5466
341 551 406 613 544
705 567 889 612 assoononr
908 551 1123 610 ‹anularrim

340 731 495 794 sessiones
512 735 610 811 atque
626 749 677 792 res
694 749 733 793 ac
749 727 893 811 quelibet
908 727 993 790 bona
1009 727 1143 791 condam
1162 726 1309 808 magistri
1335 723 1474 807 Philpus

339 837 379 902 de
395 836 541 919 Korogh,
558 813 620 920 per
632 837 822 918 magistrum
839 833 1009 899 Nicolaum
1027 833 1148 899 dictum
1173 832 1320 914 Treutul,
1337 833 1474 897 Petriim

337 945 441 1011 filium
457 946 562 1023 Pauli,
578 943 749 1009 Nicolaum
767 942 868 1008 filium
885 942 1036 1026 Gregorii
1054 951 1087 1008 et
1103 943 1220 1026 Philpe
1237 942 1276 1006 de
1292 943 1374 1020 Kos,
1386 943 1475 1005 iuxta

338 1053 591 1117 commissionem
624 1051 764 1116 eiusdem
796 1051 915 1116 domini
952 1053 1053 1115 nostri
1085 1052 1170 1133 regis
1202 1051 1235 1114 in
1267 1057 1333 1114 tres
1364 1057 1473 1134 partes

341 1161 509 1244 coequales
541 1160 649 1237 dividi,
668 1161 877 1244 ipsarumque
903 1159 965 1223 due
990 1166 1099 1242 partes
1125 1159 1243 1241 Philpe
1269 1165 1301 1221 et
1317 1157 1472 1222 Ladislao

341 1270 517 1336 maioribus
533 1269 609 1333 filiis
626 1269 702 1333 dicti
728 1269 877 1350 magistri
902 1269 1048 1351 Philpus,
1073 1269 1174 1332 tercia
1190 1288 1264 1331 vero
1280 1289 1357 1350 pars
1374 1266 1471 1330 nobih

340 1379 466 1442 domine
482 1377 593 1442 relicte
610 1377 752 1441 eiusdem
769 1377 913 1458 magistri
939 1375 1077 1459 Philpus
1102 1399 1173 1468 cum
1206 1374 1375 1458 Stephano
1392 1377 1469 1439 iuni-

340 1488 388 1551 ori
419 1485 484 1550 filio
516 1485 657 1549 eiusdem
690 1485 837 1566 magistri
868 1483 1005 1566 Philpus
1038 1486 1194 1548 committi
1232 1484 1419 1548 debuissent
1441 1493 1470 1548 et

341 1594 510 1677 assignari,
527 1592 585 1656 tali
602 1593 704 1670 modo,
721 1593 805 1674 quod
823 1592 910 1656 dicta
926 1591 1041 1656 nobilis
1067 1593 1197 1656 domina
1212 1594 1319 1676 ipsum
1337 1591 1470 1675 Stepha-

341 1723 418 1765 num
436 1721 570 1784 puerum
587 1701 620 1762 in
637 1705 749 1764 tenera
775 1705 861 1762 etate
886 1700 1105 1780 constitutum,
1121 1699 1159 1762 de
1177 1700 1277 1762 tercia
1292 1706 1387 1781 parte
1403 1721 1470 1782 pre·

343 1799 503 1874 dictarum
519 1808 752 1891 possessionum
778 1813 810 1870 et
826 1829 934 1871 rerum
958 1807 1098 1870 nutriret
1114 1813 1145 1870 et
1169 1807 1332 1872 incudem
1349 1827 1470 1872 conser-

338 1924 437 1995 varet,
448 1919 475 1981 si
492 1923 599 1982 autem
625 1915 712 1980 dicta
737 1915 854 1980 nobilis
878 1915 1007 1979 domina
1023 1915 1171 1979 maritari
1187 1916 1292 1994 vellet,
1307 1922 1387 1980 tunc
1402 1937 1468 2000 pre·

340 2027 460 2090 dictum
472 2024 673 2107 Stephanum
692 2045 827 2107 puerum
844 2025 979 2107 predicti
1010 2024 1183 2090 Ladislaus
1208 2033 1241 2088 et
1266 2024 1384 2107 Philpe
1407 2045 1468 2088 ma·

339 2135 423 2198 iores
448 2133 565 2198 fratres
591 2133 641 2198 sui
658 2153 731 2196 cum
755 2134 858 2197 tercia
882 2139 976 2216 parte
1002 2133 1162 2197 dictarum
1187 2133 1424 2215 possessionum
1438 2139 1468 2195 et

341 2263 448 2306 rerum
466 2240 526 2304 sibi
543 2240 764 2305 devolutarum
789 2248 1033 2319 conservarent3
1058 2247 1091 2305 et
1116 2242 1192 2322 quia
1207 2240 1347 2324 predicti
1373 2240 1466 2305 Ladi-

339 2349 427 2413 slaus
444 2355 476 2414 et
492 2347 608 2430 Philpe
625 2348 762 2412 maiores
782 2347 840 2412 filii
857 2348 936 2412 dicti
952 2349 1089 2432 Philpus
1109 2349 1293 2430 existerent,
1310 2357 1344 2412 et
1360 2369 1465 2413 causas

338 2456 424 2539 ipsos
441 2457 652 2520 communiter
668 2463 837 2538 tangentes
853 2455 967 2520 melius
983 2456 1044 2538 ipsi
1069 2477 1165 2538 quam
1182 2455 1269 2520 dicta
1285 2455 1403 2520 nobilis
1419 2456 1465 2520 do

336 2565 424 2628 mina
440 2571 471 2629 et
488 2561 674 2645 Stephanus
689 2563 844 2646 parvulus
859 2563 946 2627 filius
962 2563 1103 2628 eiusdem
1115 2563 1230 2644 exequi
1246 2571 1388 2645 possent,
1400 2563 1465 2629 ideo

338 2673 487 2737 universa
503 2673 645 2737 literalia
661 2673 877 2737 instrumenta
894 2673 971 2736 dicti
987 2673 1124 2755 Philpus
1144 2673 1177 2736 in
1195 2695 1310 2738 manus
1326 2675 1466 2758 ipsorum

339 2780 486 2846 Ladislai
504 2788 537 2844 et
553 2781 690 2863 Philpus
715 2781 872 2845 maiorum
899 2780 1039 2846 filiorum
1065 2803 1196 2846 suorum
1216 2783 1466 2866 assignarentur,

337 2889 364 2954 si
380 2895 488 2954 autem
504 2889 648 2972 predicte
664 2895 730 2953 tres
755 2911 889 2973 persone
914 2891 947 2953 in
973 2911 1103 2954 causam
1123 2891 1379 2970 attraherentur,
1395 2898 1466 2956 tunc

337 2997 425 3060 dicta
450 2997 565 3062 nobilis
591 2997 719 3060 domina
743 3005 775 3060 et
799 2997 905 3060 iunior
936 2995 1020 3062 lilius
1046 2997 1188 3062 eiusdem
1214 3000 1301 3081 ipsos
1333 3002 1465 3064 maiores

337 3101 419 3167 filios
437 3105 585 3188 magistri
602 3103 738 3187 Philpus
756 3104 798 3169 ad
813 3105 1033 3188 exequendum
1059 3127 1172 3170 causas
1198 3127 1308 3170 eorum
1329 3129 1402 3172 cum
1417 3130 1465 3172 er·

337 3212 444 3293 pensis
461 3212 570 3276 iuvare
587 3219 790 3294 tenerentur,
806 3214 938 3278 tandem
954 3214 1101 3295 predicta
1127 3213 1242 3278 nobilis
1259 3215 1390 3280 domina
1406 3237 1465 3280 una

337 3341 407 3383 cum
424 3319 579 3401 magistro
597 3317 737 3402 Georgio
754 3320 856 3386 fratre
874 3343 939 3402 suo,
951 3342 989 3386 ac
1005 3321 1143 3404 Philpus
1160 3329 1192 3386 et
1207 3321 1384 3388 Ladislaus
1400 3345 1465 3407 pre

337 3427 415 3490 dicti
434 3427 474 3491 ad
493 3436 644 3506 nostram,
661 3429 737 3492 item
754 3427 998 3511 magnificorum
1014 3431 1153 3493 virorum
1165 3427 1300 3495 Oliverii
1321 3433 1464 3513 magistri

337 3537 575 3599 tavernicorum
591 3535 758 3618 regalium,
775 3535 898 3600 Thome
915 3535 973 3600 lilii
990 3537 1080 3601 Petri
1102 3537 1262 3618 quondam
1280 3539 1420 3621 voyvode
1436 3547 1466 3603 et

337 3645 484 3725 magistri
501 3643 662 3708 ‹lohannis
689 3643 798 3708 fratris
824 3645 925 3708 nostri
950 3647 1164 3726 personaliter
1184 3646 1375 3710 accedentes
1400 3669 1463 3730 pre·

337 3753 485 3828 sanciam,
503 3773 599 3832 seque
617 3753 814 3816 exhibicione
830 3753 1001 3816 literarum
1018 3753 1150 3836 capituli
1162 3754 1293 3818 ecclesie
1311 3755 1464 3818 Boznien·

337 3859 379 3921 sis
397 3859 429 3920 in
455 3859 617 3940 premissis
644 3859 836 3923 concordare
862 3881 923 3923 non
950 3859 1088 3924 valuisse
1108 3861 1322 3940 declarantes,
1348 3864 1390 3928 ad
1414 3887 1463 3928 no

336 3971 438 4029 stram
464 3971 496 4029 et
521 3966 738 4047 predictorum
767 3968 924 4031 baronum
956 3968 1194 4033 reformativam
1228 3971 1463 4036 ordinacionem

336 4073 422 4154 ipsos
453 4072 589 4154 benigne
614 4081 712 4155 atque
738 4082 850 4157 sponte
876 4077 908 4140 in
940 4076 1087 4140 omnibus
1112 4078 1276 4160 premissis
1302 4082 1464 4144 commise-

335 4186 429 4262 runt3
455 4179 585 4246 tandem
601 4203 658 4246 nos
677 4204 739 4247 una
763 4205 835 4248 oum
852 4183 1003 4266 predictis
1029 4185 1211 4262 baronibus
1228 4187 1378 4268 partibus
1396 4208 1462 4270 pre-

335 4287 429 4350 dictis
475 4289 653 4353 volentibus
701 4299 733 4353 et
771 4299 883 4374 sponte
932 4291 1183 4374 acceptantibus,
1225 4294 1336 4358 taliter
1378 4297 1461 4378 ipsas

335 4403 446 4477 partes
479 4395 628 4462 duximus
654 4397 883 4476 reformandos,
924 4399 1009 4480 quod
1042 4401 1094 4464 die
1126 4401 1286 4466 dominica
1318 4404 1462 4485 proxima

336 4509 411 4567 ante
443 4505 558 4568 festum
591 4503 836 4569 Purificocionis
877 4507 1010 4588 virginis
1050 4509 1187 4588 gloriose
1216 4510 1361 4590 proxime
1394 4531 1462 4574 ren-

338 4619 456 4690 turum,
495 4614 712 4695 possessiones
754 4613 832 4678 dicti
874 4615 1022 4695 magistri
1063 4616 1200 4698 Philpus
1240 4617 1462 4694 Zombathhel,

338 4718 433 4785 Ezeh.
450 4718 594 4800 Nadasd,
623 4720 783 4804 Kopurna
800 4728 832 4784 et
849 4719 964 4805 Ohapu
980 4731 1099 4800 vocate,
1126 4747 1163 4789 ac
1189 4723 1334 4804 quelibet
1359 4733 1462 4790 cetere
