3138 5462
370 447 433 508 146
719 448 1137 508 11161111161111111111.

369 623 408 687 de
424 621 573 686 Welhou
590 621 789 706 existentem,
806 645 826 687 a
842 621 1003 706 Gregorio
1014 627 1047 687 61
1056 622 1181 687 Jacobo
1196 621 1273 687 filiis
1289 618 1387 704 Opor,
1402 622 1481 687 titulo

369 730 651 814 impignoracionis
667 731 729 797 sibi
744 731 935 812 devolutam,
956 734 1111 815 magistro
1135 731 1270 796 Andree
1286 730 1354 796 filio
1371 729 1482 796 Nicolai

368 838 544 913 castellano
561 839 600 902 de
617 838 765 905 Machow
781 841 921 906 secundo
937 840 989 904 die
1006 839 1081 905 festi
1097 839 1185 905 beati
1196 836 1332 923 Georgii
1349 840 1481 916 martiris,
1559 823 1560 830 ¹

368 947 460 1010 cuius
480 967 564 1010 nunc
589 946 729 1011 secunda
753 947 819 1012 iam
835 947 1036 1030 preteriisset
1059 948 1220 1012 revolucio
1245 929 1409 1024 annualis,¹
1423 969 1481 1012 cum
1559 945 1560 1018 ζ

370 1053 518 1128 omnibus
545 1055 807 1136 ..pertinenciis
834 1054 922 1119 ..ad
939 1054 1082 1133 eandem,
1108 1055 1186 1120 dare
1211 1056 1377 1139 assignare
1402 1076 1436 1119 ac
1456 1057 1481 1118 11
1559 1059 1560 1064 ’

368 1160 544 1226 dominium
560 1160 703 1226 eiusdem
719 1162 856 1226 eundem
872 1163 1064 1245 magistrum
1075 1159 1243 1227 Andream
1259 1163 1362 1228 filium
1372 1162 1482 1228 Nicolai
1560 1159 1561 1164 ’

368 1268 582 1348 introducere,
606 1291 644 1334 ac
668 1270 753 1335 inter
779 1270 941 1353 quandam
970 1270 1068 1335 aliam
1093 1271 1327 1353 possessionem
1357 1273 1482 1336 eiusdem
1563 1291 1564 1300 ³

373 1375 532 1461 Stephani
548 1378 588 1442 de
598 1375 753 1444 Morouth
765 1377 952 1464 Gyanfolua
963 1377 1045 1464 (igy)
1064 1381 1342 1463 etpossessionem
1352 1381 1482 1463 magistri
1554 1410 1559 1425 ·

368 1482 502 1550 Andree
527 1484 585 1550 filii
609 1485 738 1552 Nicolai
764 1486 927 1551 Zelenzad
959 1493 1090 1551 vocatas
1115 1486 1147 1551 in
1172 1486 1258 1552 dicto
1283 1489 1432 1554 comitatu
1452 1488 1483 1552 de

369 1593 517 1664 Wolhow
533 1594 715 1674 existentes,
732 1601 837 1660 certas
847 1602 981 1660 etseras
991 1601 1096 1660 metas
1106 1596 1307 1677 presentibus
1318 1595 1484 1660 Laurentio

371 1701 412 1766 de
427 1701 553 1785 Bodun,
571 1702 620 1766 161
639 1703 819 1768 Benedicto
843 1701 910 1768 filio
936 1700 1037 1786 Gege,
1062 1709 1120 1767 aut
1143 1702 1315 1768 Dominico
1340 1703 1380 1767 de
1406 1701 1482 1786 ohyk

368 1831 426 1893 pro
441 1817 534 1895 parte
550 1811 651 1894 ipsius
668 1813 817 1894 magistri
833 1809 966 1876 Andree
992 1809 1049 1876 filii
1069 1808 1216 1892 Nicolai,
1241 1810 1319 1874 item
1336 1809 1481 1893 Gregorio

367 1918 453 1982 dicto
469 1917 1056 2002 1611116111,161Μ161661611116Ε116,
1077 1923 1134 1982 aut
1150 1916 1309 2001 Gregorio
1326 1917 1392 1983 filio
1408 1917 1483 1982 Mar·
1563 1975 1564 1978 ,

368 2027 441 2091 66111
457 2049 515 2110 pro
532 2033 627 2112 parte
651 2028 752 2110 ipsius
771 2026 918 2109 magistri
936 2025 1094 2108 Stephani
1119 2025 1177 2090 filii
1205 2024 1373 2109 Stephani,
1399 2026 1484 2092 homi-

368 2135 463 2200 nibus
480 2137 600 2200 domini
616 2135 701 2216 regis
721 2135 881 2198 611611111
892 2134 1085 2198 testimoniis
1101 2133 1318 2199 mediantibus
1329 2135 1486 2199 extradere
1563 2193 1564 2198 ,

370 2235 886 2308 6111111161611111616111111
909 2247 1067 2306 metarum
1095 2263 1208 2306 cursus
1233 2242 1265 2307 in
1291 2241 1370 2307 locis
1394 2261 1485 2306 neces·
1558 2243 1559 2246 ’

369 2352 463 2417 161111
480 2372 577 2416 novas
592 2358 696 2417 metas
721 2352 844 2434 erigere
860 2350 911 2416 161
927 2351 1034 2416 facere
1059 2352 1147 2434 erigi,
1173 2351 1272 2416 tercio
1289 2351 1341 2416 die
1357 2351 1484 2417 eiusdem

368 2458 442 2524 festi
457 2458 544 2524 beati
561 2456 695 2542 Georgii
712 2459 854 2523 martiris
870 2465 942 2540 post
962 2459 1200 2524 restitucionem
1226 2466 1259 2524 et
1282 2459 1485 2524 redditionem

371 2565 515 2649 predicte
546 2565 756 2649 possessionis
781 2565 900 2630 Sumus
926 2564 1106 2646 debuisset3
1129 2569 1199 2651 ipso
1224 2567 1336 2650 itaque
1360 2567 1485 2631 termino

317 2661 319 2666 ⁸
368 2673 567 2752 adveniente,
578 2675 649 2756 ipsa
661 2672 825 2740 restitucio
841 2675 1048 2757 possessionis
1066 2673 1185 2741 Sumus
1201 2682 1234 2740 61
1249 2676 1415 2741 renovacic
1431 2695 1485 2738 me

368 2787 475 2846 tarum
492 2781 626 2846 alterius
642 2782 850 2864 possessionis
867 2779 1052 2865 Gyanfolua
1077 2804 1115 2846 ac
1139 2783 1339 2848 introduccio
1365 2783 1484 2847 dominii

369 2908 407 2952 611
424 2889 576 2954 mandato
593 2939 599 2953 .
617 2889 839 2955 Ι1161161161..
857 2889 941 2972 regis
959 2939 965 2952 .
982 2941 988 2954 .
1006 2895 1094 2956 statu
1119 2897 1152 2956 61
1176 2891 1288 2956 ordine
1313 2897 1420 2956 tamen
1443 2911 1486 2955 ee-

368 2997 514 3061 rumdem
530 2997 700 3062 literarum
715 2997 892 3081 supradicti
910 3050 916 3064 .
933 3048 940 3062 .
956 2999 1054 3064 Pauli
1070 2999 1185 3064 iudicis
1195 3001 1284 3065 curie
1300 3050 1307 3064 .
1326 3052 1332 3064 .
1349 3001 1389 3065 ad
1405 2999 1486 3084 quin-

368 3103 468 3168 denas
484 3105 657 3169 residencie
674 3105 833 3170 exercitus
849 3105 926 3170 dicti
943 3106 1065 3172 domini
1081 3108 1165 3189 regis
1182 3107 1296 3173 fuisset
1310 3114 1487 3193 prorogata

368 3211 498 3276 tandem
514 3213 631 3278 iterum
647 3214 726 3297 ipsis
743 3213 913 3295 quindenis
930 3213 1105 3278 residencie
1124 3216 1284 3280 exercitus
1309 3217 1426 3299 regalis
1440 3213 1486 3278 ad·

370 3319 579 3400 venientibus,
595 3342 667 3385 cum
684 3319 809 3404 prefato
828 3321 1010 3386 Laurencio
1025 3321 1065 3385 de
1081 3322 1198 3387 Bodun
1224 3323 1353 3388 homine
1378 3321 1486 3387 domiui

369 3427 454 3509 regis
486 3427 661 3494 discretum
686 3430 790 3494 virum
824 3431 1017 3512 magistrum
1042 3430 1068 3494 J
1069 3430 1228 3494 ohannem
1260 3433 1413 3496 maiorem
1436 3450 1487 3514 pro
1563 3487 1564 3490 ,

368 3540 461 3618 parte
478 3537 579 3618 ipsius
595 3537 743 3619 magistri
759 3535 892 3602 Andree
907 3536 966 3602 filii
983 3537 1123 3618 Nicolai‚
1140 3561 1198 3622 pro
1208 3545 1302 3623 parte
1312 3561 1387 3604 1616
1396 3540 1488 3622 ipsius

369 3643 526 3726 Stephani
552 3644 610 3709 filii
636 3644 793 3729 Stephani
818 3667 891 3712 cum
916 3646 1079 3711 Michaele
1103 3647 1169 3712 filio
1187 3649 1270 3732 Elye
1287 3650 1435 3714 similiter
1449 3647 1488 3712 di·

368 3747 508 3816 scretum
534 3753 635 3816 virum
661 3755 852 3836 magistrum
877 3753 966 3818 Bene
991 3753 1141 3820 lectorem
1168 3755 1301 3832 66616116
1327 3762 1434 3822 nostre
1452 3754 1488 3819 ad
1563 3801 1564 3804 ,

370 3859 556 3941 exequenda
581 3860 739 3943 premissa
764 3883 823 3945 pro
848 3862 1031 3926 testimonio
1056 3865 1303 3942 transmisimus,
1329 3867 1386 3948 qui
1410 3869 1490 3948 post·

368 3967 496 4044 modum
514 3967 556 4032 ad
572 3968 764 4033 1611616111
781 3967 872 4034 nobis
898 3970 1097 4036 concorditer
1121 3972 1490 4038 161111611111111111611.

368 4073 542 4155 quodcum
567 4075 629 4156 ipsi
645 4077 679 4140 in
695 4076 848 4158 predictis
874 4077 1043 4160 quindenis
1068 4079 1244 4145 residencie
1269 4083 1427 4146 exercitus
1442 4082 1491 4144 de

367 4182 445 4246 mini
462 4185 564 4248 nostri
580 4185 666 4266 regis
682 4185 725 4248 ad
745 4185 859 4250 faciem
885 4187 970 4251 dicte
986 4189 1195 4269 possessionis
1212 4188 1332 4254 Sumus
1349 4190 1491 4256 accessis·

369 4297 448 4370 sent,
464 4293 645 4372 convocatis
655 4292 768 4357 vicinis
778 4299 810 4358 et
821 4298 1048 4361 commetaneis
1058 4297 1141 4363 dicte
1157 4300 1368 4381 possessionis
1379 4297 1491 4365 Sumus

370 4398 524 4464 universis
545 4406 577 4462 et
594 4399 729 4482 singulis
745 4406 779 4464 61
796 4401 876 4482 ipsis
901 4404 1111 4484 presentibus,
1138 4405 1284 4489 prefatus
1311 4406 1491 4490 Stephanus

366 4503 452 4568 filius
469 4504 625 4588 Stephani
641 4507 680 4572 de
696 4506 854 4573 Morouch
873 4509 1032 4592 prefatam
1049 4513 1281 4594 possessionem
1298 4513 1417 4579 Sumus
1433 4513 1495 4583 snb.

368 4610 490 4695 eisdem
505 4612 608 4692 metis,
624 4613 740 4694 quibus
757 4615 817 4680 sibi
828 4637 885 4699 per
895 4617 1057 4699 predictos
1075 4615 1269 4702 Gregorium
1287 4627 1320 4686 61
1336 4621 1492 4688 Jacobum
