3180 5470
368 473 431 531 376
718 482 903 530 anrouuoar
920 467 1133 528 ousrlnrrlsu.

367 651 482 711 propter
512 651 618 696 metum
657 645 793 695 exercitus
818 649 962 696 turcorum
984 645 1134 706 inaquam
1156 644 1313 695 cecidissett
1337 661 1349 693 s
1371 644 1489 694 atnerlre·

372 737 482 803 serven,
496 736 615 800 pecsetjc
636 737 659 787 is
681 737 866 800 megromlott.
888 736 930 786 Aa
944 735 1029 812 eluat
1042 735 1173 798 erede‘tije
1191 750 1309 802 megvau
1330 750 1363 784 az
1385 749 1450 784 orsz.
1462 735 1489 784 lt.

368 829 467 878 kincst.
483 833 550 878 oszt.
564 828 598 876 N.
611 827 646 878 R.
661 827 692 877 A.
710 830 785 877 1589.
802 831 825 876 9.
839 825 906 890 dipl.
920 830 986 875 oszt.
1002 830 1080 876 4126.
1095 826 1195 876 Kozli:
1217 826 1325 876 Kovacs
1339 825 1372 874 N.

852 1007 1012 1016 ’,ψῃ-

893 1173 968 1235 225.

371 1335 466 1397 1350.
484 1333 590 1412 Bada,
606 1336 679 1418 rrau'j.
699 1334 749 1397 12.
772 1332 889 1396 Turario
905 1331 1085 1416 orszdpbr‘ro'
1110 1333 1254 1416 Majtc'ap
1270 1333 1300 1396 es
1317 1329 1405 1416 Apuj
1420 1337 1488 1392 irent

370 1443 510 1527 Pozsony
525 1442 703 1526 vdrmopyei
719 1439 859 1504 birrololc
875 1440 973 1503 tezen
987 1439 1155 1526 nyclczcan
1171 1439 1244 1504 told
1261 1437 1366 1524 foldet
1382 1437 1489 1501 nullus

530 1547 632 1613 reddor
648 1548 800 1612 attention
817 1547 964 1633 Elefdati
978 1548 1106 1635 Mdtyc'o
1129 1547 1259 1629 flainalt
1277 1548 1336 1612 z're'l.

473 1709 543 1776 Nos
560 1711 701 1776 Thomas
716 1711 812 1778 iudex
838 1711 926 1775 curie
952 1761 983 1776 ..
1009 1709 1227 1794 significamus
1252 1760 1282 1774 ..
1309 1711 1483 1794 quodcum

367 1819 458 1884 iuxta
468 1821 701 1884 continenciam
711 1820 856 1902 priorum
871 1820 1042 1885 literarum
1058 1825 1241 1885 nostrarum
1264 1840 1322 1902 per
1333 1819 1487 1884 dominum

368 1925 540 1992 Nicolaum
556 1925 738 2009 palatinum
754 1933 904 2006 actorem,
923 1926 1097 1992 Nicolaum
1113 1925 1275 1990 Mathiam
1292 1933 1325 1990 et
1340 1925 1487 1991 Thomnm

368 2030 453 2095 filios
468 2030 597 2096 Mathie
613 2030 652 2094 de
668 2031 834 2111 Elefanth‚
859 2032 995 2098 infacto
1013 2034 1173 2117 particule
1198 2039 1284 2098 terre
1310 2054 1368 2116 per
1392 2034 1487 2116 ipsum

369 2139 533 2204 dominum
559 2138 731 2204 Nicolaum
755 2141 938 2224 palatinum
963 2141 1004 2206 ad
1029 2141 1261 2224 possessionem
1287 2163 1377 2205 suam
1403 2138 1487 2224 Apey

367 2253 521 2326 vocatam,
537 2269 595 2331 per
610 2248 696 2332 ipsos
712 2269 786 2313 vero
797 2248 879 2314 filios
895 2248 1022 2315 Mathis
1032 2251 1110 2333 ipsis
1126 2250 1383 2333 impignoraticio
1399 2249 1485 2314 titulo

367 2357 529 2440 pertinere
547 2358 694 2440 allegato,
710 2358 744 2422 in
761 2359 881 2423 octavis
897 2359 984 2425 beati
1001 2360 1137 2425 Martini
1158 2358 1348 2423 confessoris
1365 2359 1398 2422 in
1413 2379 1488 2423 anno

368 2466 517 2530 dominia
543 2474 555 2502 ⁰
579 2465 699 2534 OOO¹⁰⁰
716 2467 820 2532 ΧΙ]1110
840 2489 923 2532 nono
949 2469 1112 2551 preteritis
1138 2467 1353 2532 exhibiciones
1378 2468 1488 2532 instru-

367 2575 524 2639 mentales
540 2573 609 2638 fieri
627 2573 813 2640 debuissent
828 2593 935 2640 coram
953 2575 1053 2658 nobis,
1070 2577 1139 2659 ipso
1156 2575 1294 2640 termino
1309 2579 1488 2640 occurrente

366 2681 450 2746 idem
468 2681 615 2746 dominus
640 2683 805 2765 palatinus
830 2682 949 2748 dictam
974 2683 1207 2766 possessionem
1232 2681 1327 2768 Apey
1351 2689 1487 2748 vocatam

368 2789 530 2870 quondam
555 2789 683 2869 Jacobi,
716 2792 772 2871 qui
797 2791 873 2856 olim
898 2793 931 2856 in
957 2813 1016 2857 sua
1047 2792 1298 2876 congregacione
1331 2790 1487 2856 comitatui

369 2895 557 2962 Posoniensi
571 2897 734 2963 celebrata
750 2920 807 2983 per
823 2900 945 2965 iuratos
962 2907 995 2965 et
1010 2900 1131 2966 iudices
1148 2899 1303 2965 nobilium
1320 2921 1358 2965 ac
1373 2901 1488 2964 unirer-

367 3006 495 3070 sitatem
520 3005 662 3070 eiusdem
687 3007 858 3072 comitatus
884 3007 1027 3091 sculptor
1052 3014 1085 3072 et
1109 3013 1313 3073 conservator
1344 3008 1488 3073 falsorum

367 3113 547 3196 sigillorum
563 3113 710 3178 decretus
727 3115 909 3198 exstitisset,
936 3117 1065 3182 racione
1081 3117 1130 3181 sui
1146 3117 1226 3181 iuris
1251 3116 1446 3200 palatinatus
1461 3121 1488 3178 et

367 3243 406 3286 ex
431 3221 523 3303 regia
547 3221 680 3304 speciali
705 3223 1011 3308 instrumentalique
1037 3223 1212 3290 collacione
1238 3224 1299 3289 sibi
1326 3224 1488 3307 pertinere,

367 3329 553 3411 dictamque
593 3330 786 3411 particulam
822 3338 912 3396 terre
953 3331 1128 3415 litigiosam
1170 3333 1213 3397 ad
1243 3333 1378 3396 eandem
1402 3329 1488 3413 Apep

368 3437 508 3502 attinere
521 3435 640 3500 debere
656 3437 823 3520 allegerat,
842 3438 896 3504 ubi
913 3440 1116 3523 supradictus
1142 3439 1299 3505 Nicolaus
1325 3439 1410 3504 filius
1426 3439 1488 3504 Ma-

367 3545 434 3610 thie
459 3565 517 3627 pro
543 3565 576 3608 se
601 3546 815 3626 personaliter
841 3552 873 3610 et
897 3568 956 3630 pro
982 3547 1137 3631 predictis
1162 3547 1318 3612 fratribus
1344 3549 1410 3612 suis
1425 3568 1488 3611 cnm

367 3654 597 3736 procuratoriis
622 3655 726 3720 literis
752 3663 925 3722 conventus
950 3657 989 3722 dc
1014 3656 1122 3723 Zobor
1137 3657 1283 3736 astando,
1309 3656 1490 3722 exhibuerat

369 3760 459 3825 uobis
476 3761 589 3826 literas
605 3763 738 3846 capituli
755 3764 886 3830 ecclesie
902 3765 1076 3830 Nitriensis
1101 3767 1187 3853 inter
1211 3771 1320 3830 cetera
1336 3765 1488 3830 continen-

366 3875 422 3950 tes,
449 3868 534 3949 quod
564 3869 597 3933 in
628 3891 712 3934 anuo
744 3871 865 3935 domini
891 3873 942 3938 Μο
966 3871 1086 3940 000ΠῚο
1112 3872 1218 3938 XL¹¹¹⁰
1244 3875 1345 3938 tercio
1374 3873 1489 3938 Paulus

368 3977 473 4042 dictus
489 3975 624 4057 Chuma‚
640 3978 771 4044 Adaam
788 3987 821 4045 et
837 3980 861 4045 J
863 3982 1006 4046 ohannes
1025 3981 1082 4045 filii
1099 3981 1191 4046 Petri
1217 3981 1257 4046 de
1281 3981 1366 4047 Zala
1390 4001 1489 4044 coram

366 4085 476 4149 eodem
501 4086 643 4168 capitulo
669 4085 829 4152 Nitriensi
861 4089 1082 4171 compar-endo,
1113 4089 1278 4172 quandam
1304 4088 1488 4173 particulam

367 4198 453 4256 terre
469 4191 564 4276 Apey
581 4199 736 4276 vocatam,
753 4195 918 4278 octaginta
942 4197 1056 4279 iugera
1081 4197 1219 4261 arabilia
1235 4197 1268 4260 in
1285 4218 1318 4262 se
1334 4195 1490 4262 continen-

367 4305 442 4376 tem,
460 4320 479 4363 a
495 4307 588 4382 parte
604 4308 762 4366 metarum
785 4303 863 4367 dicti
879 4305 971 4368 Petri
987 4305 1028 4368 de
1043 4304 1127 4370 Zela
1143 4310 1176 4369 et
1190 4326 1210 4368 a
1225 4311 1321 4388 parte
1339 4313 1490 4370 metarum

366 4406 441 4471 ville
466 4406 649 4492 Magyarad
674 4411 883 4490 adiacentem,
910 4411 943 4476 in
969 4433 1065 4495 quam
1097 4413 1228 4496 quidem
1254 4413 1385 4480 arabilis
1411 4421 1490 4480 torre

366 4514 559 4597 particulam
575 4514 721 4580 Jacobus
737 4522 769 4582 et
785 4517 954 4584 lohannes
965 4518 1023 4584 filii
1034 4516 1167 4584 Androe
1182 4519 1222 4584 de
1239 4520 1382 4604 Ohepan,
1399 4523 1490 4586 Petro

367 4620 406 4686 de
426 4621 509 4687 Zala
535 4623 679 4706 predicto
705 4625 789 4708 patri
816 4625 1000 4692 corumdem
1026 4649 1085 4711 pro
1110 4628 1354 4712 quatuordecim
1378 4629 1489 4695 marcis
