3180 5466
562 525 655 586 1352.
675 541 766 586 aaran.
785 525 835 584 27.
1188 523 1249 584 551

113 703 248 768 ecclesie
265 703 304 768 de
321 704 439 782 Bozok,
457 703 542 788 quod
567 703 668 767 frater
693 701 718 767 J
719 702 861 768 ohannes
881 701 981 766 abbas
997 703 1036 768 de
1053 701 1167 766 Pilisio
1184 703 1247 785 pri·

112 811 187 876 dem
204 812 435 895 possessionem
457 811 615 877 Marouth
639 815 786 876 vocatam
811 811 896 874 inter
921 811 1027 893 ipsum
1054 815 1086 874 et
1113 810 1250 875 eundem

113 919 268 984 abbatem
286 919 324 983 dc
342 919 457 984 Pilisio
473 919 656 1002 litigiosam,
673 938 735 982 non
756 918 930 984 secundum
948 919 1183 984 continenciam
1201 917 1250 984 sui

112 1027 277 1110 privilegii
294 1027 537 1109 reambulasset,
553 1033 657 1092 metas
674 1025 817 1090 eiusdem
833 1027 924 1092 iuxta
941 1048 1031 1091 suam
1050 1015 1249 1092 voluntatem

112 1135 275 1218 erigendo,
300 1136 333 1200 in
359 1135 573 1220 preiudicium
600 1133 743 1218 predicte
769 1134 901 1198 ecclesie
926 1155 983 1199 sue
1002 1141 1034 1200 et
1063 1156 1247 1218 gravamen,

112 1263 212 1326 super
228 1264 291 1325 quo
307 1294 314 1308 .
332 1291 338 1306 .
362 1243 562 1322 mandamus,
589 1249 747 1326 quatenus
764 1248 906 1308 restrum
922 1243 1061 1307 mittatis
1086 1242 1247 1308 hominem

111 1372 172 1432 pro
198 1350 382 1416 testimonio
407 1349 612 1434 fidedignum,
640 1371 703 1433 quo
729 1357 877 1434 presente
894 1347 1072 1433 Gregorius
1097 1349 1135 1414 de
1161 1348 1250 1436 Ohey

112 1459 161 1523 vel
178 1459 322 1524 Thomas
338 1457 505 1524 Worbook
522 1464 581 1523 aut
596 1459 680 1523 alter
697 1457 838 1524 Thomas
849 1458 888 1524 de
899 1457 1043 1536 Ohalxan,
1054 1457 1126 1524 aliis
1138 1457 1249 1524 absen-

111 1566 200 1632 tibus
217 1566 312 1631 homo
327 1571 446 1644 noster,
458 1566 499 1630 ad
514 1566 696 1650 predictum
713 1567 877 1631 dominum
894 1565 1044 1630 abbatem
1060 1566 1249 1646 accedendo,

112 1675 253 1740 eundem
270 1679 384 1739 contra
399 1673 581 1756 predictum
597 1675 796 1758 prepositum
821 1675 853 1738 iu
881 1679 1025 1740 nostram
1051 1665 1160 1739 evocet
1175 1696 1248 1758 pre·

113 1785 256 1848 sanciam
275 1782 317 1848 ad
333 1788 461 1848 octavas
475 1781 538 1846 diei
554 1781 717 1860 Oinerum,
728 1781 943 1846 instrumenta
959 1803 1017 1846 sua
1034 1783 1248 1867 privilegialia

112 1897 216 1958 metas
234 1892 322 1956 dicte
338 1891 548 1974 possessionis
564 1890 744 1974 tangencia,
761 1896 794 1955 et
810 1890 993 1973 specialiter
1002 1889 1164 1975 predictas
1174 1894 1244 1958 lite·

112 2022 167 2064 ras
184 2021 261 2064 suas
278 1998 557 2076 reambulatorias‚
574 2019 632 2082 per
649 2019 729 2081 quas
754 1998 915 2081 predictas
941 2003 1043 2065 metas
1059 1999 1162 2084 ipsius
1178 2021 1248 2082 pos·

110 2108 264 2174 sessionis
281 2108 445 2185 erexisset,
461 2107 565 2172 eidem
591 2105 742 2170 exhibere
767 2106 1013 2187 committend03
1039 2113 1072 2172 et
1097 2114 1170 2190 post
1188 2108 1249 2174 hec

110 2217 227 2281 seriem
244 2215 388 2298 predicte
415 2214 611 2278 evocacionis
630 2265 660 2278 ..
684 2213 879 2278 rescribatis.
904 2213 1030 2278 Datum
1055 2215 1157 2294 Bude,
1174 2216 1247 2282 sab·

110 2325 190 2390 bato
207 2324 353 2408 proximo
370 2327 442 2406 post
458 2321 574 2386 festum
590 2320 834 2388 Purificacionis
851 2322 983 2405 virginis
1000 2323 1147 2406 gloriose,
1161 2346 1245 2390 anuo

108 2432 232 2498 domini
248 2433 324 2497 Μιῃο
341 2430 461 2499 000ῐιὶο
478 2431 743 2513 quinquagesimo
754 2430 901 2496 secundo.
917 2430 986 2496 Nos
1003 2432 1125 2514 igitur.
1143 2482 1149 2496 .
1167 2455 1241 2498 cum

108 2541 238 2606 Thema
262 2540 302 2604 de
318 2538 484 2604 Worboolx
509 2539 636 2604 homine
662 2543 769 2603 vestro
794 2537 939 2622 predicto
964 2541 1155 2623 magistrum
1176 2539 1246 2607 An·

107 2651 221 2715 dream
238 2648 358 2715 socium
375 2654 407 2712 et
423 2647 671 2712 concanonicum
687 2652 832 2712 nostrum
859 2647 900 2711 ad
925 2648 1115 2731 premissam
1133 2669 1243 2715 evoca·

108 2760 235 2824 cionem
252 2757 432 2824 faciendam
449 2778 507 2842 pro
523 2759 708 2822 testimonio
718 2759 868 2824 duximus
878 2759 1172 2839 transmittendum,
1186 2761 1243 2843 qui

107 2916 138 2930 ..
156 2865 250 2930 nohis
266 2866 419 2931 dixerunt
433 2867 466 2930 in
484 2866 569 2930 hunc
594 2865 731 2943 modum,
749 2867 836 2949 quod
861 2865 941 2932 feria
966 2867 1080 2950 quinta
1095 2869 1242 2950 proxima

108 2979 187 3039 rante
205 2973 398 3038 dominicam
414 2973 630 3051 Invocauit,in
647 2975 842 3040 monasterio
851 2973 945 3039 beate
954 2975 1088 3057 virginis
1105 2975 1144 3040 de
1162 2975 1244 3041 Stri-

109 3081 216 3165 goni0,
233 3081 436 3165 presentibus
462 3080 586 3146 duobus
600 3079 757 3174 iratribus
784 3083 832 3146 sui
859 3081 980 3147 ordinis
997 3082 1119 3148 scilicet
1135 3105 1243 3149 mona·

105 3189 186 3266 chis,
202 3190 308 3272 ipsum
334 3188 483 3252 abbatem
508 3189 547 3252 de
573 3189 685 3254 Pilisio
711 3189 753 3254 ad
778 3195 907 3254 octavas
933 3190 995 3254 diei
1023 3188 1176 3256 Oinerum
1201 3193 1242 3257 ad

104 3299 308 3382 presenciam
333 3303 438 3362 vestre
463 3296 653 3364 excellencie
680 3305 873 3376 evocassent,
892 3298 1004 3363 literas
1021 3320 1095 3364 suas
1111 3299 1241 3384 privile·

105 3407 212 3489 giales
229 3401 340 3488 (super
358 3402 459 3490 lacto)
475 3405 684 3488 possessionis
701 3403 856 3470 Marouth
876 3405 1016 3489 litigiose
1033 3413 1065 3471 et
1081 3407 1241 3473 aliaslite-

106 3535 161 3579 ras
178 3511 450 3578 reambulatorias
468 3533 564 3595 snper
589 3512 699 3578 eadem
726 3514 925 3596 possessione
952 3515 984 3578 in
1009 3517 1175 3597 presencia
1192 3537 1241 3581 ve·

105 3629 177 3687 stra
194 3623 298 3688 eidem
315 3620 466 3688 exhibere
482 3621 729 3702 committendo;
751 3621 830 3686 item
846 3623 878 3686 in
895 3623 945 3688 his
963 3645 1025 3688 non
1043 3625 1192 3702 contenti,
1204 3625 1238 3689 in

106 3731 251 3814 quadam
268 3731 345 3796 villa
361 3729 503 3795 eiusdem
520 3729 649 3794 abbatis
674 3729 714 3794 de
733 3729 847 3795 Pilisio
864 3730 1020 3796 Marouth
1037 3739 1157 3810 vocata,
1182 3733 1240 3798 vil·

104 3841 169 3905 lico
186 3845 222 3904 et
238 3839 311 3903 aliis
324 3837 508 3903 hominibus
524 3837 556 3900 in
572 3836 684 3901 eadem
701 3836 911 3902 existentibus
927 3837 1142 3905 notificarunt.
1173 3840 1240 3906 Da·

105 3954 175 4012 tum
203 3946 284 4011 feria
310 3944 448 4009 secunda
473 3945 618 4026 proxima
644 3949 715 4026 post
739 3943 932 4010 dominicam
957 3945 1131 4024 Invocavit,
1155 3969 1239 4013 anno

105 4054 228 4120 domini
248 4052 442 4136 supradicto.

219 4237 345 4300 Papiron,
359 4235 484 4285 sarlaten
498 4233 805 4297 pecsettdredekeiv013
832 4233 962 4298 eredetijs
984 4250 1016 4285 az
1043 4249 1112 4285 orez.
1126 4237 1156 4284 lt.
1171 4235 1238 4298 dipl.

106 4335 174 4377 cszt.
190 4330 269 4376 4256.
289 4327 388 4376 szli:
408 4325 516 4374 Koraos
536 4325 569 4373 N.
