3180 5466
699 497 884 542 uuronuoar
902 485 1120 542 onnrlrrrrtu.

873 733 946 792 316.

344 911 439 974 1351.
456 917 510 972 oct.
526 910 555 972 8.
581 907 610 970 A
619 910 729 993 jussui
744 918 870 972 corruent
885 908 955 972 cleu
975 908 1097 973 Soanos
1108 909 1236 973 Iva'nlcc
1252 912 1284 973 c's
1304 911 1472 996 Eyyedfiai

344 1021 485 1104 biemsyoe
502 1016 681 1080 emberdldsi
695 1017 744 1100 dij
758 1017 991 1102 megfiactbete'se
1008 1018 1103 1101 cdgett
1136 1017 1264 1106 Tdbduy
1280 1027 1362 1081 saevit
1374 1017 1475 1102 Abcuj

345 1126 524 1213 edrmepyei
539 1126 570 1188 es
585 1125 714 1211 Mcgper
729 1133 810 1188 *nevil
837 1125 985 1210 Zemplec
1010 1128 1190 1213 vdrmepyee'
1215 1126 1396 1191 birtolculcet
1424 1127 1473 1190 Pe-

530 1235 646 1300 thewch
653 1235 769 1318 fislack
785 1235 955 1299 Ja'raosualc
971 1234 1046 1298 ereb
1064 1239 1143 1299 droa
1160 1233 1298 1320 eladjdla.

454 1415 523 1481 Nos
538 1413 693 1480 Nicolaus
719 1416 904 1498 prepositus
928 1420 962 1478 et
987 1423 1162 1481 conventus
1189 1417 1379 1481 monasterii
1397 1415 1474 1479 beati

348 1525 373 1590 J
374 1525 489 1591 oannis
504 1524 654 1608 Baptiste
670 1522 710 1588 de
725 1521 751 1588 J
752 1543 833 1588 arou
848 1524 1001 1588 memorie
1018 1525 1288 1606 commendamus,
1305 1523 1392 1605 quod
1410 1545 1475 1588 cnm

348 1636 440 1698 iuxta
464 1633 697 1699 continenciam
722 1633 941 1699 literarum..
966 1633 1088 1698 Thome
1114 1633 1230 1699 iudicis
1264 1633 1401 1698 curie..
1426 1631 1475 1696 Jo

349 1743 473 1808 hannes
488 1741 573 1808 lilius
590 1741 725 1808 stnha
741 1741 781 1806 de
798 1739 918 1807 Sumus
935 1743 969 1806 in
986 1741 1106 1808 octavis
1123 1741 1196 1806 festi
1212 1741 1300 1806 beati
1310 1739 1476 1806 Michaelis

351 1849 547 1931 archangeli,
564 1856 597 1914 et
612 1847 768 1914 Nicolaus
784 1847 870 1913 filius
886 1847 998 1930 Egidii
1023 1849 1062 1913 de
1079 1849 1191 1914 eadem
1208 1845 1328 1914 Sumus
1345 1849 1379 1912 in
1396 1849 1477 1928 quin·

351 1957 441 2022 denis
458 1957 530 2023 festi
546 1957 684 2040 predicti
708 1957 797 2021 beati
823 1955 994 2021 Michaelis
1017 1955 1213 2041 archangeli,
1239 1955 1380 2036 quilibet
1405 1957 1478 2040 ipso-

354 2088 427 2130 rum
443 2065 710 2149 quinquagesimo
725 2085 758 2128 se
775 2063 937 2129 nobilibus
954 2084 1050 2148 super
1066 2071 1169 2130 morte
1185 2085 1241 2128 seu
1260 2063 1478 2129 interfeccione

355 2173 512 2258 Stephani
529 2173 588 2238 filii
604 2173 726 2239 Thome
751 2173 864 2238 fratris
889 2172 997 2256 Kayol
1023 2173 1061 2237 de
1083 2172 1230 2256 predicta
1246 2171 1367 2238 Sumus
1384 2192 1478 2236 sacra·

353 2281 484 2348 mentali
503 2282 705 2364 deposicione
723 2301 757 2346 se
773 2281 947 2364 expurgari
965 2279 1151 2346 debuissent
1167 2301 1275 2344 coram
1291 2279 1393 2357 nobis,
1417 2285 1480 2344 ten·
1571 2365 1572 2368 Ἴ

355 2391 429 2455 dem
445 2389 523 2475 ipsis
538 2390 658 2454 octavis
672 2389 923 2467 occurrentibus,
940 2389 1024 2454 idem
1041 2388 1066 2453 J
1068 2409 1188 2454 oannes
1203 2387 1289 2453 filius
1307 2387 1439 2452 Iwanka
1454 2393 1480 2450 et
1571 2371 1572 2386 ¹

354 2495 511 2562 Nicolaus
535 2495 621 2561 filius
645 2497 755 2579 Egidii
781 2517 819 2561 ac
845 2497 986 2561 Thomas
1011 2495 1113 2560 frater
1138 2495 1246 2579 Kayol
1272 2517 1382 2560 coram
1399 2494 1480 2560 nobis

357 2603 569 2689 personaliter
585 2605 760 2684 constituti,
777 2605 898 2670 dictum
914 2603 1005 2668 nobis
1022 2605 1146 2668 exstitit
1162 2654 1168 2666 .
1186 2629 1193 2667 ;
1217 2603 1304 2686 quod
1322 2603 1382 2688 ipsi
1395 2623 1480 2687 super

356 2719 457 2778 morte
475 2734 531 2778 seu
547 2711 771 2778 interfeccione
789 2711 946 2795 Stephani
957 2711 1014 2777 filii
1025 2713 1124 2796 ipsius
1141 2711 1273 2789 Thome‚
1284 2711 1482 2778 ordinacione

356 2821 530 2906 proborum
541 2823 697 2888 nobilium
707 2823 847 2886 virorum
858 2821 1143 2886 intervenientibus
1155 2827 1187 2884 et
1202 2820 1461 2886 induocionibus.
1477 2871 1482 2882 .

358 2930 400 2996 ad
416 2930 515 2994 talem
531 2929 619 3012 pacis
633 2934 665 2993 et
681 2929 849 2994 concordie
866 2981 872 2994 .
890 2978 896 2992 .
922 2928 1072 2993 unionem
1098 2931 1296 2994 devenerunt
1312 2949 1422 2992 coram
1438 2949 1482 2990 no·

357 3038 416 3115 bis,
442 3035 527 3122 quod
552 3057 611 3121 pre
636 3019 818 3102 omnimoda
841 3037 1066 3103 satisfaccione
1091 3059 1147 3102 seu
1174 3037 1402 3102 interfeccione
1418 3035 1482 3102 su·

358 3147 458 3232 phuni
472 3143 531 3211 filii
547 3145 682 3229 predicti
700 3145 823 3211 Thome
849 3145 960 3212 fratris
977 3145 1119 3228 ipsorum
1136 3145 1303 3229 patruelia,
1320 3151 1354 3209 et
1370 3143 1482 3210 reden·
1570 3225 1571 3228 Ἴ

360 3256 449 3319 cione
480 3259 512 3331 et
541 3254 735 3346 liberaoipne
764 3255 878 3337 capitis
909 3255 1060 3338 ipsorum,
1092 3255 1248 3338 quasdam
1274 3253 1482 3336 possessiones
1570 3287 1571 3308 1

359 3366 502 3448 ipsorum
520 3362 657 3446 Thyhan
673 3365 705 3428 in
723 3365 876 3428 comitatu
888 3361 1273 3448 Abawyuar,etMegyer
1289 3362 1322 3426 in
1340 3363 1483 3427 comitatu

361 3471 567 3556 Zemlynensi
583 3472 764 3550 existentes,
782 3494 843 3555 que
861 3471 1023 3554 quondam
1049 3491 1069 3536 a
1095 3472 1250 3554 magistro
1267 3469 1441 3534 Pethewch
1458 3472 1482 3534 in

361 3601 476 3644 manus
492 3580 639 3663 magistri
664 3581 757 3646 Petri
779 3581 837 3646 filii
855 3579 989 3666 Georgii
1006 3589 1038 3645 et
1055 3603 1185 3646 sucrum
1202 3601 1431 3658 suceessorum,
1446 3580 1482 3641 ri·

364 3686 480 3752 delicet
495 3687 605 3771 Egidii
621 3694 654 3753 et
670 3690 806 3754 Iwanlra
822 3691 926 3773 patris
952 3691 1093 3775 ipsorum
1120 3690 1320 3754 exstitissent
1338 3688 1485 3752 devoluto

363 3797 519 3878 magistro
535 3796 680 3862 Johanni
696 3795 762 3862 filio
780 3799 954 3882 Pethewch
971 3798 1119 3864 similiter
1139 3819 1247 3862 coram
1263 3797 1357 3862 nobis
1374 3793 1485 3862 astanti

364 3923 423 3989 pro
439 3909 568 3968 centum
596 3905 722 3982 marcis,
748 3927 830 3988 quas
854 3905 981 3988 prefato
1007 3905 1129 3970 Thome
1147 3926 1204 3988 pro
1219 3904 1394 3969 homicidio
1417 3903 1486 3968 dicti

365 4009 524 4097 Stephani
540 4013 687 4095 prefatus
701 4016 854 4097 magister
871 4013 896 4078 J
897 4013 1040 4078 ohannes
1057 4015 1178 4078 solvere
1193 4018 1368 4088 teneretur,
1379 4011 1487 4092 etquis
1569 4031 1570 4076 1

366 4121 468 4186 eciam
483 4143 542 4204 pro
569 4121 709 4205 quodam
735 4123 820 4187 facto
845 4122 1017 4208 potenciali
1043 4123 1127 4188 idem
1157 4122 1311 4204 magister
1328 4121 1354 4186 J
1355 4121 1487 4186 ohannes
1569 4139 1570 4158 ³

367 4228 452 4294 filius
469 4229 645 4295 Pethewch
661 4232 824 4316 preposito
841 4229 972 4296 ecclesie
982 4231 1157 4314 Myslensis
1174 4233 1303 4296 centum
1320 4236 1489 4306 maressa

367 4359 426 4422 pro
441 4336 613 4402 homicidio
629 4357 685 4402 seu
702 4344 805 4402 morte
832 4337 857 4403 J
859 4338 994 4403 ohannis
1019 4337 1078 4402 filii
1096 4337 1186 4402 Petri
1210 4335 1351 4402 heminis
1367 4335 1489 4420 popula·

367 4445 412 4510 ris
429 4443 468 4509 de
484 4445 629 4528 Bogdan,
645 4465 703 4531 per
728 4447 863 4511 eundem
880 4444 1053 4510 Nicolaum
1077 4443 1180 4509 filium
1193 4443 1304 4527 Egidii
1329 4443 1489 4508 interemti.

370 4552 525 4617 tredecim
540 4575 666 4620 marcas
692 4575 750 4638 pro
775 4555 885 4620 eodem
911 4551 1047 4618 Nicolao
1067 4551 1133 4617 filio
1158 4551 1267 4637 Egidii
1293 4553 1389 4636 plene
1406 4557 1437 4616 et
1451 4551 1491 4614 in-

369 4667 460 4743 tegre
476 4660 688 4746 persolvisset,
704 4663 776 4727 ideo
786 4662 888 4727 dictas
902 4662 1116 4746 possessiones
1127 4683 1198 4725 cum
1217 4659 1367 4724 omnibus
1385 4709 1391 4723 .
1408 4711 1414 4724 .
1430 4679 1492 4745 per-
