3192 5466
547 447 640 514 1348.
658 472 727 514 ool.
748 447 796 514 ll.
1169 452 1229 514 241

101 631 244 714 proxime
255 630 457 708 celebranda,
469 631 509 694 ab
520 632 668 696 omnibus
685 629 845 696 nobilibus
856 637 888 695 et
898 631 970 696 aliis
980 633 1118 698 cuiusvis
1129 638 1233 698 status

100 745 131 802 et
155 739 351 803 condicionis
376 738 568 816 hominibus,
594 739 636 803 ad
662 739 783 804 dictam
810 739 1095 823 congregacionem
1122 761 1233 805 conve·

100 846 271 926 nientibus,
287 847 396 931 palam
412 853 444 910 et
459 847 583 910 occulte
598 846 745 930 diligenti
761 847 972 930 inquisicione
990 847 1170 931 prehabito,
1187 848 1227 913 de

99 976 142 1036 eo,
160 963 270 1020 utrum
286 956 320 1020 in
331 955 482 1038 predicta
498 957 695 1037 possessione
721 977 833 1020 eorum
860 953 960 1020 Abad
987 961 1098 1020 vocata
1114 957 1147 1020 in
1164 977 1233 1039 pre-

99 1063 182 1128 dicto
208 1062 305 1128 fluvio
330 1065 429 1146 Tyoie
453 1071 566 1149 portus
592 1069 758 1129 consuetus
785 1065 945 1129 exstiterit
961 1086 1018 1128 nec
1035 1085 1083 1142 ue,
1109 1086 1232 1129 meram

99 1171 207 1236 sciatis
223 1177 256 1237 et
271 1173 443 1255 inquiratis
459 1173 638 1250 veritatem,
655 1179 687 1236 ct
703 1174 730 1237 si
746 1171 833 1236 fideli
849 1173 1060 1252 inquisicione
1077 1172 1233 1254 premissa

99 1280 130 1342 in
155 1280 305 1362 predicta
336 1281 413 1346 villa
444 1301 554 1346 eorum
579 1279 781 1363 abantiquo
807 1288 951 1364 tempore
980 1288 1108 1364 portum
1134 1281 1232 1346 fuisso

98 1388 263 1466 scireritis,
277 1396 355 1455 tunc
371 1391 475 1472 ipsum
493 1395 621 1472 portum
638 1389 720 1452 siout
745 1389 925 1470 antiquitus
949 1389 984 1452 in
1010 1389 1121 1454 eadem
1138 1391 1233 1455 exsti·

99 1497 175 1560 tisse
191 1497 413 1580 cognoveritis,
429 1497 550 1562 eisdem
576 1497 610 1560 in
630 1517 767 1579 persona
793 1503 900 1562 nostre
926 1497 1106 1562 maiestatis
1133 1505 1232 1562 resta-

97 1605 197 1670 tuatis
213 1611 247 1670 et
264 1607 341 1688 ipsis
367 1627 494 1672 servare
520 1605 736 1670 committatis
761 1604 886 1668 Datum
902 1605 1005 1686 Rode,
1023 1606 1125 1670 tercia
1151 1605 1233 1670 feria

98 1713 246 1794 proxima
276 1719 351 1778 ante
377 1714 495 1778 festum
525 1713 613 1777 beati
645 1709 736 1777 Galli
766 1711 966 1789 confessoris,
997 1733 1081 1777 anno
1108 1713 1231 1798 domiui

98 1819 276 1886 Millesimo
292 1820 413 1888 COC¹¹¹⁰
430 1821 535 1886 ΧΙι1110
552 1827 672 1885 octavo.

205 1985 334 2048 magea
357 1983 460 2034 numos
482 1965 698 2049 orszagblron'ak
724 1987 799 2034 1355.
822 1981 886 2046 maj.
903 1983 965 2032 nen
987 1982 1098 2032 kiadoa
1120 1983 1232 2032 erueres

98 2073 252 2138 ltdletebdl²
272 2075 402 2137 melynek
415 2073 546 2137 eredetije
560 2089 676 2140 megvan
695 2090 728 2124 az
751 2088 821 2123 orsa.
844 2076 875 2122 lt.
899 2073 998 2122 kincst.
1022 2078 1090 2122 oszt.
1104 2073 1138 2124 N.
1151 2075 1184 2122 R.
1199 2075 1231 2122 A.

100 2169 158 2212 556.
172 2169 217 2214 28.
231 2164 300 2228 dipl.
315 2172 381 2215 oszt.
397 2171 474 2214 3962.
495 2165 595 2214 Kozli:
615 2165 724 2214 Kovr'acs
737 2166 771 2214 N.

628 2562 699 2624 120.

101 2721 193 2784 1348.
205 2719 315 2797 Bada,
331 2732 386 2785 ool.
398 2721 447 2785 17.
466 2719 530 2784 Pal
544 2719 724 2805 orszdpdird
732 2721 802 2785 edo
819 2719 945 2804 Tama,
964 2721 1085 2784 Krasso'
1098 2722 1129 2784 ds
1148 2721 1230 2783 Kevo

98 2827 284 2912 vormegydk
292 2827 471 2913 fdicpdnjo,
486 2828 717 2914 Bosuarrydtelclc
733 2836 813 2890 acolt
829 2829 928 2892 Heces
944 2831 1121 2914 rdrmcppri
1131 2829 1231 2892 birlolc

97 2935 364 3021 rrrlay'rlocjoydrdl
379 2933 512 3013 leaaond,
537 2936 568 2997 a'c
593 2945 643 2998 (ιιι
660 2936 771 2998 [aloda
787 2934 850 2998 lcir.
869 2936 1039 3020 jeppzo'nalc
1064 2936 1173 3020 anprdi
1188 2939 1229 2998 cir.

206 3095 277 3162 Nos
294 3117 398 3162 eomes
409 3096 532 3162 Paulus
543 3095 639 3160 iudex
649 3096 737 3161 curie
754 3146 760 3163 .
778 3144 785 3158 .
802 3097 954 3161 memorie
971 3097 1231 3163 commendamus

96 3256 102 3270 .
120 3256 127 3270 .
145 3206 233 3289 quod
250 3227 323 3270 cum
339 3206 424 3268 inter
439 3205 632 3288 magistrum
649 3204 851 3287 Stephanum
876 3205 1048 3289 specialem
1064 3207 1228 3270 notarium

95 3315 218 3380 domini
236 3314 337 3378 nostri
354 3313 439 3396 regis
455 3319 598 3378 actorem
609 3313 650 3378 ab
661 3335 733 3392 una,
751 3320 784 3378 et
803 3314 887 3378 inter
904 3364 910 3378 .
928 3364 935 3377 .
952 3313 1111 3380 Thomam
1128 3335 1229 3398 quoa-

95 3422 171 3486 dam
188 3421 363 3506 royvodam
390 3420 641 3486 Transilranum
666 3443 752 3486 nunc
771 3424 920 3487 comitem
945 3421 984 3486 de
1009 3421 1180 3487 Katassou
1197 3429 1228 3486 et

95 3530 135 3595 de
151 3530 263 3606 Keue,
290 3549 386 3612 super
403 3529 489 3594 facto
514 3530 682 3594 cuiusdam
707 3537 793 3594 terre
809 3529 1049 3595 Beseneutclulr
1065 3537 1177 3594 vocate
1194 3530 1226 3592 in

96 3641 257 3703 comitatu
274 3637 314 3702 de
323 3637 544 3721 Heuesuyuar
569 3638 658 3702 iuxta
674 3638 906 3721 possessionem
924 3637 1066 3702 eiusdem
1082 3638 1231 3720 magistri

95 3747 259 3830 Stephani
275 3745 455 3810 Baohanad
471 3745 669 3810 nominatam
691 3746 802 3810 habite
828 3752 859 3810 et
885 3744 1061 3822 existentis,
1086 3766 1144 3830 per
1160 3767 1230 3828 pre·

94 3855 220 3920 dictum
247 3853 438 3938 magistrum
464 3851 669 3936 Stephanum
686 3903 692 3916 .
709 3903 715 3918 .
733 3855 861 3918 nomine
885 3860 971 3917 terre
996 3852 1135 3917 hominis
1161 3855 1229 3918 sine

95 3961 217 4028 herede
234 3960 426 4039 decedentis,
453 3982 511 4045 pro
536 3960 690 4044 preclaris
716 3961 923 4027 serviciorum
949 3981 1078 4024 suorum
1104 3963 1228 4026 meritis

94 4068 561 4154 primum..Kar010..1·egi
587 4120 593 4132 .
611 4117 617 4131 .
643 4074 676 4132 et
691 4056 819 4133 demum
846 4119 851 4132 .
869 4120 875 4134 .
901 4067 1063 4132 Lodovico
1088 4070 1156 4151 regi
1182 4070 1230 4133 in·

94 4179 283 4242 desinenter
299 4176 461 4262 impensis,
478 4195 536 4259 per
552 4175 689 4239 eundem
706 4225 712 4238 .
730 4176 950 4240 ,lodovicum
967 4195 1075 4257 regem
1085 4174 1146 4239 sibi
1157 4176 1228 4240 dari

96 4293 130 4350 et
155 4290 316 4369 perpetuo
347 4283 484 4348 conferri
519 4284 636 4366 petite,
662 4289 694 4347 et
719 4305 776 4366 per
801 4285 924 4366 regiam
955 4281 1228 4365 magnificenciam

94 4393 202 4458 eidem
217 4392 376 4475 magistro
393 4390 558 4476 Stephano
574 4391 707 4474 speciali
728 4393 854 4456 notario
864 4412 922 4456 suo
938 4392 1046 4475 vigore
1062 4390 1230 4456 literarum

94 4521 230 4565 suarum
247 4500 432 4582 potencium
458 4499 549 4564 nobis
575 4505 835 4583 presentatarum
861 4499 986 4577 collate,
1013 4499 1141 4564 racione
1158 4515 1230 4562 con-

94 4607 303 4672 tradiccionis
321 4607 510 4671 statucionis
527 4606 669 4671 eiusdem
686 4615 770 4672 terro
787 4629 826 4671 ex
844 4613 937 4691 parte
949 4607 1090 4671 ciusdem
1107 4605 1229 4670 domini

142 4741 295 4777 nasoonosr
312 4729 483 4777 oraturam.
501 4743 526 4778 v.
543 4733 638 4778 norm.
1091 4738 1121 4782 lo
