3226 5462
365 457 405 524 32
715 463 903 524 lasooaoal
920 461 1134 524 caularum.

362 641 446 706 verit
471 661 529 705 uec
544 661 593 724 ne,
628 639 738 706 sciatis
764 647 797 706 et
822 639 996 724 inquiratis
1022 638 1239 706 omnimodam
1263 643 1440 722 veritatem,
1464 642 1505 707 et

363 753 438 832 post
453 747 521 826 heo,
537 754 636 832 prout
651 748 766 813 exinde
775 747 864 814 vobis
874 750 994 814 veritas
1004 748 1193 828 constiterit,
1208 756 1318 814 nostre
1334 751 1501 816 maiestati

364 855 506 924 fideliter
522 859 716 925 rescribatis.
742 859 867 925 Datum
893 858 995 936 Euda,
1020 859 1102 925 feria
1127 867 1219 925 sexta
1243 861 1392 942 proxima
1418 867 1500 926 aute

363 967 556 1034 dominicam
572 969 749 1048 invocavit,
766 989 851 1034 anuo
867 968 988 1034 domiui
999 968 1074 1034 Μῑιὶο
1090 967 1212 1044 CCCmo
1228 968 1333 1034 ΧΙ,1110
1350 970 1500 1052 septimo.

362 1074 480 1144 Vestro
497 1077 596 1160 igitur
612 1075 804 1141 excellencie
829 1076 991 1162 mandatis
1017 1076 1147 1142 obedire
1173 1079 1339 1160 cupientes
1356 1083 1394 1141 ut
1409 1083 1500 1142 tene-

364 1204 447 1262 mur,
468 1184 501 1247 iu
526 1185 777 1268 congregacione
803 1191 915 1249 nostra
940 1183 1085 1268 generali
1111 1184 1315 1249 universitati
1339 1182 1500 1249 nobilium

364 1292 467 1373 partis
493 1289 707 1356 Transilvaue
738 1294 771 1357 iu
804 1291 975 1373 quindenis
1005 1291 1068 1357 diei
1100 1291 1204 1356 medie
1236 1289 1495 1376 Quadragesime

361 1399 492 1484 publica
508 1401 770 1484 promulgaoioue
786 1400 873 1466 facta
890 1400 997 1466 Torde
1013 1400 1186 1478 celebrata,
1203 1422 1223 1465 a
1239 1402 1355 1466 iuratis
1372 1407 1497 1483 septem

365 1509 577 1574 comitatuum
603 1515 636 1573 et
651 1509 813 1575 iudicibus
839 1507 995 1574 nobilium
1020 1531 1059 1574 ac
1083 1508 1124 1574 ab
1149 1509 1307 1574 universis
1334 1507 1499 1574 nobilibus

361 1622 395 1680 et
424 1614 620 1698 ignobilibus
649 1623 682 1680 et
712 1616 896 1700 specialiter
920 1637 940 1682 a
965 1617 1076 1682 vicinis
1111 1623 1143 1680 et
1167 1616 1396 1682 commetaueis
1421 1637 1494 1699 pre·

364 1723 450 1789 dicte
467 1724 628 1806 particule
645 1729 732 1788 terre
749 1724 922 1808 diligenter
947 1725 1140 1804 inquirendo
1157 1748 1187 1790 .·.
1204 1715 1304 1790 talem
1329 1725 1495 1807 potuimus

363 1833 411 1896 rei
436 1834 518 1897 scire
542 1833 721 1914 veritatem,
748 1831 835 1912 quod
862 1830 1027 1914 sepedicta
1051 1832 1213 1914 particula
1237 1838 1325 1898 terre
1350 1839 1438 1896 osset
1465 1838 1499 1896 et

361 1939 537 2006 haberetur
553 1940 641 2004 iutra
657 1961 749 2006 veras
767 1947 870 2006 metas
886 1949 920 2005 et
935 1941 1054 2006 limites
1080 1941 1265 2024 supradicte
1281 1939 1497 2023 possessionis

360 2045 538 2130 Kayautho
555 2048 718 2112 nominate
735 2047 837 2132 ipsius
854 2049 1042 2112 monasterii
1059 2047 1099 2112 de
1110 2045 1345 2113 Ousmonustra
1362 2043 1444 2132 (igy)
1464 2053 1498 2130 et

361 2173 527 2236 nunquam
543 2153 629 2218 circa
646 2155 783 2219 alicuius
808 2155 944 2219 alterius
969 2176 1083 2220 manus
1099 2154 1222 2237 fuisset,
1247 2176 1305 2220 nee
1331 2162 1498 2236 occupata,

363 2262 418 2328 sed
435 2283 561 2344 semper
586 2263 795 2344 pertinuisset
811 2270 843 2327 et
861 2262 967 2328 adhuc
992 2261 1125 2328 deberet
1150 2261 1312 2345 pertinere
1328 2261 1370 2327 ad
1386 2283 1497 2326 mona·
1599 2323 1600 2356 3

361 2373 494 2437 sterium
511 2377 726 2454 prenotatum,
743 2378 776 2436 ct
793 2371 880 2452 quod
896 2371 999 2437 Deme
1015 2371 1156 2438 famulus
1171 2373 1320 2456 magistri
1337 2370 1496 2455 Stephani
1599 2363 1600 2396 ³

360 2475 439 2542 dicti
454 2479 569 2562 Pagan
584 2479 718 2563 propria
734 2500 793 2543 sua
809 2479 1005 2544 auctoritate
1021 2485 1053 2544 et
1072 2478 1233 2544 mediante
1250 2479 1399 2562 potencia
1415 2479 1496 2544 iam-

360 2583 437 2650 dicti
453 2585 574 2652 domini
585 2588 634 2653 sui
651 2586 876 2671 potencialiter·
897 2593 1155 2652 commoraturus
1170 2587 1325 2651 intrasset
1335 2593 1367 2651 et
1387 2589 1495 2651 miuus

360 2691 443 2758 iuste
460 2699 649 2776 occupasset
665 2700 698 2758 et
713 2693 820 2758 adhuc
834 2693 992 2760 detineret
1008 2700 1208 2778 occupatam,
1225 2695 1257 2758 in
1274 2693 1493 2777 preludicium

360 2800 513 2884 sepedicti
538 2803 725 2866 monasterii
751 2823 815 2865 uon
839 2801 1001 2866 modicum
1026 2811 1059 2868 et
1083 2822 1278 2885 gravamen3
1302 2807 1399 2886 prout
1429 2801 1491 2866 hec

360 2909 468 2972 omnia
492 2907 534 2972 ad
559 2915 701 2974 nostram
732 2909 979 2988 requisiciouem
999 2911 1099 2974 iurati
1124 2916 1250 2993 septem
1277 2911 1492 2974 comitatuum

359 3015 461 3081 nostri
477 3035 653 3080 assessores
669 3022 702 3080 et
717 3014 839 3080 iudices
864 3015 1030 3098 nobilium,
1056 3037 1094 3081 ao
1118 3016 1175 3081 alii
1202 3017 1343 3082 universi
1368 3016 1494 3082 nobiles

359 3126 463 3207 partis
480 3123 699 3203 Transilvaue
709 3133 742 3190 et
756 3125 939 3207 specialiter
954 3110 1094 3190 viciniat
1108 3126 1319 3190 commetauei
1333 3125 1493 3208 prelibata

359 3233 568 3316 possessionis
583 3229 761 3316 Kayeutho
777 3253 815 3296 ac
830 3232 989 3314 particule
1005 3239 1092 3298 terre
1118 3231 1356 3316 Tyburchtelke
1372 3241 1494 3312 vocate,

360 3340 401 3406 ad
417 3339 512 3404 fidem
527 3361 637 3404 eorum
654 3340 714 3405 dec
730 3339 874 3405 debitam
889 3361 1114 3406 consonavoce
1124 3340 1338 3409 affirmarunt.
1364 3339 1492 3405 Datum

360 3449 393 3513 in
418 3447 564 3532 predicta
590 3447 708 3527 Tordan,
739 3455 857 3529 quarto
883 3447 935 3512 die
959 3449 1222 3532 congregacionis
1253 3456 1370 3530 nostre,
1402 3468 1490 3512 anno

359 3563 538 3640 prenotato.

466 3721 491 3770 A
511 3719 605 3770 veredi
625 3717 815 3783 ktptalannak
837 3723 912 3770 1372.
932 3725 1013 3770 mart.
1026 3717 1108 3771 25-ἑη
1120 3721 1222 3769 »frater
1235 3720 1396 3770 Hemericus
1406 3721 1494 3770 abbas

360 3809 520 3862 monasterii
548 3811 637 3860 sancti
666 3809 803 3860 Johannis
831 3809 946 3859 diocesis
974 3810 1168 3874 Waradiensis,
1197 3811 1257 3860 vice
1275 3816 1303 3860 et
1322 3809 1460 3860 nomine.
1486 3847 1493 3860 .

366 3901 476 3950 Ottonis
494 3902 603 3950 abbatis
630 3901 798 3956 monasterii,
809 3902 888 3949 beate
907 3901 995 3949 Maria
1014 3901 1129 3966 virginis
1148 3900 1181 3950 de
1200 3901 1424 3950 Olusmcnustret
1445 3899 1493 3948 ke-

360 3990 475 4038 relmere
493 3989 603 4040 kiadott
621 3989 779 4054 etirateuol,
799 3990 927 4052 melynek
946 3989 1077 4052 ermletije
1097 4005 1214 4056 inegvan
1234 4005 1266 4038 az
1287 4005 1355 4038 orez.
1376 3991 1407 4038 lt.
1428 3989 1490 4052 dipl

359 4087 427 4130 cszt.
448 4085 543 4130 26753.
565 4081 663 4130 Kozli:
684 4081 792 4130 Kovacs
811 4081 844 4130 N.
