3180 5470
565 487 660 550 1350.
677 505 766 550 sarr.
788 492 813 548 l.

648 741 721 801 242.

122 903 215 969 1350.
234 901 444 988 Nappcc'rad,
464 923 535 986 arcp.
551 903 581 964 8.
608 897 726 963 Tamds
741 897 921 984 orszdpbr'ro‘
934 924 955 963 c
972 897 1105 964 Szdntai
1136 899 1250 964 Talaria

119 1009 198 1072 decit
214 1012 246 1074 c'e
260 1034 281 1074 a
298 1007 498 1095 napyodradi
515 1017 598 1072 szeat
614 1004 709 1070 Antea
735 1004 908 1068 szcrzetbeli
932 1007 1072 1090 apdczdlc
1097 1005 1165 1070 ledat
1181 1005 1251 1070 Sae-

306 1118 361 1181 ten
378 1115 481 1180 birtolc
497 1117 583 1180 iniat
590 1111 678 1200 folyt
690 1112 807 1198 porbea
823 1113 991 1179 lralaazla'ct
1006 1114 1058 1180 ad.

226 1277 295 1343 Nos
322 1279 463 1344 Thomas
490 1279 586 1344 iudex
602 1277 690 1342 curie
707 1323 713 1338 .
731 1327 738 1340 .
762 1281 795 1339 et
812 1295 916 1340 eomes
933 1275 971 1340 de
989 1275 1122 1344 Thuroh
1138 1275 1251 1343 damus
1380 1323 1381 1327 =

120 1407 178 1468 pro
193 1386 358 1465 memoria,
375 1385 460 1472 quod
471 1407 602 1450 causam
613 1405 711 1470 quam
722 1381 862 1448 Thomas
873 1383 1021 1450 literatus
1032 1383 1117 1450 filius
1127 1385 1252 1450 Johan·

122 1493 168 1558 nis
185 1492 224 1558 de
240 1494 400 1559 Zanthow
416 1491 630 1576 personaliter
645 1498 764 1572 astans,
781 1497 893 1555 contra
911 1491 1057 1557 dominas
1083 1493 1252 1560 sanctimo-

122 1600 223 1666 niales
239 1600 279 1666 de
296 1603 438 1668 claustro
464 1607 575 1666 sancte
600 1599 698 1664 Anne
714 1599 753 1662 de
771 1597 950 1663 Waradino
974 1598 1033 1664 deo
1051 1599 1252 1678 famulantes,

120 1731 178 1791 pro
209 1709 328 1792 quibus
362 1709 531 1774 lohannes
562 1706 703 1772 famulus
733 1712 767 1770 et
797 1713 986 1788 procurator
1019 1709 1204 1774 earumdem
1220 1758 1252 1778 ..

121 1819 313 1901 comparuit,
339 1819 430 1884 iuxta
454 1817 687 1882 continenciam
713 1815 857 1899 priorem
883 1815 1051 1884 literarum
1067 1824 1253 1884 nostrarum

124 1925 155 1989 in
175 1925 297 1990 octavis
313 1925 387 1991 festi
402 1925 492 1990 beati
507 1926 532 1991 J
534 1924 625 1990 aoobi
651 1924 790 2008 apostoli
806 1923 839 1987 in
855 1922 948 1989 factis
973 1927 1119 2008 potencie
1135 1931 1168 1992 et
1183 1948 1254 2011 pos-

122 2034 272 2100 sessionis
289 2033 397 2100 Zeben
414 2039 523 2099 vocate
540 2055 665 2098 movere
686 2031 826 2097 habebat
849 2053 958 2098 coram
982 2033 1082 2114 nohis,
1107 2034 1253 2120 partibus

120 2140 301 2207 volentibus
328 2142 369 2207 ad
395 2147 524 2208 octavae
550 2141 622 2206 festi
647 2141 735 2206 beati
760 2140 932 2206 Michaelis
958 2142 1144 2226 archangeli
1169 2165 1254 2208 nunc

124 2251 269 2332 proxime
286 2257 437 2314 venturas
453 2248 601 2314 duximus
617 2249 811 2334 peremtoria
830 2247 1075 2334 prorogandam,
1092 2270 1128 2314 co
1152 2249 1255 2330 modo,

121 2363 156 2421 ut
172 2359 200 2422 si
216 2363 328 2442 partes
345 2379 403 2442 per
419 2357 685 2440 composicionem
704 2357 825 2422 domini
841 2356 1001 2421 Demetrii
1017 2357 1158 2442 episcopi
1174 2357 1254 2424 Wa-

122 2465 280 2530 radiensis
296 2472 329 2530 ct
344 2466 574 2549 magistrorum
590 2463 762 2529 Michaelis
779 2469 811 2528 et
827 2462 956 2530 Nicolai
972 2463 1112 2530 filiorum
1122 2462 1254 2534 Alberti

122 2595 159 2639 ac
183 2573 344 2657 Stephani
367 2573 425 2639 filii
451 2571 602 2659 Gregorii
627 2581 659 2639 et
684 2574 822 2639 aliorum
847 2573 1021 2658 proborum
1054 2576 1196 2642 virorum
1219 2579 1254 2642 in

122 2681 266 2766 capitulo
282 2682 366 2748 dicte
392 2681 523 2748 ecclesie
541 2681 768 2747 Waradiensis
793 2682 897 2748 medio
922 2688 1064 2768 tempore
1089 2707 1152 2750 non
1168 2692 1255 2770 pote·

122 2795 199 2854 runt
215 2789 419 2855 concordare.
434 2789 572 2854 *Datum
589 2789 771 2868 Waradini,
797 2795 907 2858 octavo
925 2791 975 2856 die
995 2793 1125 2858 termini
1142 2815 1255 2878 preno-

125 2898 196 2978 tati,
219 2919 306 2962 anno
322 2897 442 2963 domini
467 2898 519 2964 M⁰
547 2895 667 2965 (lOCllo
689 2897 764 2963 L¹¹¹⁰.

230 3061 371 3127 Paplron;
389 3061 516 3111 aarlatan
529 3063 620 3126 peccet
643 3063 819 3128 nyomaiva13
839 3062 970 3126 eredetije
983 3078 1015 3113 az
1028 3078 1097 3114 orsz.
1110 3064 1142 3113 lt.
1156 3063 1255 3115 kincst.

124 3159 189 3200 oszt.
203 3152 280 3200 Mon.
294 3151 394 3200 Poson.
410 3155 451 3201 61.
468 3155 508 3201 15.
522 3151 588 3216 dipl.
603 3158 670 3202 oszt.
685 3158 764 3202 4141.
783 3154 881 3202 Kozli:
901 3154 1009 3204 Koraos
1023 3154 1056 3203 N.

670 3317 770 3324 ----.-

128 3649 222 3711 1350.
255 3658 328 3734 cept.
359 3649 386 3712 1.
412 3649 459 3710 Aa
484 3649 551 3733 apri
583 3647 738 3733 kriptalaa
763 3647 1019 3733 bizoayedplerele
1054 3650 1154 3729 aradi,
1178 3651 1258 3735 kopp

129 3756 247 3820 Bcldza
255 3756 340 3836 fiai:
360 3756 487 3842 Gyopol
501 3756 602 3821 Jaaos
629 3757 658 3819 e's
684 3757 841 3835 Bcaedelc,
859 3757 979 3820 toadbla'
1005 3758 1109 3843 Izetpt'
1133 3757 1258 3841 Mttoty

118 3864 192 3944 fiai,
220 3863 379 3927 calamiat
402 3863 616 3928 Hocszamezei
629 3863 786 3950 Morkolf
806 3864 937 3943 artolccii,
963 3863 1104 3943 Feltini,
1124 3865 1258 3944 Ratae,

126 3972 239 4036 Morca
256 3974 287 4036 aa
307 3971 470 4035 Kariatas
484 3980 563 4036 aava
582 3973 729 4058 Zernple'a
746 3973 926 4060 cdrmepyei
942 3971 1116 4036 tiratotar
1140 3971 1258 4056 mapale

432 4081 531 4145 traca
548 4081 593 4145 rai
608 4080 720 4144 raddon
735 4080 881 4144 oezlottcile
889 4079 953 4164 sot.

234 4241 306 4309 Nos
331 4243 509 4327 capitulum
534 4242 666 4309 ecclesie
685 4241 857 4326 Agriensis
884 4242 1148 4326 significamus..
1173 4244 1258 4324 quod

127 4375 196 4418 cnm
213 4353 306 4418 iuxta
322 4351 556 4416 continenciam
572 4352 739 4416 literarum
764 4351 895 4417 discreti
920 4353 980 4417 viri
1005 4352 1153 4434 magistri
1168 4351 1259 4417 Petri

128 4461 251 4526 comitis
276 4459 398 4546 capelle
424 4467 457 4525 et
482 4461 646 4526 secretarii
671 4461 855 4526 cancellarii
872 4509 902 4525 ..
927 4459 1130 4545 Stephani..
1157 4463 1260 4528 tocius

128 4567 296 4634 Sclavenie
312 4565 447 4634 Oroacie
464 4575 498 4634 et
512 4567 683 4636 Dalmacie
700 4568 790 4634 ducis
801 4570 1116 4654 composicionalium
1132 4576 1166 4636 et
1182 4570 1260 4637 obli·

129 4679 335 4761 gatoriarnm,
353 4673 548 4746 Benedictus
572 4687 605 4746 et
620 4679 644 4744 J
646 4681 788 4745 ohannes
813 4679 918 4745 dictus
935 4678 1065 4765 Gyapul
1081 4679 1139 4746 filii
1156 4679 1259 4747 Blasii
