3180 5470
543 487 636 549 1351.
656 507 745 548 rasa.
764 489 794 549 9.
1169 487 1231 548 427

99 667 194 732 luerit
219 665 462 744 contradictum,
488 665 742 732 contradictores
768 685 842 730 vero
868 666 894 730 si
922 666 977 749 qui
1004 665 1132 742 luerint,
1154 665 1232 728 citet

100 775 225 842 eosdem
250 780 362 840 contra
386 773 547 858 predictos
572 774 764 840 Ladislaum
795 773 982 839 Johannem
1008 778 1040 838 et
1066 769 1234 836 Andream

101 885 139 950 ad
164 890 311 950 nostram
336 883 543 966 presenciam,
560 882 601 948 ad
624 883 798 948 terminum
824 887 1075 980 competentem3
1100 887 1133 945 et
1157 885 1232 964 post

99 996 156 1060 bec
172 992 292 1058 seriem
308 993 409 1078 ipsius
433 990 624 1058 statutionis
641 1013 714 1057 cum
731 989 877 1056 cursibus
894 995 1053 1055 metarum
1070 991 1119 1054 vel
1135 989 1233 1054 nomi·

100 1102 192 1167 nibus
209 1100 481 1167 contradictorum
498 1107 530 1166 et
546 1101 716 1166 citatorum
734 1101 760 1164 si
779 1099 833 1181 qui
869 1097 997 1180 fuerint,
1013 1103 1047 1162 et
1062 1098 1235 1162 terminum

105 1211 305 1295 assignatum
325 1209 417 1275 nobis
443 1209 656 1275 amicabiliter
682 1207 877 1273 rescribatis.
901 1205 1025 1272 Datum
1040 1206 1072 1270 in
1094 1205 1234 1284 Thcrda,

101 1319 236 1386 sabbato
252 1319 398 1404 proximo
422 1325 497 1403 post
522 1319 638 1385 festum
655 1317 900 1384 Purificacionis
925 1315 1059 1399 virginis
1086 1315 1232 1397 gloriose,

102 1449 184 1494 anno
201 1429 323 1494 domini
339 1429 414 1493 Μτῃο
425 1425 544 1494 000ιηο
555 1425 821 1510 quinquagesimo
837 1425 949 1509 primu.

207 1555 340 1620 Papiron,
358 1555 484 1604 ztrlattn
499 1554 590 1618 pecset
603 1553 779 1618 nyomaiva15
805 1550 936 1616 credetije
959 1567 990 1602 az
1014 1565 1082 1600 orez.
1105 1551 1137 1600 lt.
1165 1550 1231 1614 dipl.

102 1653 166 1696 oezt.
182 1651 280 1699 30386.
301 1647 383 1698 Kozli
396 1663 401 1697 :
416 1647 524 1698 Kovtcs
537 1647 571 1697 N.

590 1790 696 1798 -u-a--—
718 1791 747 1797 ...-

104 2047 198 2108 1351.
238 2043 355 2122 Tarda,
388 2043 475 2130 febr.
507 2047 536 2106 9.
585 2040 702 2106 Tameia
743 2041 866 2127 erdelyi
905 2039 1004 2126 cajdc
1044 2040 1237 2104 Beretbalmi

102 2153 196 2216 Peter
222 2154 360 2217 aeratae
385 2175 405 2216 a
425 2151 550 2216 szdazolt
575 2150 643 2214 ledat
660 2150 759 2236 seland
785 2149 971 2235 Re'pafalca
996 2151 1027 2214 ds
1053 2147 1238 2234 Pe'terfalca

102 2269 178 2325 aava
214 2259 357 2326 totototo
388 2256 567 2324 baldrctnalc
600 2262 820 2343 mepjdrdadro
851 2281 887 2320 cz
919 2256 1037 2342 erdelyi
1071 2256 1238 2342 kdptclcnt

590 2367 682 2432 airzei
704 2367 746 2432 ti.

215 2564 221 2574 .
240 2563 246 2576 .
263 2511 406 2595 capitulo
423 2511 553 2576 ecclesie
578 2508 665 2576 beati
696 2507 867 2574 Michaelis
892 2509 1078 2594 archangeli
1094 2510 1133 2574 de
1149 2507 1240 2576 Alba

101 2620 338 2687 Transsilvana
354 2667 383 2682 ..
408 2617 549 2683 Thomas
574 2618 715 2702 voyvcda
741 2617 990 2683 Transsilvanus
1022 2623 1055 2682 et
1070 2637 1175 2683 comes
1199 2617 1239 2683 de

101 2730 246 2796 Zonulr.
273 2779 280 2794 .
311 2725 435 2792 Dicunt
459 2725 550 2792 nobis
582 2747 687 2792 comes
717 2727 838 2792 Petrus
864 2727 903 2792 de
928 2727 1127 2804 Beretbalm,
1153 2723 1239 2808 quod

101 2840 322 2924 possessiones
347 2833 531 2918 Repafolua
556 2842 587 2900 et
612 2835 824 2901 Petbertolua
848 2841 967 2917 vocate,
994 2836 1079 2900 inter
1105 2853 1240 2899 saxones

103 2950 294 3024 existentes,
320 2967 375 3010 sue
400 2949 507 3009 essent
533 2933 660 3010 emticie
686 2951 718 3010 et
742 2945 848 3028 ipsum
874 2943 969 3009 titulo
1000 2944 1080 3009 iuris
1111 2941 1239 3008 emticio

101 3058 314 3141 attingerent,
340 3075 421 3138 quas
447 3053 558 3118 ordine
583 3054 662 3118 iuris
687 3053 784 3118 vellet
809 3054 1025 3138 recaptirare3
1051 3073 1147 3135 snper·
1175 3069 1240 3134 quo

100 3171 249 3232 vestram
276 3163 455 3228 amiciciam
479 3162 680 3247 presentibus
705 3163 845 3246 petimus
871 3161 1053 3246 diligenter,
1079 3165 1239 3242 quatenus

101 3280 250 3339 vestrum
275 3271 414 3336 mittatis
438 3270 598 3335 hominem
617 3291 676 3354 pro
702 3271 885 3335 testimonio
910 3267 1115 3353 fidedignnm,
1132 3289 1241 3333 coram

100 3403 167 3466 quo
193 3377 352 3446 Nicolaus
377 3378 463 3444 filius
488 3375 622 3462 Georgii
649 3378 688 3443 de
713 3377 875 3462 Hideguiz
899 3379 950 3443 vel
974 3377 1129 3444 Nicolaus
1155 3375 1240 3442 filins

100 3489 251 3555 Simonis
276 3487 353 3553 bani
378 3493 435 3551 aut
459 3485 549 3551 Bord
575 3485 647 3551 aliis
673 3485 861 3551 absentibus
889 3487 983 3551 homo
1009 3492 1126 3570 noster,
1152 3507 1241 3552 acce·

100 3599 212 3664 dendo
229 3595 272 3662 ad
288 3595 395 3672 facies,
411 3595 598 3660 earumdem
623 3594 859 3678 possessionum
885 3593 1071 3660 Petersolua
1087 3601 1120 3659 et
1135 3593 1242 3678 Repa-

100 3707 196 3772 folua
221 3709 410 3770 vocatarum
435 3701 616 3768 reambulet
640 3701 792 3769 easdem.
818 3755 824 3768 .
857 3702 1139 3788 reambulatasque
1155 3703 1242 3768 faeta

100 3813 368 3898 recaptivacione
384 3817 509 3878 statuat
534 3811 638 3878 eidem
662 3812 771 3878 comiti
796 3812 895 3878 Petro
911 3812 950 3877 de
967 3811 1156 3877 Beretholm
1172 3831 1242 3894 per·

99 3931 206 4009 petuo
232 3920 442 4006 possidendas
468 3920 496 3986 si
515 3941 577 3986 non
602 3920 701 3986 fuerit
726 3919 970 3998 contradictum,
986 3918 1241 3986 contradictores

99 4053 181 4098 vero
208 4031 238 4098 si
255 4031 311 4114 qui
327 4029 454 4108 fuerint,
479 4029 551 4095 illos
568 4030 646 4095 citet
661 4034 774 4096 contra
790 4028 926 4094 eundem
943 4030 1090 4094 comitem
1107 4029 1241 4094 Petrum

101 4145 136 4208 in
153 4145 307 4208 nostram
331 4140 533 4224 presenciam
549 4140 591 4206 ad
607 4145 736 4206 octavas
760 4138 857 4205 medii
880 4136 1134 4223 Quadragesime
1159 4157 1244 4202 nunc

99 4255 280 4329 venturas3
306 4254 339 4312 et
364 4249 497 4332 posthoc
526 4249 643 4314 seriem
667 4249 770 4313 tocius
803 4246 881 4313 facti
908 4245 1000 4311 nobis
1028 4242 1242 4310 amicabiliter

101 4357 307 4426 rescribatis.
331 4355 456 4422 Datum
480 4355 513 4422 in
539 4355 679 4436 Thorda
695 4357 729 4421 in
754 4356 874 4421 octaris
900 4354 973 4420 festi
997 4351 1243 4419 Purifioaoicnis

100 4465 247 4550 virginis
265 4463 413 4548 gloriose,
429 4484 513 4529 anno
528 4464 649 4528 domini
665 4463 719 4528 Μ0
729 4461 828 4530 000ο
847 4462 1114 4547 quinquagesimo
1130 4459 1242 4544 primo.

221 4591 356 4658 Paplron,
379 4591 506 4643 ztrlattn
519 4591 611 4656 peccet
625 4591 803 4658 nyomaiva13
829 4589 961 4656 credetije
982 4605 1015 4640 aa
1038 4603 1109 4640 orsa.
1131 4589 1163 4639 lt.
1177 4587 1243 4654 dipl,

103 4689 178 4736 oszt.
196 4686 297 4736 30658.
317 4681 401 4733 szli
413 4699 419 4732 :
433 4681 541 4734 Koraos
554 4683 588 4734 N.

601 4815 760 4824 -—----=
