3192 5466
644 495 737 556 1348,
754 495 825 556 alr.
845 493 894 557 14.
1216 517 1217 520 ¹
1268 497 1329 557 185

202 694 271 736 cum
289 671 376 735 dicto
393 670 559 754 Stephano
584 671 650 737 tilio
667 671 793 737 Nicolai
811 680 844 737 et
859 672 1013 737 hadislao
1039 673 1104 738 lilio
1129 675 1272 740 Floriani
1291 675 1332 740 ad

201 779 322 843 dictum
340 779 529 862 magistrum
544 779 735 874 Ladislaunr
755 802 813 864 pro
837 781 985 848 facienda
1010 783 1220 867 inquisicione
1236 807 1333 868 super

203 908 248 966 co,
268 888 296 952 si
312 887 433 952 dictam
449 888 633 970 porcionem
649 889 933 970 possessionarianr
950 891 1101 974 predictis
1119 890 1285 975 Stephano
1301 895 1333 956 ct

200 995 356 1060 Ladislao
382 995 538 1060 redimere
563 995 665 1076 daret,
699 998 998 1080 transmisissemus,
1023 1020 1082 1064 nec
1108 1021 1155 1081 ue,
1179 999 1265 1064 idem
1290 1000 1332 1064 ad

201 1127 257 1170 nos
274 1126 422 1170 reversus
438 1104 530 1169 nobis
548 1104 661 1168 retulit
676 1125 713 1167 eo
729 1105 831 1182 modo,
856 1105 942 1188 quod
966 1107 1035 1188 ipse
1061 1109 1252 1190 magistrum
1268 1108 1332 1171 La·
1424 1194 1426 1198 ι

199 1213 339 1278 dislaum
365 1212 451 1285 domi
479 1233 541 1277 non
566 1213 756 1291 invenisset,
790 1213 845 1279 sed
870 1213 999 1281 domina
1025 1216 1165 1297 genitrix
1190 1216 1332 1281 eiusdem

200 1323 347 1404 magistri
364 1322 513 1388 Ladislai
539 1321 649 1388 taliter
674 1321 735 1388 sihi
762 1319 988 1404 respondisset,
1013 1321 1098 1404 quod
1113 1343 1223 1388 verum
1240 1329 1332 1401 esset,

198 1429 284 1513 quod
302 1431 371 1513 ipse
387 1430 541 1514 magister
556 1429 730 1495 Ladislaus
746 1429 831 1494 lilius
848 1451 923 1494 suus
941 1430 1044 1511 ipsam
1060 1432 1244 1514 porcionem
1261 1453 1331 1516 pos-

199 1537 425 1602 sessionariam
442 1538 521 1622 ipsis
537 1537 696 1603 nobilibus
722 1537 908 1602 redimendo
934 1537 1252 1628 redderenolnisset,
1276 1539 1332 1604 scd

201 1651 309 1709 tamen
326 1667 385 1711 neo
401 1646 468 1730 ipse
484 1647 638 1730 magister
655 1644 828 1710 Ladislaus
854 1667 912 1710 nec
937 1646 1037 1710 eciam
1063 1647 1134 1730 ipsa
1149 1669 1247 1712 causa
1262 1647 1331 1712 red-

198 1755 274 1818 dere
291 1753 388 1818 vellet
403 1753 617 1837 aliquomodo
628 1753 752 1820 Datum
773 1754 806 1817 in
818 1753 928 1832 Surus,
938 1753 1019 1819 feria
1029 1756 1169 1821 secunda
1185 1758 1332 1840 proxima

200 1868 275 1946 post
291 1862 408 1926 festum
434 1861 521 1928 beati
539 1861 693 1929 Stanizlai
719 1862 872 1940 martiris,
896 1885 980 1928 anno
996 1864 1116 1928 domini
1133 1863 1185 1928 M⁰
1209 1861 1330 1930 OCO¹¹¹⁰

201 1969 307 2036 XL¹¹¹⁰
324 1977 443 2036 octavo.

313 2135 443 2198 Papiron,
463 2135 589 2185 zurlatinr
603 2135 651 2185 ket
664 2135 755 2199 peccet
774 2137 951 2200 uyouraival;
971 2135 1100 2200 erecletije
1113 2151 1130 2186 a
1142 2136 1176 2185 N.
1189 2138 1331 2186 Muzeurn-

198 2225 262 2288 ban,
275 2239 292 2272 a
306 2223 403 2274 severi
418 2223 484 2274 Sobs
497 2239 533 2274 os.
547 2225 682 2277 lterabau.

741 2609 792 2669 91.

205 2771 296 2833 1348.
317 2768 482 2854 Erupiczlce,
500 2771 572 2852 rrnij.
595 2768 641 2830 14.
659 2767 770 2829 Istrria
787 2768 945 2852 cnyirzlci
962 2778 1106 2830 saciacus
1121 2791 1160 2830 uz
1177 2769 1244 2852 apri
1257 2777 1330 2851 pits-

196 2878 260 2962 pb'lr
278 2876 504 2940 uicinia-adnuit
517 2875 724 2960 jelenti,hopp
744 2873 912 2937 Villerrnus
923 2876 1171 2960 ›nidorem-appel
1188 2875 1331 2960 bizoupos

301 2985 509 3071 lrdvrpnepycd
523 2983 680 3066 dolpo'bnn
696 3007 734 3047 oz
750 2985 818 3068 epi-i
833 2985 984 3048 ezerrtozelc
1001 2985 1047 3048 clc'
1060 2985 1231 3068 rrrepidcztc.

313 3215 319 3230 .
337 3217 342 3230 .
359 3167 516 3249 magistro
531 3165 678 3230 Johanui
694 3163 919 3229 archidiacono
929 3165 1136 3230 Borsodiensi
1146 3171 1178 3230 et
1189 3164 1331 3247 generali

200 3273 343 3338 vicario.
361 3322 368 3335 .
384 3273 513 3339 Nicolai
531 3323 537 3335 .
554 3271 694 3356 episcopi
720 3269 900 3354 Agriensis
925 3272 1109 3356 Stephanus
1135 3272 1283 3338 sacerdos
1300 3277 1333 3336 ot

201 3387 310 3446 rector
335 3380 467 3446 ecclesie
493 3381 579 3445 beati
605 3379 762 3464 Stephani
787 3382 872 3464 regis
888 3381 927 3445 de
943 3381 1074 3446 Enenlre
1091 3434 1096 3446 .
1113 3431 1121 3445 .
1137 3381 1212 3446 risis
1228 3380 1331 3445 literis

201 3495 308 3554 vestre
324 3489 529 3554 discrecionis
555 3487 613 3552 tali
639 3495 750 3552 tenore
776 3489 986 3572 continentes,
1010 3489 1095 3573 quod
1112 3511 1171 3572 ego
1187 3511 1258 3554 oum
1275 3489 1299 3553 J
1301 3511 1332 3553 o-

200 3599 309 3664 hanne
324 3597 490 3662 sacerdote
507 3595 545 3660 cle
562 3594 660 3662 Scina
686 3596 900 3680 personaliter
925 3598 1147 3663 accederemus
1163 3599 1207 3662 im
1223 3597 1332 3662 villam

200 3704 234 3770 N
236 3704 351 3769 adastd
368 3703 409 3767 ad
426 3703 564 3767 nobilem
587 3703 748 3768 dominam
775 3704 921 3769 relictam
937 3705 1075 3772 Vilermi
1093 3705 1226 3770 condam
1243 3707 1332 3789 pala·

200 3813 261 3877 tini
287 3812 369 3877 hone
393 3811 555 3888 memorie,
579 3817 611 3875 et
628 3811 746 3876 ibidem
766 3815 947 3878 convocatis
973 3813 1139 3878 officialem
1166 3837 1238 3879 cum
1263 3815 1332 3878 nni·

200 3922 300 3986 versis
317 3915 498 4003 hospitibus
516 3919 634 3984 ibidem
651 3919 931 3998 commorantibus,
948 3920 1043 3986 verbo
1054 3921 1173 3986 domini
1191 3923 1333 4006 episcopi

201 4035 234 4094 et
259 4035 369 4094 vestro
394 4052 597 4094 moneremus
623 4030 801 4114 predictam
833 4030 972 4095 nobilem
997 4031 1159 4096 dominam
1185 4033 1332 4096 relictam

200 4137 350 4220 prelatini,
362 4145 396 4203 ut
409 4137 508 4202 Petro
526 4143 559 4202 et
575 4139 678 4203 Elone
695 4139 819 4221 nepotis
835 4139 936 4222 ipsius
952 4139 1067 4204 Lachk
1084 4146 1235 4223 quartam
1251 4139 1331 4204 filia-

199 4245 263 4310 lem
280 4245 397 4312 nobilis
414 4247 541 4313 domine
557 4247 669 4311 matris
686 4247 827 4329 ipsorum
852 4247 917 4311 iam
942 4247 1099 4324 defuncte,
1124 4270 1204 4330 quas
1220 4247 1332 4312 ordino
1426 4308 1434 4323 ,

199 4354 370 4420 iudiciario
394 4377 502 4420 coram
527 4353 618 4420 nohis
636 4355 886 4438 conquisierunt,
913 4361 946 4418 et
971 4362 1084 4420 contra
1100 4357 1186 4439 ipsos
1203 4354 1332 4418 citando

200 4463 309 4526 venire
326 4485 388 4526 uon
405 4469 580 4546 curassent,
604 4483 788 4546 comparere
805 4463 925 4526 eisdem
942 4464 1087 4528 terminis
1108 4462 1280 4545 assignatis
1299 4467 1331 4526 et

201 4575 309 4634 essent
333 4577 444 4634 contra
469 4592 543 4636 suos
568 4570 768 4636 adversarios
795 4578 827 4634 et
853 4571 989 4636 iudicem
1019 4571 1162 4636 convicti.
1187 4568 1257 4634 Nos
1273 4569 1331 4652 igi·

204 4685 258 4744 tur
290 4699 361 4744 cum
393 4677 545 4746 dohanne
576 4679 742 4747 sacerdote
789 4679 953 4748 nobiscum
1000 4677 1223 4747 assummendo
1253 4675 1334 4744 seria
