3180 5466
699 465 883 510 lnroononr
903 450 1117 509 onninvrlu.

864 666 937 724 306.

337 827 432 891 1351.
449 824 763 910 Scinio-Vcisa'rhelp,
784 825 847 910 jai.
878 827 904 888 1.
929 825 1093 910 Veszprtm
1114 831 1279 912 orirmepye
1306 823 1469 909 alispcinju·

336 937 366 1000 e's
382 933 571 1020 szolpobirdi
586 935 614 996 I.
632 935 728 1017 Lajos
745 933 918 1017 leirdlyualr
928 933 1070 1018 jelentik,
1082 935 1159 1019 kopp
1177 927 1290 998 Istaec
1302 933 1470 1018 comprimi

336 1042 559 1128 ocirjobdclpyot
582 1067 603 1105 a
628 1043 799 1126 ceszprdrni
823 1042 977 1128 ltdptalon
1002 1041 1171 1107 emberdoel
1201 1042 1386 1120 kitoldvtn,
1403 1040 1470 1103 ezch

337 1153 485 1233 Ictorfia
503 1150 636 1214 Zau-kar
653 1149 790 1213 herdse're
807 1151 904 1213 enach
923 1154 1060 1215 lestodrdt
1071 1150 1213 1229 Mitldsr,
1227 1150 1327 1214 Driko
1347 1149 1466 1213 Leuka·

418 1257 512 1342 felde
528 1259 558 1320 e‘s
577 1256 702 1343 Gpldoz
717 1265 796 1320 neca
813 1257 960 1322 birtokah
977 1258 1211 1345 elfoploldsdldl
1226 1259 1371 1322 liltolldlr.

445 1475 450 1485 .
468 1474 474 1484 .
492 1421 652 1486 Lodovico
669 1473 675 1486 .
693 1472 699 1485 .
724 1424 792 1503 regi
810 1472 816 1485 .
834 1471 840 1486 .
865 1424 1020 1504 magister
1046 1423 1173 1487 Pethen
1198 1423 1375 1487 vicecomes
1392 1422 1470 1490 Ves-

339 1530 519 1614 primiensis
537 1536 570 1593 et
586 1531 707 1594 iudices
727 1530 883 1596 nobilium
909 1531 948 1594 de
974 1530 1084 1594 eodem
1110 1531 1266 1594 cemitatu
1286 1529 1428 1595 salutem
1444 1581 1474 1595 ..

339 1637 449 1702 literas
466 1644 570 1702 vestre
587 1637 777 1702 excellencie
794 1638 972 1720 recepimus
991 1689 996 1702 .
1014 1687 1020 1700 .
1045 1638 1130 1701 hunc
1144 1644 1291 1702 tenorem
1308 1639 1473 1702 continen-

340 1753 405 1812 tes:
431 1745 612 1811 Lodovicus
630 1797 635 1810 .
654 1795 660 1808 .
683 1767 740 1809 rex
758 1795 785 1811 ..
810 1747 919 1811 comiti
936 1746 986 1810 vel
1002 1747 1179 1810 vicecomiti
1195 1753 1227 1810 et
1242 1745 1410 1811 iudicibus
1421 1769 1473 1810 no

337 1857 451 1921 biliam
477 1857 648 1920 comitatus
673 1856 925 1939 Vesprimiensis
958 1858 1096 1921 salutem
1112 1907 1142 1920 ..
1167 1855 1298 1920 Dicitur
1323 1855 1418 1918 nobis
1442 1857 1475 1919 in

338 1986 477 2049 persona
493 1964 626 2028 Zuncur
641 1963 700 2028 filii
717 1965 815 2042 Ictor,
833 1965 918 2045 quod
934 1963 1090 2029 Nicotaus
1107 1965 1210 2028 frater
1220 1985 1298 2028 suus
1316 1962 1475 2045 quasdam

244 2139 249 2144 ,
337 2079 442 2137 terras
473 2073 514 2136 ad
546 2072 816 2154 possessionarias
845 2073 1011 2155 porciones
1042 2092 1117 2136 suas
1152 2072 1184 2134 in
1216 2069 1474 2153 possessionibus

337 2180 682 2263 Dalyha‚Leukalelde
693 2178 856 2264 etGyldaz
873 2183 993 2246 vocatis
1005 2180 1134 2245 habitas
1146 2181 1353 2262 pertinentes
1366 2200 1427 2261 pro
1438 2201 1471 2242 se

339 2289 497 2352 niteretur
515 2309 681 2370 occupare,
697 2289 730 2352 in
746 2289 959 2372 preiudicium
970 2285 1054 2372 (lgy)
1066 2309 1129 2352 non
1139 2286 1299 2351 modicum
1320 2294 1353 2350 et
1369 2289 1473 2352 iactu·

341 2419 429 2476 ram3
447 2417 547 2478 quare
564 2445 570 2458 .
588 2447 594 2460 .
618 2395 818 2472 mandamus,
830 2404 989 2478 quatenus
1000 2395 1160 2461 unumvel
1176 2397 1256 2460 dnos
1273 2396 1418 2460 mittatis
1435 2417 1475 2459 ex

338 2505 435 2582 vobis,
452 2505 507 2584 qui
524 2504 705 2588 predictum
717 2503 799 2590 (lgy)
817 2505 989 2571 Nicolaum
1001 2504 1188 2582 accedendo,
1199 2505 1306 2586 ipsum
1322 2504 1364 2569 ab
1380 2525 1476 2569 occu·

337 2613 471 2695 pacione
501 2613 551 2677 vel
583 2614 790 2695 quovismodo
821 2635 854 2678 se
880 2615 1117 2679 intromissione
1142 2615 1174 2677 in
1200 2614 1367 2697 porciones
1399 2635 1476 2696 pos·

340 2724 549 2788 sessionarias
566 2731 598 2788 et
614 2731 717 2788 terras
734 2725 876 2789 eiusdem
887 2723 1034 2799 Zunkur,
1059 2725 1163 2806 ipsum
1179 2723 1211 2786 in
1228 2722 1382 2804 predictis
1402 2744 1478 2804 pos-

339 2832 532 2897 sessionibus
550 2833 781 2915 centingentes,
797 2833 984 2917 prohiberet
1000 2834 1090 2916 regni
1116 2831 1342 2898 consvetudine
1365 2835 1479 2914 requi-

342 2948 452 3021 rente3
468 2948 502 3007 et
517 2947 591 3024 post
606 2941 665 3006 hec
682 2943 796 3006 seriem
822 2943 923 3025 ipsius
940 2941 1168 3024 prohibicionis
1193 2940 1285 3005 nobis
1302 2991 1308 3004 .
1326 2993 1331 3004 .
1358 2941 1479 3006 rescri-

339 3047 433 3112 batis.
465 3047 586 3110 Datum
604 3047 705 3123 Eride,
721 3047 855 3112 sabbalo
872 3049 1016 3131 proximo
1027 3054 1101 3132 post
1111 3048 1226 3111 festum
1244 3047 1329 3112 beati
1347 3047 1479 3112 Johan-

340 3157 390 3220 nis
407 3161 482 3220 ante
498 3162 624 3238 portam
641 3155 786 3232 latinam,
804 3179 888 3220 anno
909 3157 1028 3222 domini
1055 3155 1106 3218 M‘*
1135 3154 1255 3221 Odor·
1271 3155 1338 3220 L¹¹²⁰
1358 3157 1478 3238 primo.

339 3263 408 3327 Nos
443 3263 591 3346 igitur..
626 3263 826 3345 Stephanum
855 3264 1056 3347 iobagionem
1089 3265 1188 3328 castri
1221 3263 1478 3346 Vesprimiensis

340 3393 412 3436 curn
429 3371 528 3434 Petro
545 3371 711 3434 sacerdote
728 3373 767 3435 de
785 3371 999 3454 Aycarednelr
1019 3373 1148 3436 homine
1165 3421 1171 3433 .
1189 3419 1194 3434 .
1220 3371 1354 3454 capituli
1372 3370 1477 3436 eccle-

340 3478 385 3541 sie
401 3479 661 3562 Vesprimiensis
678 3479 814 3544 sabbato
830 3486 903 3563 post
921 3481 1036 3544 festum
1052 3479 1236 3544 nativitatis
1253 3479 1338 3544 beati
1350 3478 1478 3544 Johan-

343 3587 392 3650 nis
408 3587 568 3668 Baptista
586 3588 626 3650 ad
643 3589 894 3670 prohibicionem
912 3589 1089 3672 predictam
1101 3588 1398 3664 transmisissemus
1417 3589 1478 3670 qui

340 3694 542 3776 postmodum
569 3695 611 3758 ad
639 3716 695 3760 nos
722 3697 840 3760 reversi
865 3697 956 3760 nobis
982 3695 1053 3760 viva
1085 3717 1158 3760 voce
1178 3697 1367 3771 retulerunt,
1385 3698 1478 3778 quod

340 3801 476 3865 eundern
492 3803 681 3884 magistrum
708 3803 881 3868 Nicolaum
907 3803 1008 3868 filium
1035 3805 1125 3868 Iclor
1141 3803 1182 3867 ab
1202 3805 1418 3886 occupatione
1446 3817 1481 3870 et

340 3910 577 3974 intromissione
603 3912 644 3975 ad
670 3913 937 3994 possessionarias
963 3913 1128 3995 porciones
1160 3913 1193 3974 in
1217 3911 1481 3992 possessionibus

341 4017 468 4101 Dalyca
484 4017 682 4082 Leukal'elde
696 4025 729 4082 et
746 4017 871 4103 Gyldaz
883 4025 1069 4084 vocatarum
1081 4019 1273 4100 pertinentis
1290 4016 1375 4102 (lgy)
1391 4019 1481 4086 eins·

343 4126 415 4190 dem
431 4127 578 4208 magistri
595 4127 740 4204 Zunkur,
756 4126 996 4210 prohibuissent
1006 4147 1061 4191 sen
1074 4125 1325 4190 interdixissent.
1345 4125 1479 4192 Datum

338 4234 371 4298 in
383 4233 566 4313 'Wasarhel
584 4232 664 4296 feria
675 4233 789 4316 quinta
800 4235 1029 4317 proximapost
1045 4233 1163 4298 festum
1183 4232 1364 4297 nativitatis
1381 4233 1478 4300 beati

344 4340 506 4406 ‚Iohannis
523 4341 680 4424 Baptista
698 4364 781 4406 anno
802 4342 922 4406 domini
942 4343 993 4407 M⁰
1022 4339 1143 4408 OOO¹¹¹⁰
1158 4339 1224 4403 L¹¹¹⁰
1241 4341 1355 4422 primo.

448 4484 576 4546 Peplron,
591 4485 715 4534 ztrlattn
729 4485 826 4533 htrom
840 4485 931 4548 peccet
944 4485 1121 4548 nyornaival3
1148 4483 1278 4546 eredetije
1292 4499 1309 4534 a
1322 4487 1417 4546 Rumy
1440 4503 1478 4537 cs.

342 4574 478 4637 latraban,
493 4574 677 4636 Balozsajban
691 4576 746 4624 Vas
758 4575 967 4639 vdrmegyeben.
