3138 5462
526 475 620 536 1348.
637 492 737 536 unns.
755 477 806 538 21.
1155 475 1214 537 171

99 655 305 737 coptiracione
330 653 474 737 indigere
504 653 621 718 debore
654 652 869 730 decernentes,
901 653 1051 717 amiciam
1085 659 1221 716 vestram

99 761 290 845 presentibus
306 763 447 844 petimus
464 761 645 844 diligenter,
669 767 828 844 quatenus
855 767 997 838 vestrum
1015 760 1151 826 mittatis
1167 760 1222 824 bo-

99 871 204 933 minem
228 891 285 952 pro
309 869 493 934 testimonio
517 868 580 932 fide
605 868 757 952 dignum,
782 890 845 952 qno
870 875 1019 953 presente
1050 868 1219 934 Johannes

99 978 174 1042 lilius
188 978 349 1042 Dominici
366 973 405 1041 de
420 977 520 1056 Zoilo,
544 978 594 1040 rel
610 977 728 1042 Petrus
743 976 829 1042 filius
845 977 961 1044 Kokas
977 977 1016 1041 de
1033 977 1139 1062 Tubly
1159 983 1217 1042 aut

99 1085 197 1152 Deseu
213 1087 313 1151 frater
329 1085 470 1151 eiusdem
481 1085 554 1150 aliis
564 1084 751 1150 absentibus
767 1087 862 1151 homo
873 1085 991 1151 domini
1010 1087 1110 1151 nostri
1126 1087 1221 1169 regis,

101 1196 128 1259 in
143 1195 258 1260 octavis
275 1194 349 1261 festi
365 1195 453 1260 beati
470 1193 604 1278 Georgii
629 1196 773 1260 martiris
798 1217 883 1262 neruo
899 1193 1044 1279 proxime
1067 1197 1221 1274 venturis,
1238 1189 1247 1198 ’

101 1303 267 1370 adfaciem
293 1303 478 1370 medietatis
504 1291 588 1370 dicte
613 1304 822 1386 possessionis
847 1303 982 1388 Wyfalu
1005 1303 1070 1368 alio
1093 1304 1222 1368 nomine

101 1413 173 1496 Poty
188 1418 305 1490 recab,
330 1434 427 1496 quam
443 1411 527 1476 idem
540 1409 696 1478 Nicotaus
713 1411 799 1478 lilius
816 1413 915 1497 Mylre
939 1413 989 1477 vel
1014 1433 1091 1478 sirus
1107 1432 1219 1494 procu·

101 1527 180 1584 rator
194 1519 357 1603 legitimus
383 1523 416 1585 in
442 1521 529 1586 dicta
553 1522 753 1604 possessione
770 1520 905 1605 Wyfalu
931 1522 1059 1586 nomine
1077 1522 1125 1586 sui
1141 1521 1221 1586 iuris

102 1629 287 1710 recaptivare
305 1627 450 1706 voluerit,
473 1628 586 1692 vicinis
602 1634 635 1692 et
651 1629 877 1693 commeta-aeis
903 1629 1059 1694 universis
1078 1627 1221 1711 legitime

101 1737 268 1802 conuocatis
285 1745 317 1802 et
333 1737 545 1821 presentibus
568 1735 618 1800 vel
644 1757 754 1801 eorum
779 1737 934 1820 legitimis
959 1735 1221 1820 procuratoribus

104 1845 292 1926 presentibus
309 1845 497 1926 accedendo,
521 1845 656 1910 eandem
674 1847 827 1929 recepiat‚
851 1845 1025 1929 habitaque
1042 1845 1220 1928 receptiva·

101 1952 180 2016 cione
195 1953 385 2032 huiusmodi,
402 1953 463 2036 ipsi
480 1952 617 2018 Nicolao
641 1953 708 2018 filio
724 1953 823 2038 Myke
839 1954 927 2018 novis
952 1955 1046 2019 metis
1063 1953 1155 2018 iuxta
1170 1974 1220 2018 ve-

103 2066 177 2124 teres
192 2060 223 2124 in
238 2060 317 2126 loeis
346 2062 535 2126 necessariis
562 2062 685 2139 erectis,
717 2083 753 2125 eo
779 2061 848 2127 iure
880 2083 942 2145 quo
968 2061 1029 2127 sibi
1056 2063 1217 2146 pertinere

103 2167 276 2248 dinoscitur,
292 2175 418 2236 statuat
434 2175 590 2254 perpetuo
607 2169 842 2254 possidendam,
867 2171 893 2235 si
910 2191 968 2255 per
991 2172 1097 2255 ipsum
1122 2171 1222 2252 magi·

105 2283 198 2342 strum
212 2278 348 2342 Petrum
364 2279 414 2342 vel
430 2276 511 2342 alios
522 2299 585 2342 non
596 2277 695 2342 suerit
711 2277 953 2352 contradictum,
969 2277 1220 2342 contradictores

104 2391 198 2450 antem
222 2386 302 2452 alios
319 2387 346 2451 si
363 2386 419 2470 qui
436 2393 569 2471 excepto
594 2387 663 2470 ipso
678 2387 834 2471 magistro
859 2387 960 2452 Petro
984 2387 1018 2452 in
1044 2385 1221 2451 stactuione

103 2493 230 2558 eiusdem
246 2494 373 2572 fuerint,
389 2501 502 2560 contra
517 2495 623 2580 ipsum
638 2494 811 2560 Nicolaum
837 2495 939 2560 filium
956 2495 1055 2580 blyke
1071 2494 1113 2560 ad
1129 2495 1220 2576 quin·

103 2601 190 2668 denas
205 2609 389 2668 octavarum
404 2603 490 2668 beati
508 2603 642 2688 Georgii
657 2606 801 2669 martiris
811 2604 1030 2688 predictarum
1046 2603 1080 2667 in
1096 2601 1219 2685 regiam

104 2713 172 2777 citet
180 2713 385 2794 presenciam,
395 2713 556 2777 racionem
568 2733 624 2777 sue
635 2713 899 2778 contradiccionis
909 2711 1099 2790 reddituros,
1116 2713 1219 2794 ipsum

104 2827 199 2884 autem
223 2821 415 2904 magistrum
431 2821 567 2886 Petrum
584 2828 825 2906 procuratorem
842 2822 919 2886 siin
936 2822 1045 2902 aliquo
1062 2819 1220 2886 contradi-

104 2930 184 3010 xerit,
194 2931 291 2994 citare
301 2953 365 2994 non
376 2929 540 3012 incumbit,
552 2932 628 3013 quia
638 2929 760 3014 absque
770 2930 927 2994 citacione
938 2927 1081 3012 aliquali,
1088 2951 1125 2994 eo
1136 2929 1220 3012 quod

103 3037 196 3101 inlito
211 3040 329 3103 existat
345 3061 417 3104 cum
433 3039 553 3111 eodem,
569 3039 705 3104 eundem
721 3038 859 3104 termino
876 3039 907 3102 in
925 3037 1046 3121 prefixe
1057 3037 1220 3101 racionem

105 3145 353 3210 contradiccionis
363 3167 419 3211 sue
428 3147 562 3211 reddere
582 3146 742 3229 oportebit
761 3168 868 3210 coram
879 3145 979 3210 nobis.
986 3145 1097 3228 Ipsam
1110 3151 1218 3209 autem

105 3251 293 3318 medietatem
309 3254 520 3336 possessionis
536 3252 672 3338 Wyfalu
698 3254 761 3318 alio
787 3255 914 3319 nomine
930 3253 1014 3338 Poty
1030 3259 1149 3332 vocate,
1166 3275 1219 3317 no·

105 3361 177 3424 mine
192 3361 268 3426 iuris
285 3359 421 3444 predicti
437 3360 565 3426 Nicolai
582 3359 640 3426 filii
657 3361 755 3446 Myle
772 3361 1014 3445 recaptivatarn,
1034 3383 1092 3445 per
1109 3383 1217 3443 quern·

107 3469 179 3549 piam
194 3468 398 3553 prohibitam,
416 3469 515 3552 signis
526 3491 585 3553 pro
595 3470 688 3534 metis
704 3469 817 3553 positis
834 3469 1054 3552 consignando
1071 3475 1103 3532 et
1119 3468 1220 3552 regali

106 3597 240 3643 mensura
264 3579 291 3644 si
316 3579 496 3644 mensurari
522 3577 641 3662 poterit
665 3577 882 3642 mensurando
908 3577 956 3641 vel
982 3577 1051 3641 visu
1077 3576 1221 3642 conside-

105 3684 198 3766 rando,
218 3706 356 3749 unacum
367 3683 439 3749 aliis
450 3683 558 3767 probis
569 3683 645 3748 viris
656 3705 713 3766 per
724 3690 833 3767 partes
844 3683 923 3748 inibi
934 3683 1130 3750 adducendis
1146 3685 1221 3748 esti·

107 3797 160 3854 net
173 3791 259 3874 regni
276 3791 503 3856 consvetueine
514 3791 722 3874 exigenteAElt
732 3797 804 3874 post
814 3793 873 3856 hec
884 3791 1037 3874 premisse
1048 3792 1218 3874 possessio-

108 3899 452 3983 narierecaptivacionis
469 3950 476 3963 .
493 3949 499 3964 .
517 3900 632 3964 seriem
649 3921 722 3964 eum
739 3947 746 3962 .
763 3947 769 3963 .
785 3900 889 3965 tocius
906 3901 982 3965 facti
1004 3921 1154 3982 processu
1180 3899 1221 3963 ad

109 4007 219 4072 easdem
235 4009 413 4093 quindenas
429 4017 614 4074 octavarum
631 4007 717 4072 beati
729 4005 865 4092 Georgii
880 4009 1025 4073 martiris
1042 4008 1129 4090 regie
1145 4006 1221 4071 fide-

108 4113 171 4179 liter
184 4115 366 4182 rescribatis
382 4117 554 4182 maiestati.
570 4115 694 4181 Datum
711 4116 812 4194 Beda,
829 4116 951 4184 decimo
966 4115 1017 4180 die
1034 4121 1219 4180 octavarum

110 4219 160 4286 diei
169 4220 314 4288 Giuerom
324 4223 552 4309 predictarum,
563 4245 648 4289 anno
658 4223 779 4288 domini
790 4224 842 4289 M⁰
859 4223 956 4290 0000
983 4223 1220 4288 XLm⁰octaro

199 4387 325 4450 Paphon,
338 4387 464 4438 zerlattn
476 4401 528 4450 egy
541 4390 670 4450 nagyobb
682 4386 711 4436 es
724 4387 771 4436 ket
785 4388 893 4436 kissebb
913 4387 1003 4450 pecset
1014 4385 1200 4436 tbredelreivel
1214 4403 1220 4450 3

110 4475 221 4541 credetije
230 4493 261 4528 az
271 4493 340 4528 orez.
351 4481 383 4528 lc.
394 4479 492 4530 kinost.
503 4483 570 4528 osz't.
583 4483 642 4528 673.
653 4485 677 4528 0.
688 4477 755 4541 dipl.
769 4485 835 4528 oszt.
850 4485 945 4528 24421.
956 4477 1052 4527 Kozli:
1067 4477 1175 4528 Kentos
1186 4477 1219 4526 N.
