3226 5462
521 514 615 576 1347.
632 516 704 576 urta.
724 517 774 576 la.
1169 517 1210 580 59

96 689 241 777 predictas
256 690 369 755 literas
386 691 485 774 ipsius
502 691 635 775 capituli
662 693 700 756 16
719 694 826 773 Posga
842 697 874 756 ct
890 693 971 757 alias
997 694 1023 757 si
1050 715 1130 776 quas
1155 695 1211 760 ha·

28 879 29 882 ,
96 802 172 865 beret
186 821 243 882 per
260 801 363 882 ipsum
380 799 572 882 magistrum
587 799 684 864 Denk
709 800 810 865 lilium
828 799 959 866 Nicolai
974 801 1013 866 dc
1029 801 1063 866 N
1065 802 1163 867 elrcbe
1179 803 1212 866 iu

99 910 170 974 sacto
186 908 345 973 dictarum
362 909 812 994 11611111161111Β11111161)7
832 913 863 973 61
888 909 1107 996 Rennulrlrezy
1124 933 1214 976 roca-

98 1025 188 1081 tarum
204 1016 355 1081 exhibere
373 1016 567 1100 postulante,
583 1017 701 1084 Dobou
717 1017 803 1082 filius
829 1017 1011 1084 Salamonis
1026 1041 1086 1104 pro
1102 1020 1213 1086 eodem

98 1125 237 1208 magistro
253 1125 350 1190 Denk
360 1125 426 1190 filio
436 1125 566 1191 Nicolai
582 1177 608 1194 ..
625 1128 665 1190 ad
677 1133 819 1192 nostram
834 1115 987 1192 accedens
1003 1129 1213 1210 presenciam,

97 1241 297 1319 preassumtas
313 1234 426 1300 literas
442 1235 544 1319 ipsius
564 1235 698 1318 capituli
724 1235 764 1298 de
788 1235 897 1320 Posga
921 1237 955 1300 in
980 1237 1212 1319 premissorum

98 1341 249 1405 verborum
275 1343 413 1407 materia
439 1365 605 1428 quosupra
629 1344 800 1421 confectas,
825 1345 932 1410 nullas
958 1345 1040 1409 alias
1065 1344 1213 1410 liberatas

99 1447 167 1534 (igy)
183 1448 215 1514 in
234 1449 329 1514 fact-is
346 1451 531 1516 earumdem
548 1453 784 1534 possessionum
800 1453 996 1539 Byztrekezy
1013 1459 1046 1518 et
1060 1452 1214 1518 11611111-

98 1559 162 1642 lezy
176 1563 360 1624 vocatarum
377 1559 513 1624 eundem
530 1563 720 1644 magistrum
745 1561 842 1626 Denlr
868 1569 944 1627 tunc
968 1561 1009 1626 ad
1034 1582 1166 1646 presens
1183 1568 1215 1627 et

99 1669 126 1730 in
143 1667 278 1731 futurum
294 1666 328 1730 in
347 1668 486 1732 termino
503 1668 626 1734 scilicet
652 1691 709 1752 per
726 1690 783 1734 nos
800 1669 841 1734 ad
857 1669 890 1734 id
906 1669 1101 1753 assignando
1126 1669 1214 1734 exhi-

98 1774 160 1838 bere
176 1795 268 1858 posse
284 1780 318 1838 11
333 1796 392 1839 166
408 1774 534 1858 aliquas
550 1775 679 1854 habere,
704 1783 850 1842 nostram
870 1777 1038 1842 trinariam
1064 1777 1128 1841 imo
1154 1777 1213 1840 ire-

98 1883 284 1964 quenciorem
301 1881 505 1948 iudiciariam
523 1883 563 1949 ad
580 1884 826 1967 requisitionem
851 1885 1005 1968 allegans,
1030 1884 1123 1949 nobis
1142 1906 1215 1968 pre-

98 1995 243 2072 sentarat3
267 1996 300 2054 11
317 2011 391 2056 cum
407 2011 464 2056 nos
480 1992 565 2057 inter
581 1993 668 2076 ipsos
685 1999 793 2075 partes
810 1994 902 2060 iuxta
918 2013 1101 2077 processum
1118 2014 1214 2060 cause

99 2119 193 2162 eorum
210 2101 411 2180 premissum,
428 2100 583 2165 iudicium
597 2100 769 2166 indilatam
785 2100 891 2167 facere
907 2097 1126 2182 161111161111,
1142 2122 1215 2166 mox

98 2208 299 2290 prenominati
325 2209 451 2273 Petheu
475 2208 562 2276 filius
587 2208 697 2294 Synlra
722 2217 755 2274 et
778 2209 895 2275 Dobou
921 2209 1007 2274 filius
1033 2207 1216 2274 Salamonis

100 2322 312 2400 procuratores
329 2317 485 2399 parcium,
501 2317 629 2382 easdem
647 2323 755 2399 partes
771 2319 812 2382 ad
838 2319 927 2402 pacis
953 2317 1216 2382 reformacionem

99 2445 148 2507 per
170 2445 223 2488 nos
238 2424 369 2490 admitti
386 2424 607 2506 postularant3
638 2425 729 2490 cuius
745 2427 836 2508 pacis
867 2425 1091 2490 reformacioni
1122 2424 1214 2488 nobis

99 2531 273 2596 benevolum
291 2552 482 2596 consensum
507 2531 724 2615 prebentibus,
749 2532 845 2597 iidem
862 2534 988 2598 Potheu
1004 2531 1090 2597 filius
1108 2531 1217 2616 Synlra

99 2639 302 2722 predictorum
328 2639 556 2722 magistrorum
581 2640 670 2704 Petri
698 2639 756 2704 filii
783 2639 918 2724 Georgii
934 2647 967 2705 et
982 2638 1128 2706 Ladislai
1155 2639 1213 2703 filii

101 2747 249 2812 «lobannis
281 2747 441 2812 dictorum
468 2743 559 2825 Sorte,
590 2768 628 2812 ac
652 2745 771 2813 Dobou
795 2747 880 2813 filius
906 2746 1087 2814 Salamonis
1113 2747 1214 2830 ipsius

100 2853 335 2936 magistriDenk
346 2860 572 2937 procuratores
582 2853 852 2937 legitimi,ibidem
863 2857 896 2920 in
906 2863 1067 2920 momento
1077 2853 1215 2919 confessi

100 2967 165 3026 sunt
180 3014 185 3026 .
202 3011 208 3024 .
223 2961 309 3045 quod
327 2961 423 3026 iidem
441 2961 589 3044 magistri
615 2963 732 3028 Petrus
760 2971 792 3028 et
817 2963 993 3028 Ladislaus
1019 2962 1096 3028 dicti
1124 2961 1217 3034 Sous,

100 3089 133 3133 ac
147 3068 236 3134 Denk
252 3067 338 3134 filius
353 3067 483 3134 Nicolai
500 3069 641 3134 volentes
653 3091 686 3135 se
696 3077 808 3136 mutuo
819 3070 984 3153 perennali
995 3069 1085 3155 pacis
1098 3068 1217 3132 unione

101 3183 128 3240 et
143 3177 307 3242 dileccione
325 3175 476 3260 amplecti
487 3178 629 3262 speciali,
645 3199 742 3259 super
758 3178 906 3243 omnibus
916 3177 1010 3243 lactis
1021 3183 1053 3242 et
1063 3197 1213 3260 quarum-

100 3285 171 3352 libet
185 3309 354 3352 causarum
381 3286 551 3369 generibus
576 3288 731 3355 hactenus
757 3289 841 3352 inter
858 3309 891 3353 se
907 3293 940 3352 et
955 3285 1137 3369 predictum
1154 3304 1219 3348 ma-

102 3394 226 3475 gistrum
250 3394 457 3459 Demetrium
489 3395 651 3478 quondam
682 3395 722 3459 de
752 3393 887 3460 Nekchc
917 3393 1037 3458 habitis
1067 3387 1220 3456 iniuriose

101 3501 273 3580 1111116111,
290 3523 324 3566 se
341 3523 374 3566 se
391 3509 505 3567 mutua
520 3502 741 3567 vicissitudine
757 3502 924 3586 expeditos
940 3499 1118 3576 reddentes,
1135 3499 1220 3563 11611

101 3611 244 3691 magister
268 3609 367 3674 Denlr
398 3609 438 3674 de
469 3609 604 3676 Nekche
636 3631 813 3694 agnoscens
844 3608 973 3674 easdem
1004 3607 1220 3690 possessiones

101 3717 285 3804 Byztrekezy
302 3725 336 3784 et
351 3718 569 3802 Rennukkezy
586 3721 770 3784 nominatas
786 3724 1035 3783 memoratorum
1052 3714 1220 3797 magistro·

102 3848 166 3890 rum
181 3827 268 3892 Petri
284 3826 344 3890 filii
356 3823 489 3910 Georgii
501 3833 533 3891 et
543 3825 690 3891 Ladislai
707 3826 764 3890 filii
782 3826 805 3890 J
808 3826 946 3890 ohannis
962 3824 1120 3888 dictorum
1138 3822 1220 3888 Sous

103 3933 237 4000 luisseet
253 3955 332 4010 esse,
348 3933 443 3998 acad
460 3933 587 3998 eosdem
613 3935 698 3998 omni
724 3934 869 3998 veritatis
896 3931 1025 3997 tramite
1050 3930 1221 4014 pertinere,

103 4041 212 4106 eisdem
242 4043 408 4126 magistris
438 4041 538 4106 Petro
564 4049 596 4106 61
620 4041 774 4106 Ladislao
806 4041 901 4106 dictis
933 4039 1015 4106 Sous
1047 4058 1221 4120 eorumque

105 4149 265 4216 heredibus
292 4199 322 4214 ..
349 4150 526 4214 remisisset
552 4199 582 4213 ..
608 4156 765 4232 perpetuo
791 4154 823 4212 et
847 4145 1098 4212 irrevocabiliter
1123 4145 1222 4229 possi·
1335 4199 1337 4204 .

103 4255 229 4322 dendanr
245 4308 252 4321 .
269 4309 275 4322 .
291 4258 353 4324 sub
363 4259 457 4323 metis
473 4264 510 4324 111
525 4258 670 4342 parcium
687 4263 911 4342 procuratores
927 4255 1109 4321 retulerunt
1125 4254 1222 4319 infra-

103 4365 237 4449 scriptis:
252 4367 359 4448 prima
375 4365 525 4430 videlicet
534 4372 621 4430 meta
636 4366 834 4447 inciperetur
845 4366 877 4428 iu
889 4363 995 4446 capite
1004 4361 1094 4427 fluvii
1104 4362 1223 4446 Byztre

103 4473 219 4553 iretque
233 4473 353 4538 directe
364 4471 541 4556 adpartem
550 4473 748 4549 orientalem,
765 4481 797 4536 et
807 4471 924 4536 abhinc
942 4468 1162 4535 descendendo
1173 4490 1222 4532 ca·

104 4579 186 4644 deret
194 4582 226 4645 in
235 4579 367 4646 fluvium
378 4580 485 4664 Tapol
501 4585 663 4660 vocatum,
679 4579 793 4644 deinde
804 4578 1007 4662 supraeundo
1024 4577 1170 4642 tenderet
1181 4576 1222 4640 ad

105 4694 220 4769 partem
236 4687 529 4773 septemtrionalem
545 4687 601 4752 ubi
617 4687 800 4774 perveniret
816 4687 857 4752 ad
874 4685 1221 4770 1111111111611111111,
