3188 5470
538 510 798 572 1350.uaar.3.
1159 513 1221 572 363

95 684 195 748 altera
220 707 294 750 vero
319 684 458 768 quadam
484 685 599 750 arbore
625 689 731 753 salicis
757 709 858 770 usque
884 685 1025 753 Crisium
1051 687 1227 768 limitatus,

94 791 166 855 hinc
190 793 389 875 possessione
414 793 571 878 Weynten
603 794 763 878 particula
793 795 936 859 locorum
961 795 1183 861 sessionalium
1207 820 1227 862 a

95 900 189 984 plaga
206 902 407 967 meridionali
424 903 750 986 incipiendoaOrisio
767 905 1083 970 versusoccidentem
1094 905 1135 970 ad
1146 906 1227 970 duas

96 1008 224 1075 arbores
248 1013 330 1094 piri;
355 1010 430 1076 hinc
462 1011 655 1077 reflectendo
679 1034 790 1077 versus
815 1012 980 1078 meridiem
1006 1013 1046 1077 ad
1078 1013 1223 1078 arborem

97 1117 179 1198 pomi
195 1124 228 1182 et
253 1118 368 1183 deiude
384 1141 495 1184 versus
520 1121 678 1184 orientem
704 1141 814 1185 rursus
842 1120 884 1186 ad
901 1119 1041 1186 Orisium
1061 1121 1224 1202 veniendo,

96 1231 165 1306 post
182 1225 243 1289 hoc
260 1231 369 1290 saritam
386 1233 455 1292 tota
471 1227 580 1310 porcio
596 1228 698 1311 ipsius
723 1229 869 1312 magistri
897 1225 1030 1294 Abrahe
1050 1229 1083 1293 in
1100 1249 1222 1312 posses·

95 1332 179 1396 sione
205 1333 361 1417 Feyerem
387 1340 509 1412 vocata,
535 1357 597 1417 que
622 1335 774 1417 predictis
800 1335 989 1402 dominabus
1015 1337 1224 1419 pereundam

97 1440 285 1523 magistrum
302 1439 472 1506 Abraham
491 1463 550 1526 pro
576 1449 693 1524 quarta
719 1443 904 1508 earumdem
920 1442 1028 1510 iuerat
1050 1445 1224 1526 assignata,

95 1570 153 1630 que
171 1549 312 1632 quodam
329 1549 432 1614 rivulo
447 1549 480 1614 iu
496 1550 632 1616 declusa
653 1549 749 1616 Orisii
777 1552 963 1635 distingitur
984 1558 1016 1617 et
1033 1561 1220 1636 separatur·;

94 1658 206 1722 deinde
221 1659 255 1721 iu
271 1664 359 1724 terra
369 1658 630 1745 Mortunusylese
645 1667 759 1726 vocata
778 1683 860 1727 unus
881 1661 999 1726 fundus
1016 1686 1035 1728 a
1051 1670 1144 1746 parte
1162 1684 1225 1727 me·

95 1765 1225 1855 fflmffiwmmwmwmfflmffimwfflmmmm

94 1883 124 1938 et
132 1875 469 1958 distingunt3tandem
479 1878 513 1940 in
524 1878 774 1961 possessionibus
785 1878 875 1943 iuxta
884 1877 1015 1943 fluvium
1026 1879 1153 1944 Morisii
1164 1879 1227 1942 exi-

95 1983 252 2048 stantibus
264 1983 462 2067 Kaproncha
483 1985 603 2050 vocatis
619 1988 778 2070 possessio
788 1987 1095 2070 Kuzepseumonyra
1114 1994 1227 2052 vocata

96 2089 234 2155 sedecim
244 2092 461 2174 possessiones
472 2092 516 2156 ibi
531 2093 703 2158 existentes
713 2093 875 2172 distincta,
886 2093 1030 2160 totaliter
1040 2116 1099 2178 pro
1110 2101 1227 2178 quarta

92 2198 181 2262 liliali
199 2199 368 2282 assignata
383 2199 499 2278 extitit,
516 2221 613 2282 qnam
630 2222 712 2265 unus
738 2200 859 2266 rivulus
876 2208 1001 2286 aparte
1020 2201 1222 2266 meridionali

92 2307 275 2372 circumdat
291 2313 323 2372 et
339 2329 397 2390 pro
413 2313 500 2372 meta
516 2307 671 2388 habetur;
695 2308 770 2373 hinc
796 2309 828 2372 in
849 2310 1010 2374 montanis
1026 2310 1169 2376 Kuaund
1193 2312 1225 2374 in

92 2413 291 2478 aurifodinis.
302 2413 357 2478 ubi
369 2421 443 2478 sunt
454 2419 593 2497 quatuor
603 2414 774 2480 descensus
785 2416 1048 2495 aurifodinarum‚
1065 2417 1224 2484 sedecima

91 2541 165 2603 pars
181 2523 304 2604 partim
329 2521 369 2584 de
394 2521 542 2603 porcione
561 2521 702 2586 eiusdem
722 2523 868 2605 magistri
887 2521 1031 2602 Abrahe,
1051 2526 1170 2607 partim
1187 2525 1226 2589 dc

91 2631 241 2710 porcione
257 2627 396 2693 filiorum
413 2629 535 2694 Thome
546 2629 744 2713 proveniens,
758 2637 831 2714 post
847 2631 906 2696 hoc
922 2639 1029 2696 autem
1040 2632 1228 2697 mediavilla

92 2737 410 2820 octopossessionom
426 2736 569 2803 Kuzuud
580 2743 767 2802 vocatarum
778 2739 811 2802 in
822 2740 1019 2821 possessione
1036 2741 1223 2806 Mortunus-

91 2845 237 2928 kuzyndy
254 2845 343 2910 dicta
357 2846 418 2910 hoc
433 2845 527 2909 modo
543 2846 704 2923 distincta,
716 2867 789 2910 nam
806 2867 826 2912 a
842 2848 982 2930 quadam
999 2848 1113 2914 arbore
1125 2847 1224 2914 bifur-

90 2959 162 3018 cata
178 2975 278 3017 ornus
303 2953 480 3036 vulgariter
504 2973 579 3018 vero
604 2951 714 3036 egerfa
737 2961 851 3019 vocata
875 2975 985 3019 versus
1002 2957 1158 3020 orientem
1183 2955 1223 3020 ad

91 3061 255 3142 quandam
281 3059 428 3126 arborem
453 3059 630 3144 vulgariter
646 3068 782 3146 gyrtyau
799 3065 997 3128 nominatam
1017 3063 1228 3148 adquendam

89 3175 231 3234 montem
248 3170 457 3254 procedendo,
474 3171 549 3234 hinc
564 3193 622 3254 per
638 3171 807 3236 decursum
824 3171 989 3236 cuiusdam
1005 3173 1102 3244 rivuli
1119 3193 1227 3238 versas

89 3279 354 3361 septemtrionem
372 3299 473 3361 usque
490 3284 611 3342 terram
632 3278 1023 3363 Mortunusylesedictam
1034 3301 1092 3362 pro
1110 3287 1228 3364 quarta

89 3386 182 3451 tiliali
209 3388 286 3452 date
313 3409 369 3452 seu
394 3386 472 3452 data
502 3387 664 3469 assignate
690 3394 747 3452 aut
771 3387 939 3469 assignata
954 3386 1047 3451 modo
1073 3387 1228 3470 premisso

90 3495 291 3578 supradictis
307 3493 497 3560 dominabus
514 3495 705 3560 exstiterant
730 3502 764 3558 et
788 3495 994 3570 exstitissent,
1019 3517 1096 3562 usus
1121 3503 1228 3560 autem

90 3611 122 3668 et
137 3625 251 3668 omnes
278 3603 444 3680 utilitates,
471 3601 619 3666 videlicet
643 3609 747 3666 terras
772 3601 877 3667 cultas
903 3609 937 3666 et
960 3602 1108 3680 incultas,
1132 3603 1228 3669 silvas

89 3717 189 3794 prata
204 3712 346 3796 piscinas
364 3731 497 3775 nemora
513 3717 546 3773 et
562 3709 642 3774 alias
659 3709 817 3774 utilitates
843 3711 984 3774 omnium
1009 3711 1228 3792 predictarum

88 3819 420 3904 possessionariarum
454 3817 641 3902 porcionum
672 3838 731 3902 pro
763 3825 882 3899 quarta
912 3818 1003 3884 filiali
1034 3819 1229 3884 traditarum

88 3929 382 4013 proporcionaliter
397 3933 506 3993 tamen
523 3927 682 3992 communi
708 3927 780 3991 usui
806 3927 1001 4011 deputarent
1026 3934 1060 3992 et
1076 3949 1161 3992 nunc
1177 3928 1228 3992 de·

87 4043 258 4120 putarunt,
274 4043 371 4120 prout
387 4037 420 4100 in
436 4034 590 4120 predictis
605 4034 707 4100 literis
724 4034 838 4100 iudicis
855 4036 942 4099 curie
959 4036 1047 4118 regie
1064 4036 1227 4100 continen-

86 4153 160 4222 tur,
187 4146 295 4209 omnia
325 4150 434 4209 autem
465 4144 678 4208 instrumenta
714 4142 838 4225 regalia
877 4164 932 4207 seu
971 4144 1139 4227 reginalia,
1171 4152 1229 4209 aut

85 4253 309 4335 ‹prorumlibet
340 4252 479 4316 iudicum
505 4257 538 4316 et
568 4252 719 4335 precipue
751 4251 865 4315 iudicis
896 4252 983 4316 curie
1015 4253 1101 4334 regie
1132 4275 1229 4335 super

87 4360 238 4442 predicta
255 4365 375 4442 quarta
390 4358 482 4424 filiali
498 4381 557 4443 pro
573 4359 652 4443 ipsis
669 4358 859 4423 dominabus
885 4367 1044 4438 emanata,
1069 4360 1154 4424 idem
1170 4359 1228 4424 Ni·

86 4467 204 4531 colaus
228 4465 371 4531 reddidit
396 4517 401 4531 .
431 4517 437 4532 .
461 4465 583 4530 viribus
608 4467 751 4530 caritura
783 4515 789 4528 .
817 4515 823 4528 .
848 4466 972 4531 Datum
1003 4474 1121 4549 quarta
1146 4468 1228 4532 feria

88 4575 241 4657 proxima
258 4579 333 4638 :vute
350 4573 541 4639 dominicam
558 4575 686 4652 Latere,
703 4595 788 4638 anno
813 4573 969 4638 dominice
994 4575 1228 4640 incarnacionis

87 4685 165 4750 ll¹¹¹⁰
184 4680 307 4747 OOC¹¹¹⁰
323 4682 607 4767 quinquagesima,
632 4682 778 4748 discretis
795 4682 869 4746 viris
888 4681 1040 4766 Philippo
1057 4683 1228 4766 preposito.
