3180 5466
558 467 640 528 1351
659 483 727 528 sun.
749 471 801 528 29.
1181 469 1242 528 sol

116 645 269 708 scripcione
283 660 331 710 per
354 649 511 698 dohannem
535 649 640 697 Selmus
663 647 824 710 notarium
844 647 890 697 sed
912 662 993 710 super
1014 650 1249 700 trausinutaoione

116 736 262 787 comitatus
281 753 330 801 per
342 739 503 790 Ladislaum
516 741 622 790 dictum
636 741 729 790 Socer.
752 738 891 802 Eredetije
904 755 936 788 az
951 753 1020 789 orsu.
1043 741 1074 790 lt.
1086 739 1152 803 dipl.
1176 747 1244 790 oszt.

120 831 196 876 4042.
223 828 368 893 Ugyanott
401 835 478 882 3226.
501 829 529 880 ds
561 835 638 881 3227.
665 831 776 880 szamok
800 832 870 880 alatt
897 829 997 880 'famas
1029 831 1245 894 orszdgbirdnak

117 917 142 965 ds
167 917 190 966 I.
216 918 300 981 Lajos
322 919 472 982 kiralynak
500 925 575 970 1354.
596 921 653 982 jan.
681 921 784 970 ae-kan
806 921 833 970 ds
856 920 924 970 febr.
949 919 1049 968 27-ken
1075 921 1135 969 kelt
1159 920 1244 970 atina·

119 1010 213 1059 taiban
236 1011 260 1059 is
281 1024 343 1076 meg
366 1027 428 1076 van,
454 1013 590 1062 valamint
616 1012 637 1061 I.
660 1011 744 1075 Lajos
771 1001 865 1073 kirtly
893 1015 968 1062 1352.
996 1025 1052 1074 apr.
1080 1011 1163 1062 28=dn
1190 1011 1249 1060 kelt

112 1100 275 1151 dtiratalrau
288 1101 319 1166 is,
330 1103 404 1164 mely
418 1102 499 1152 (lelen
521 1103 561 1152 fia
585 1103 692 1153 Sandor
705 1104 741 1153 fia
755 1103 840 1152 danos
859 1103 968 1167 gdmdri
982 1102 1009 1153 ts
1023 1102 1170 1167 cscugradi
1183 1101 1247 1152 sdis-

117 1191 169 1252 pdn
184 1189 310 1241 serenare
323 1191 439 1242 keszclt.
467 1194 568 1243 Tamas
590 1193 748 1259 orszagblrd
773 1194 894 1244 meruli
920 1193 1023 1242 atinate
1038 1192 1186 1258 »magister
1200 1193 1247 1241 Jo-

114 1280 219 1330 hannes
243 1281 317 1332 filius
340 1284 493 1334 Alexandri
512 1299 601 1334 coines
624 1283 872 1350 (lhangradiensise
896 1283 1022 1334 kdrdsdre
1047 1283 1197 1332 allittatott
1209 1282 1248 1332 ki.

118 1369 263 1434 Ugynnott
275 1387 307 1423 az
322 1373 480 1439 orszagblrd
503 1376 524 1424 Ι.
539 1375 622 1438 Lajos
643 1375 792 1437 kirdlyuak
814 1389 866 1442 egy
888 1374 977 1424 masik
993 1377 1069 1423 1351.
1086 1371 1146 1435 jun.
1167 1371 1247 1421 27·er

115 1462 170 1511 kelt
182 1462 322 1513 olslevelet
344 1465 367 1512 is
390 1465 482 1529 tarje,
504 1467 633 1528 melyben
645 1467 667 1516 I.
681 1465 764 1528 Lajos
788 1465 879 1527 kirtly
899 1463 1041 1529 megtgdri,
1053 1463 1128 1526 hogy
1143 1463 1245 1511 Telles-

112 1553 214 1614 prunni
228 1552 295 1603 ono
308 1556 479 1619 gyermekeit
488 1557 618 1622 Somogyi
630 1557 780 1606 birtokben
793 1553 936 1605 mindcnki
950 1556 1022 1604 ellen
1035 1568 1098 1618 meg
1111 1552 1187 1617 fogja
1199 1552 1244 1601 vd·

113 1641 182 1692 deni.
202 1643 304 1694 Kczli:
324 1645 432 1696 Koraos
445 1647 479 1696 N.
499 1645 580 1710 Fejdr
592 1647 615 1696 is
628 1646 703 1696 kczli
716 1648 781 1696 tobb
794 1646 918 1710 hiber-al,
931 1645 949 1694 i.
963 1659 998 1694 m.
1012 1645 1061 1694 IX.
1077 1648 1100 1693 2.
1117 1647 1176 1692 132.
1190 1643 1209 1693 1.

637 2061 710 2122 305.

112 2218 207 2280 1351.
216 2221 290 2304 jau.
317 2219 368 2282 29.
394 2215 424 2280 A
449 2221 563 2302 saepeci
588 2218 742 2304 kdptalcn
775 2219 844 2282 alcu
877 2219 1014 2305 Terrrpey
1038 2219 1185 2283 Demeter
1216 2221 1246 2282 e's

111 2324 231 2388 Miletos
247 2325 347 2390 Scires
371 2325 597 2411 cdrmeqydbdl,
617 2349 655 2390 aa
670 2327 793 2412 creyjalr
808 2329 910 2411 jopdn
926 2328 1007 2412 jdro‘
1023 2325 1246 2412 lestap-nepycd

109 2432 285 2516 drdkse‘pdk
301 2432 629 2520 kraddsdrleernyei
640 2436 740 2498 Mersa
748 2435 799 2516 fla
812 2434 953 2498 Bcncdek
966 2434 1246 2521 fiaitnyaptatjdk.

216 2593 287 2660 Nos
304 2595 483 2678 capitulum
503 2597 634 2662 ecclesie
644 2597 731 2662 beati
741 2596 879 2663 Martini
895 2597 935 2662 de
952 2595 1074 2680 Scepus
1092 2648 1098 2660 .
1116 2648 1122 2661 .
1148 2597 1245 2678 signi·

108 2701 246 2768 ficamus
264 2751 294 2767 ..
319 2703 406 2787 quod
422 2704 569 2786 magistri
586 2703 772 2770 Demetrius
798 2710 830 2768 et
854 2703 1011 2770 Nicolaus
1028 2703 1085 2768 filii
1103 2701 1244 2770 Simonis

109 2813 169 2878 filii
186 2813 350 2878 Demetrii
366 2813 405 2878 de
424 2813 530 2879 Tarne
546 2815 586 2879 de
603 2816 757 2880 comitatu
774 2813 877 2880 Serus
893 2813 934 2878 ab
951 2835 1024 2892 una,
1036 2834 1073 2877 ac
1091 2815 1244 2896 magister

108 2920 269 2986 Nicolaus
284 2920 371 2987 filius
388 2921 557 2989 Benedicti
573 2923 632 2988 filii
647 2923 757 2988 Merse
773 2923 812 2987 dc
828 2922 853 2987 J
855 2943 973 3006 ernnye
984 2943 1042 3005 pro
1053 2941 1085 2986 se
1096 2943 1134 2986 ac
1144 2921 1244 2986 Petro

109 3037 141 3094 et
157 3031 269 3096 Mense
285 3029 442 3096 fratribus
459 3033 525 3096 suis
542 3037 635 3114 parte
651 3031 692 3097 ab
709 3033 812 3096 altera
837 3053 945 3097 coram
961 3030 1053 3095 nobis
1070 3029 1245 3113 personali·

109 3145 161 3203 ter
177 3139 356 3216 constituti,
373 3139 469 3203 iidem
485 3139 672 3204 Demetrius
699 3145 731 3203 et
747 3138 902 3204 Nicolaus
928 3138 986 3203 filii
1012 3137 1152 3204 Simonis
1169 3145 1244 3203 sunt

108 3245 295 3312 confessi..
321 3247 407 3328 quod
424 3247 559 3330 predicti
584 3247 732 3330 magistri
756 3245 912 3312 Nicotaus
932 3247 1051 3311 Petrus
1077 3253 1110 3310 et
1135 3245 1244 3310 Mersa

108 3375 207 3438 super
225 3361 344 3437 quarta
360 3353 510 3438 puellari,
529 3357 614 3438 ipsos
630 3354 833 3420 Demetrium
859 3362 892 3419 et
916 3354 1089 3420 Nicolaum
1114 3355 1243 3419 racione

106 3469 254 3527 materne
272 3463 481 3527 successionis
506 3463 540 3526 in
565 3463 817 3546 possessionibus
841 3464 990 3546 magistri
1007 3461 1114 3526 Messe
1139 3462 1243 3545 patris

104 3571 236 3636 domine
252 3571 366 3635 matris
383 3571 568 3636 eorumdem
584 3571 742 3637 Demetrii
768 3581 800 3636 et
824 3572 955 3638 Nicolai
974 3572 1242 3655 contingentibus,

106 3681 202 3744 iuxta
243 3677 481 3744 ordinacionem
524 3686 555 3744 et
592 3681 857 3763 composicionem
891 3681 1065 3764 proborum
1100 3681 1243 3744 virorum

104 3788 301 3871 condignam
318 3788 396 3872 ipsis
415 3789 646 3872 impendissent
662 3790 927 3869 satisfaccionem,
953 3796 985 3855 et
1012 3790 1097 3874 quod
1115 3789 1242 3855 eosdem

104 3896 282 3978 magistros
323 3895 496 3962 Nicolaum
536 3898 672 3963 Petrum
698 3904 730 3964 et
754 3897 864 3963 Merse
894 3901 1023 3964 racione
1057 3899 1242 3964 huiusmodi

104 4010 225 4086 quarte
257 4004 412 4087 puellaris
443 4005 687 4073 dimisissent..
727 4005 901 4089 expeditos.
941 4006 1064 4072 Datum
1095 4005 1129 4069 in
1160 4006 1241 4070 festo

103 4111 279 4177 beatorum
295 4113 386 4178 Petri
397 4122 429 4180 et
439 4115 535 4180 Pauli
545 4114 774 4199 apostolorum,
791 4136 875 4180 anno
892 4115 1013 4180 domini
1029 4113 1104 4178 Μῐῃο
1121 4113 1241 4183 OOOl¹⁰

103 4221 376 4305 quinquagesimo
392 4223 504 4306 primo

216 4385 370 4449 Hatlapjan
397 4385 488 4449 pecrdt
510 4387 686 4450 nyomaival;
706 4385 836 4450 credetije
850 4401 866 4436 a
881 4386 1093 4448 azinyei-Merse
1107 4403 1142 4440 cs.
1156 4389 1239 4439 ltera-

100 4477 158 4524 ban
173 4473 300 4538 Jernyen
314 4475 395 4525 Saros
409 4471 620 4541 varmegyebeu.
646 4476 744 4526 Kdzli:
765 4476 951 4540 Fejerpstaky
964 4476 1071 4528 Laszlo.
