3188 5470
573 529 752 593 1340101.
773 531 823 592 15.
1185 527 1247 592 301

111 729 233 795 sueque
249 730 341 777 sacre
357 731 473 776 corone
489 710 576 792 regie
604 730 662 793 pro
682 709 819 774 dicenda
844 709 980 774 veritate
999 714 1032 774 et
1048 709 1178 774 iusticia
1194 707 1249 771 ob·

112 819 280 901 servanda,
296 824 383 884 tacto
398 817 521 883 vivifice
537 818 640 882 crucis
652 817 740 901 ligno
751 817 842 882 nobis
858 817 1036 899 prestitam,
1053 839 1091 882 ac
1108 817 1249 881 universi

114 927 238 994 nobiles
255 928 332 992 dicti
360 927 531 992 comitatus
553 925 741 1004 Hortensia
768 925 809 989 ad
834 933 979 990 nostram
1004 926 1249 1009 requisicionem

116 1035 288 1101 iuridioem
304 1035 413 1099 omnia
428 1034 585 1118 premissa
602 1083 608 1097 .
627 1085 633 1098 .
649 1033 744 1098 modo
767 1034 899 1098 omnino
915 1039 1089 1118 prenotato
1106 1033 1250 1098 unanimi

114 1153 146 1210 et
161 1142 314 1209 concordi
328 1142 560 1208 testifioacione
576 1141 789 1208 affirmarunt.
812 1143 853 1208 In
870 1143 960 1206 cuius
977 1143 1199 1207 attestacionis
1216 1190 1222 1204 .
1243 1190 1249 1204 .

115 1253 338 1318 testimonium
354 1259 520 1335 presentes
540 1255 669 1315 nostras
694 1249 815 1329 literas,
840 1259 959 1330 nostre,
985 1249 1250 1334 pediotcrumque

111 1359 309 1426 vicecomitis
334 1366 367 1424 et
391 1359 534 1424 iudicum
564 1358 720 1424 nobilium
752 1359 867 1442 sigillis
898 1361 1113 1442 consignatas,
1145 1358 1248 1424 eidem

111 1467 250 1534 Nicolao
266 1467 333 1533 filio
349 1467 477 1534 Nicolei
493 1475 526 1532 et
541 1467 614 1533 aliis
629 1467 782 1551 predictis
799 1517 806 1531 .
823 1517 830 1530 .
846 1467 996 1532 duximus
1019 1466 1250 1548 concedendas,

112 1577 244 1642 iusticia
260 1577 417 1660 exigente.
440 1575 565 1641 Datum
582 1581 672 1640 sexto
687 1575 740 1640 die
756 1577 1019 1658 congregacionis
1045 1581 1153 1640 nostre
1179 1595 1250 1658 pre-

114 1684 210 1761 dicte,
225 1685 260 1748 in
276 1683 347 1750 loco
363 1684 537 1762 antedicto,
554 1705 638 1749 enno
654 1685 775 1750 domini
792 1685 845 1749 M⁰
868 1681 966 1751 000ο
990 1681 1095 1748 XL¹⁰⁰
1112 1702 1204 1748 ncnc.

233 1812 388 1876 Hdtlapjdn
409 1814 461 1862 hat
473 1813 564 1876 pecset
585 1814 759 1878 nyomsiva13
778 1813 908 1876 eredetije
931 1827 963 1862 ar
977 1827 1046 1862 orsz.
1060 1812 1171 1861 lttrban
1185 1810 1251 1873 dipl.

111 1909 181 1953 oszt.
196 1907 293 1953 26558.
313 1904 412 1953 Kozli:
432 1904 539 1954 Kovtcs
552 1905 586 1953 N.

113 2319 212 2382 1349.
221 2318 287 2402 jol.
306 2319 356 2384 15.
380 2317 573 2404 Apozsouyi
597 2317 751 2402 leciplalon
777 2317 805 2382 I.
824 2316 920 2401 Lujos
945 2316 1251 2402 kirdlyuulojeleati,

113 2427 196 2512 boqy
210 2425 323 2491 Jatat
335 2428 489 2512 porsooyi
504 2425 584 2488 111101
602 2424 723 2489 Misdrd
741 2432 822 2488 00011
840 2424 977 2511 Pozsony
993 2427 1171 2510 udrmepyei
1187 2425 1248 2488 bir-

267 2533 358 2600 totta
375 2533 526 2598 beiktattc
541 2534 572 2596 ds
587 2534 695 2597 01111011
711 2534 840 2598 talarus
857 2534 884 2598 is
900 2537 1097 2618 megffdratta.

223 2728 230 2743 .
248 2728 255 2742 .
272 2677 432 2744 Lodcvioo
449 2730 455 2744 .
473 2728 479 2742 .
497 2679 613 2762 regi..
631 2678 810 2762 capitulum
835 2676 968 2743 ecclesie
994 2677 1199 2744 Posoniensis
1216 2724 1223 2740 .
1242 2725 1248 2740 .

109 2785 227 2850 literas
244 2791 349 2850 vestre
366 2786 556 2851 excellencie
574 2836 580 2850 .
597 2837 604 2850 .
620 2786 800 2868 recepimus
816 2785 850 2849 in
866 2785 925 2851 heo
941 2784 1052 2850 verba:
1069 2783 1253 2850 Lodovicus

110 2959 117 2972 ,
137 2915 222 2958 ,1011
250 2944 281 2958 ..
306 2894 448 2978 capitulo
483 2893 614 2960 ecclesie
639 2894 845 2959 Posoniensis
871 2942 901 2958 ..
927 2894 1006 2960 dicit
1030 2893 1122 2958 nobis
1148 2915 1253 2960 eomes

110 3001 263 3067 ‚lacobus
279 2999 376 3067 iudex
391 3001 530 3066 civitatis
546 3007 654 3066 nostre
670 3001 876 3066 Posoniensis
894 3051 900 3065 .
918 3051 924 3064 .
941 3001 1027 3082 quod
1043 3003 1112 3086 ipse
1128 3024 1250 3087 posses·

109 3111 238 3175 sionem
255 3130 347 3174 suem
362 3107 493 3194 Myseer
517 3116 663 3175 vocatam
681 3110 713 3173 in
730 3111 885 3174 comitatu
901 3109 1092 3174 Posoniensi
1108 3111 1142 3172 111
1159 3108 1254 3176 01101-

111 3217 212 3282 lokuz
231 3217 430 3292 existentem,
447 3217 506 3300 pel
521 3239 579 3282 nos
595 3216 657 3282 sibi
672 3239 730 3300 pro
747 3219 813 3282 suis
838 3217 1013 3282 meritoriis
1033 3218 1175 3283 serviciis
1190 3239 1254 3282 me·

111 3324 284 3390 clientibus
300 3325 372 3389 aliis
388 3325 492 3390 literis
509 3326 627 3390 nostris
643 3325 829 3411 patentibus
857 3347 942 3391 nuno
958 3325 998 3390 de
1015 3347 1094 3390 novo
1111 3376 1116 3390 .
1135 3376 1141 3389 .
1159 3325 1254 3391 colla·

109 3439 193 3512 tam,
219 3453 279 3517 per
303 3432 527 3499 distincciones
549 3439 755 3498 ..metarum
782 3455 802 3498 a
826 3433 1078 3516 possessionibus
1114 3435 1252 3499 aliorum

109 3543 293 3608 vicinorum
312 3547 345 3606 et
361 3548 653 3606 commetaneorum
664 3562 796 3607 suorum
812 3562 963 3626 separare
979 3541 1076 3607 vellet
1092 3593 1098 3606 .
1116 3591 1122 3605 .
1140 3539 1253 3626 Quare

111 3649 270 3714 fidelitati
286 3656 390 3714 vestre
407 3699 413 3712 .
431 3699 438 3712 .
454 3649 612 3714 demusin
622 3649 784 3715 mandatis
795 3656 953 3732 quatenus
964 3657 1104 3715 vestrum
1115 3651 1255 3716 mittatis

110 3757 281 3822 bominem
307 3778 366 3840 pro
390 3757 595 3823 testimonio.
615 3807 620 3820 .
639 3777 701 3838 qno
727 3763 878 3841 presente
903 3759 1022 3824 Petrus
1039 3757 1125 3824 filius
1141 3758 1252 3841 Egidii

111 3863 153 3928 de
171 3861 359 3930 Ohoufolue
374 3864 424 3928 vel
444 3863 629 3950 Stephanus
645 3863 730 3930 filius
747 3865 894 3930 Bodolou
920 3864 958 3928 de
985 3863 1179 3950 Kyralyfaia
1195 3871 1254 3930 aut

110 3971 221 4037 Peteu
250 3971 289 4036 de
315 3971 452 4040 Obollou
478 3973 551 4038 aliis
576 3973 764 4038 absentibus
789 3973 884 4038 homo
909 3979 1027 4050 noster,
1047 3973 1251 4055 presentibus

110 4081 232 4145 vicinis
250 4087 282 4145 et
297 4082 524 4146 commetaneis
547 4081 632 4146 dicte
648 4081 860 4163 possessionis
876 4081 1006 4166 Myseer
1022 4081 1165 4163 legitime
1181 4103 1254 4148 con·

110 4188 241 4254 voeatis
258 4187 431 4254 adfaciem
448 4189 591 4254 eiusdem
617 4189 806 4270 accedendo,
832 4187 1015 4254 reambulet
1038 4189 1142 4272 ipsam
1159 4239 1166 4254 .
1183 4240 1190 4254 .
1206 4211 1255 4254 re-

111 4295 385 4378 ambulatamque
401 4347 408 4360 .
426 4348 432 4362 .
449 4303 573 4362 statuat
597 4298 702 4381 ipsam
727 4297 853 4380 prefato
878 4296 987 4362 comiti
1007 4296 1133 4362 Jacobs
1158 4297 1255 4363 titulo

111 4403 276 4489 premisse
293 4409 401 4468 nostre
417 4425 496 4468 nove
513 4404 698 4470 donacionis
722 4410 880 4487 perpetuo
897 4403 1131 4486 possidendam,
1147 4405 1175 4468 si
1191 4427 1254 4470 non

111 4513 219 4578 fuerit
245 4512 488 4591 contradictum,
512 4514 765 4580 contradictores
782 4521 890 4580 autem
916 4517 942 4580 si
961 4516 1016 4597 qui
1033 4515 1162 4594 fuerint,
1179 4518 1257 4582 citet

112 4621 207 4706 ipsos
217 4628 333 4686 contra
343 4622 448 4704 ipsum
458 4623 606 4688 comitem
616 4622 776 4688 Jacobum
793 4623 834 4688 ad
845 4629 989 4689 nostram
1005 4625 1204 4706 presenciam
1214 4625 1256 4690 ad

113 4730 297 4798 terminum
308 4735 549 4813 competentem.
560 4731 607 4795 Et
616 4737 689 4813 post
698 4732 757 4796 hec
767 4732 881 4797 seriem
891 4733 995 4797 tocius
1006 4732 1257 4800 lacti..n0bis..
