3188 5476
751 633 936 682 sniounonr
954 617 1168 678 onnlnvrsn.

928 909 1003 968 3932

401 1072 494 1134 1352.
512 1071 578 1134 dcc.
607 1071 634 1131 I.
666 1067 768 1151 Toldy
785 1066 904 1130 Miletos
929 1059 1259 1152 Pozsonyvdrnteyye
1275 1063 1504 1148 alispdnjae'sn

391 1173 476 1266 Αηεζῃ
494 1179 674 1264 szolqabirc'
698 1177 725 1238 I.
744 1175 846 1262 Lajos
863 1174 1040 1259 lcirdynak
1057 1173 1207 1258 jeleatik,
1228 1173 1309 1260 hopes
1327 1170 1474 1255 Foldfaln
1486 1176 1509 1232 eis·

400 1287 562 1352 Pereszle'n
581 1292 660 1346 erevit
681 1285 828 1347 hirtokole
856 1305 925 1344 nem
953 1281 1191 1368 Napyszornbet
1205 1285 1302 1344 seiros
1320 1279 1431 1342 Rasna
1448 1287 1508 1341 vect

392 1379 604 1471 'himokdnnle
630 1395 744 1457 haireni
770 1392 919 1475 Eiei'o'nti
944 1391 1048 1455 Dezsb'
1065 1391 1118 1468 fia
1145 1389 1273 1476 Mihaly
1307 1387 1420 1474 Czrffer
1448 1397 1508 1450 nevit

648 1501 844 1564 hirtoka‘nak
861 1501 1029 1586 kiepeszith'
1044 1495 1142 1562 re'szet
1156 1498 1294 1585 hepezik.

517 1715 546 1731 ..
579 1663 740 1729 Lodcvico
773 1711 803 1725 ..
833 1663 902 1745 regi
935 1711 963 1724 ..
996 1661 1151 1742 magister
1181 1659 1338 1726 Nicolaus
1367 1661 1404 1725 de
1427 1661 1510 1743 Toldy

395 1776 572 1838 'vicecomes
598 1771 813 1851 Posoniensis,
829 1771 905 1832 item
925 1789 1031 1834 comes
1056 1768 1209 1833 Matheus
1234 1769 1273 1832 de
1299 1767 1450 1852 Capulna
1466 1769 1511 1832 lo

400 1882 522 1946 hannes
539 1881 644 1944 dictus
669 1877 739 1960 Pop
764 1877 803 1942 de
827 1877 973 1953 Bachum
998 1875 1137 1958 Egidius
1153 1877 1193 1940 de
1212 1877 1301 1942 Enid
1318 1883 1351 1941 et
1366 1877 1511 1942 Johannes

345 2027 349 2038 ι
400 1987 485 2053 filins
501 1986 600 2052 Mark
617 1987 656 2052 de
673 1985 808 2050 Karcha
832 1985 952 2050 iudices
972 1983 1129 2048 nobilium
1145 1985 1288 2050 eiusdem
1303 1983 1464 2050 comitatus
1483 2035 1506 2049 ..

402 2096 532 2161 Literas
557 2103 661 2160 vestre
685 2095 867 2159 maiestatis
892 2093 985 2158 nobis
1009 2094 1149 2158 directas
1174 2096 1353 2178 recepimus
1376 2146 1403 2158 ..
1424 2096 1453 2158 in
1466 2095 1511 2157 her

403 2203 517 2268 verba:
543 2203 724 2268 Lodovicus
748 2251 777 2266 ..
800 2223 857 2267 rex
881 2251 910 2267 ..
933 2201 1041 2267 comiti
1057 2201 1107 2266 vel
1133 2203 1313 2267 vicecomiti
1330 2211 1362 2267 et
1377 2202 1511 2269 iudicibus

402 2311 558 2377 nobilium
583 2311 754 2374 comitatus
771 2309 977 2375 Posoniensis
1008 2360 1038 2374 ..
1069 2309 1198 2374 Dicitur
1223 2311 1316 2375 nobis
1341 2312 1372 2374 in
1397 2331 1514 2394 persons
1570 2297 1571 2374 l

406 2419 550 2502 magistri
575 2417 746 2482 Michaelis
771 2417 832 2482 filii
856 2417 971 2484 Desen'
1002 2419 1042 2483 de
1072 2417 1245 2500 Elephant,
1279 2419 1365 2502 quod
1395 2419 1513 2482 universi

404 2530 487 2593 cives
504 2549 559 2593 seu
575 2528 717 2611 hospites
734 2529 773 2594 de
790 2526 945 2593 Tir‘navia
970 2527 1127 2610 quasdam
1148 2535 1252 2592 terras
1267 2549 1344 2593 suas
1362 2527 1513 2593 Foldlolun

405 2645 438 2701 et
452 2635 608 2700 Perezlen
624 2642 761 2714 vocatas,
781 2627 824 2699 ad
839 2636 1072 2718 possessionem
1083 2637 1183 2718 ipsius
1200 2637 1349 2719 magistri
1366 2635 1515 2700 Michaelis

406 2741 493 2810 Ciser
509 2751 656 2809 vocatam
673 2746 759 2810 omni
775 2745 854 2809 iuris
866 2745 996 2810 tramite
1013 2746 1221 2828 pertinentes,
1237 2746 1279 2811 ad
1295 2767 1403 2810 eorum
1413 2765 1516 2828 posses-

406 2854 528 2917 sionem
545 2853 658 2917 Razna
674 2859 819 2918 vocatam
839 2855 1002 2936 pertinere
1028 2861 1216 2931 asserentes
1241 2875 1300 2936 pro
1314 2875 1348 2918 se
1364 2855 1437 2936 ipsis
1451 2854 1516 2916 nite-

406 2967 518 3024 rentur·
534 2981 699 3042 occupare,
710 2963 744 3024 in
754 2961 854 3044 ipsius
871 2959 1084 3043 preiudicium
1101 2969 1134 3025 et
1149 2983 1333 3044 gravamen,
1343 2983 1413 3026 curu
1426 2969 1515 3025 tamen

406 3073 504 3150 prout
519 3069 552 3131 in
568 3089 707 3151 persona
732 3067 833 3150 ipsius
857 3069 1005 3151 magistri
1021 3067 1191 3132 Michaelis
1208 3071 1371 3150 asseritur,
1395 3069 1517 3152 predicte

406 3184 493 3239 terre
519 3175 692 3240 Foldfolua
717 3183 750 3239 et
775 3174 930 3239 Perezlen
956 3183 1067 3240 vocate
1091 3196 1255 3258 nunquam
1288 3175 1330 3240 ad
1359 3176 1515 3260 predictam

406 3284 638 3366 possessionem
670 3284 897 3348 iamdictorum
922 3285 1039 3348 civium
1064 3291 1101 3348 et·
1120 3283 1283 3366 hospitum
1309 3283 1420 3349 Razna
1442 3305 1515 3346 vocs·

405 3399 474 3457 tam
489 3393 723 3476 pertinuissent
747 3414 805 3457 nec
829 3392 984 3458 deberent
1009 3392 1180 3474 pertinere,
1204 3393 1260 3456 sed
1286 3413 1306 3457 a
1331 3393 1436 3457 multis
1450 3399 1515 3455 tenu
1569 3371 1570 3378 ἵ

406 3499 538 3584 poribus
564 3502 733 3565 retroactis
758 3508 843 3565 terre
870 3508 977 3566 essent
1003 3499 1044 3565 ad
1069 3503 1303 3585 possessionem
1328 3525 1415 3568 suam
1444 3499 1514 3565 cite

406 3609 586 3693 predictam
621 3611 830 3693 pertinentes.
863 3608 1057 3694 Superque
1091 3659 1119 3674 ..
1150 3613 1352 3691 mandamns,
1380 3618 1515 3694 quatenus

394 3739 507 3780 unum
522 3717 572 3781 vel
588 3719 669 3784 duos
686 3739 725 3782 ex
740 3717 828 3781 vohis
845 3718 1083 3796 transmittatis,
1109 3718 1165 3801 qui
1183 3719 1223 3782 ab
1241 3719 1396 3796 omnihus,
1418 3717 1514 3801 quibvs

408 3825 501 3888 decet
516 3831 549 3888 et
565 3825 648 3902 licet,
665 3825 768 3890 sciant
784 3831 816 3889 et
831 3826 1000 3909 inquirant
1025 3847 1123 3909 super
1142 3827 1308 3909 premissis
1325 3823 1514 3891 omnimodam

408 3933 585 3998 veritatem.
610 3933 656 3996 Et
680 3939 754 4016 post
776 3933 836 3996 hec
860 3941 957 4015 prout
972 3935 1086 3998 exinde
1103 3933 1190 3998 vohis
1206 3936 1326 4001 veritas
1352 3933 1516 4000 constiterit.

408 4039 500 4104 nobis
525 4039 663 4105 fideliter
688 4041 884 4105 ¹rescribatis.
910 4041 1035 4105 Datum
1051 4041 1152 4124 Bude‚
1177 4043 1208 4106 in
1236 4044 1358 4107 octavis
1374 4043 1441 4108 festi
1455 4037 1517 4103 Our-

409 4149 499 4211 nium
515 4145 718 4225 Sanctorum,
734 4171 818 4214 anno
829 4149 948 4214 domini
965 4147 1041 4213 M¹¹¹⁰
1058 4149 1179 4218 OOCmo
1194 4151 1260 4216 Lm⁰
1277 4149 1420 4215 secundo.
1430 4146 1517 4212 Juxn

410 4277 546 4338 quarum
577 4258 698 4321 tenoris
730 4257 966 4322 continenciam
997 4265 1102 4322 vestre
1133 4258 1339 4324 rescribimus
1368 4255 1518 4321 maiestati.
1568 4241 1569 4256 ¹

412 4363 499 4446 quod
531 4363 606 4430 dum
631 4365 664 4430 in
690 4366 860 4447 quindenis
886 4367 988 4430 sancti
1020 4364 1157 4430 Martini
1183 4366 1371 4432 confessoris
1393 4365 1518 4450 proxime

410 4473 576 4555 preteritis
592 4473 732 4537 universi
749 4472 872 4537 nobiles
883 4473 1091 4538 comitatuum
1108 4474 1313 4542 Posoniensis
1323 4471 1520 4540 etNitrionsis

411 4577 584 4644 adfaciem
601 4581 769 4647 cuiusdam
784 4581 923 4664 litigiose
939 4583 1149 4665 possessionis
1174 4583 1258 4647 inter
1276 4585 1381 4666 ipsum
1395 4580 1520 4645 Michne

411 4687 475 4752 lem
491 4693 524 4752 et
539 4690 621 4754 cives
640 4689 866 4755 Timavienses
882 4691 1048 4757 ventillate
1067 4693 1285 4770 accessissent,
1311 4693 1374 4758 duo
1396 4693 1449 4756 viri
1475 4709 1519 4751 no

411 4793 491 4858 biles
517 4817 555 4858 ex
581 4797 680 4876 nobis,
706 4797 856 4863 videlicet
880 4799 1034 4881 magister
1061 4797 1217 4864 Nicolaus
1235 4800 1274 4864 de
1300 4799 1399 4884 Toldy
1427 4805 1522 4862 noster

1567 4919 1568 4958 v

1559 4979 1568 5446 l
