3138 5462
521 481 615 542 1348.
631 497 701 542 aare.
720 483 748 541 9.
1129 475 1192 540 lot

80 657 153 722 iilius
167 655 283 738 Vgrini
300 657 342 721 (le
358 657 479 742 Wylak
496 656 537 721 ab
562 680 636 736 nuri,
660 659 738 724 item
763 678 868 724 comes
896 655 1085 739 Stephanus
1112 657 1199 722 filius

81 764 237 829 Michaelis
254 765 352 830 iudex
369 765 509 830 civitatis
526 787 581 830 sue
598 765 720 849 Wylak
745 764 890 848 predicte
915 765 1011 848 parte
1028 765 1069 829 ab
1086 766 1199 844 altera,

79 874 113 938 ad
125 879 263 938 nostram
279 924 286 938 .
303 923 310 937 .
327 874 516 964 accedentes
531 875 740 956 presenciam,
764 873 849 938 idem
866 874 1022 956 magister
1040 873 1196 940 Nicolaus

79 981 276 1064 filiusUgrini
293 1033 300 1046 .
317 1031 324 1046 .
340 981 432 1046 nobis
443 989 493 1047 est
502 981 674 1064 confessae,
691 982 777 1065 quod
788 981 891 1046 eidem
901 981 1194 1064 magistrngrino

78 1089 225 1172 patrisne
251 1111 353 1172 usque
379 1111 471 1154 suam
495 1090 604 1172 vitam,
628 1096 660 1156 et
685 1090 789 1154 eidem
814 1090 972 1173 magistro
997 1089 1135 1156 Nicolao
1152 1090 1194 1155 ab

78 1197 205 1264 inlbnoia
221 1219 281 1264 sua
296 1221 399 1284 usque
423 1199 464 1264 ad
490 1199 550 1265 hoc
574 1205 711 1284 tempus,
735 1199 819 1264 idem
845 1200 998 1283 providus
1025 1199 1073 1264 vir
1089 1221 1197 1264 comos

79 1305 248 1390 Stephanus
264 1305 350 1372 filius
365 1305 538 1372 Michaelis
562 1308 660 1372 iudex
686 1308 829 1373 eiusdem
845 1309 985 1374 civitatis
1002 1330 1059 1372 sue
1077 1307 1200 1392 Wylah

81 1423 187 1494 vorate,
210 1437 229 1479 a
243 1415 356 1480 multis
382 1415 551 1480 retroactis
578 1415 777 1498 temporibus
802 1415 988 1482 fidelissima
1014 1415 1148 1481 servicia
1164 1419 1198 1480 et

76 1523 269 1587 serviciorum
295 1523 428 1604 premia,
453 1523 680 1606 graciososque
706 1530 738 1588 et
764 1523 943 1589 laudabiles
969 1524 1195 1606 gratitudineS,

79 1631 196 1712 suisque
211 1629 306 1694 rebus
323 1629 533 1695 facultatibus
550 1629 690 1695 ethonis
715 1633 749 1696 in
774 1631 908 1696 diversis
933 1653 1104 1697 causarum
1121 1654 1196 1716 pro·
1287 1649 1295 1662 ·

77 1738 228 1820 speritatis
245 1744 278 1802 et
287 1737 494 1804 adversitatis
511 1738 676 1804 eventibus
688 1761 743 1804 seu
760 1740 916 1822 articulis
933 1741 1105 1806 immensas
1123 1741 1194 1804 snb-

77 1849 231 1910 seuciones
248 1852 281 1910 et
297 1847 512 1930 vigilaciones,
527 1847 748 1930 multiphariis
758 1849 932 1929 multisque
942 1849 1045 1914 modis
1058 1849 1196 1914 feliciter

77 1962 104 2018 et
126 1951 305 2018 fidelissime
332 1954 558 2036 impendisset3
591 1955 699 2020 volens
725 1956 835 2039 itaque
859 1963 927 2022 tam
952 1957 1088 2021 mirifica
1112 1955 1197 2020 bona

75 2061 209 2144 gratuitu
225 2083 298 2126 cunr
314 2060 430 2139 lavore,
456 2062 533 2142 quia
549 2061 642 2126 bonis
667 2061 751 2126 bona
774 2063 868 2129 iustis
895 2065 981 2129 iusta
997 2071 1031 2129 et
1046 2063 1195 2128 fidelibus

75 2170 174 2234 tidelia
189 2177 263 2234 sunt
278 2169 443 2234 reddenda
458 2191 516 2253 pro
532 2171 666 2246 meritis,
683 2177 719 2235 ut
734 2171 837 2239 bonus
852 2179 944 2254 pater
961 2173 1100 2238 familias
1117 2179 1195 2236 tem·

75 2278 190 2361 poralia
214 2283 247 2342 et
273 2278 458 2360 spiritualia
489 2278 770 2343 circumamictans
802 2280 971 2345 refundere
996 2286 1028 2344 et
1053 2281 1197 2362 graciose

75 2385 251 2466 retribuere,
276 2385 440 2467 quandam
465 2386 700 2469 possessionem
725 2408 816 2452 suam
840 2389 906 2452 sire
932 2395 1053 2454 terram
1077 2387 1194 2471 Kurpe

75 2503 209 2562 vocatam
226 2496 432 2561 incomitata
449 2496 622 2562 Baehiensi
639 2497 839 2575 existentem,
863 2502 931 2562 tam
951 2496 1110 2560 mediante
1127 2495 1194 2560 effi-

74 2603 230 2668 racissimo
245 2603 459 2670 instrumento
484 2605 606 2670 domini
631 2605 710 2671 Bele
735 2607 897 2690 quondam
922 2607 1007 2689 regis
1023 2605 1194 2689 Hungarie

74 2713 217 2795 ..ipsum
233 2714 481 2798 contingentem,
507 2737 604 2798 quam
621 2716 721 2780 eciam
738 2715 849 2780 ordine
873 2713 1043 2779 iudiciario
1060 2713 1099 2777 de
1115 2714 1197 2778 Bar-

74 2819 224 2885 tholomeo
259 2821 425 2906 Stephano
451 2830 483 2889 et
508 2822 677 2888 Demetrio
712 2822 788 2890 filiis
822 2821 997 2905 Pongraeii
1023 2822 1063 2886 de
1089 2819 1197 2904 Alpar

72 2928 198 2994 inridiee
214 2929 276 2995 sibi
295 2931 531 3016 perpetuatam,
555 2931 704 2998 videlicet
727 2938 849 2996 rectam
866 2936 898 2995 et
914 2930 1063 3013 equalem
1078 2929 1195 2994 medie·

73 3044 168 3100 tatem
191 3037 303 3103 totalis
328 3039 431 3122 ipsius
455 3039 666 3123 possessionis
698 3040 763 3104 sive
788 3044 874 3103 terre
900 3036 1015 3122 Kurpe
1040 3042 1151 3102 vocate
1176 3058 1196 3100 a

73 3151 159 3226 parte
183 3147 386 3211 meridionali
412 3148 610 3230 existentem,
635 3147 731 3212 simul
756 3169 829 3213 oum
854 3145 1027 3210 medietate
1047 3145 1127 3210 iuris
1143 3165 1196 3226 pa-

71 3259 211 3319 tronatus
237 3254 369 3320 ecclesie
387 3253 540 3322 Omnium
562 3254 757 3322 Sanctorum
782 3255 904 3320 ibidem
920 3255 1096 3334 existentia,
1113 3260 1195 3319 oete·

73 3362 175 3444 risque
199 3362 325 3427 iuribus
350 3363 603 3447 proprietatibus
618 3371 650 3428 et
666 3363 847 3428 utilitatum
862 3362 1114 3445 integritatibus,
1138 3361 1202 3426 sub

71 3471 149 3535 reris
165 3477 196 3535 et
213 3473 357 3554 antiquis
375 3473 469 3537 metis
486 3474 562 3550 suis,
579 3472 621 3536 ad
637 3472 741 3554 ipsam
757 3471 965 3535 medietatem
982 3470 1021 3534 de
1037 3491 1112 3534 vero
1128 3471 1198 3534 iure

71 3580 228 3660 pertinere
245 3579 444 3662 debentibus,
465 3579 571 3644 eidem
588 3580 696 3644 comiti
714 3577 880 3662 Stephano
896 3577 963 3642 filio
978 3576 1151 3643 Michaelis
1167 3585 1199 3642 et

71 3707 124 3767 per
139 3687 245 3770 ipsum
272 3687 339 3752 suis
365 3686 560 3753 heredibus.
583 3689 776 3770 .ntriusque
801 3707 905 3762 saxna,
928 3707 1000 3750 cum
1027 3685 1092 3750 suis
1109 3686 1206 3769 privi-

73 3795 162 3878 legiis
172 3798 437 3862 etinstrumentis
453 3795 637 3860 literalibus
648 3817 744 3879 snper
754 3795 867 3859 eadem
877 3793 1030 3859 conlectis
1047 3795 1205 3858 universis

74 3905 103 3966 in
120 3906 223 3986 specie
240 3905 570 3970 nobisdemonstratis
587 3953 594 3968 .
612 3955 618 3968 .
635 3905 766 3970 donavit
782 3952 788 3966 .
806 3955 812 3968 .
829 3903 898 3967 iure
916 3909 1072 3986 perpetuo
1090 3954 1095 3966 .
1113 3951 1120 3965 .
1136 3923 1206 3985 pos-

78 4011 240 4077 sidendam
258 4065 264 4076 .
281 4062 288 4076 .
304 4013 424 4077 anullo
434 4034 577 4095 unquam
589 4033 719 4076 suorum
729 4012 948 4094 proximorum
960 4012 1206 4093 generacionum

70 4125 100 4182 et
119 4120 274 4186 heredum
290 4143 349 4186 neo
364 4143 423 4204 per
437 4123 543 4206 ipsum
567 4120 718 4202 deinceps
743 4120 929 4201 aliqualiter
945 4118 1186 4182 retractandam
1201 4141 1208 4197 3

72 4237 102 4292 et
123 4229 197 4294 hnic
222 4229 392 4294 donacioni
418 4235 450 4294 et
474 4229 558 4294 sacto
584 4228 738 4293 hiatheus
763 4227 849 4291 lilius
876 4227 988 4310 Ipoliti
1015 4231 1047 4289 et
1071 4225 1205 4290 Blasins

69 4335 150 4400 tilius
167 4337 313 4422 Philippi
329 4339 369 4402 de
385 4337 540 4422 Zylbach,
564 4338 643 4400 item
668 4335 837 4400 Johannes
864 4335 948 4399 tilius
973 4333 1111 4409 Nicolai,
1135 4333 1199 4396 De·

68 4445 198 4510 metrias
214 4445 301 4510 filins
318 4447 455 4511 Martini
472 4451 504 4509 et
519 4444 661 4510 Thomas
672 4443 757 4508 filius
768 4443 842 4508 illie
852 4442 891 4505 de
901 4441 1199 4506 Puztascentmihal

69 4562 99 4618 st
122 4554 292 4618 Jobannes
318 4553 422 4618 dictus
446 4551 613 4618 Fenldura
637 4550 676 4615 de
701 4551 781 4614 Wrs
805 4547 928 4613 nobiles
953 4570 1011 4631 pro
1029 4569 1071 4629 se,
1095 4553 1127 4611 et
1143 4569 1202 4630 pro

67 4663 208 4744 ipsorum
237 4660 393 4726 fratribus
419 4659 590 4724 heredibus
616 4664 649 4723 et
675 4656 937 4742 generosioribus
964 4654 1119 4720 universis
1135 4676 1208 4738 per·
