3188 5470
343 463 408 525 288
695 477 881 526 arrounoru
898 467 1111 526 ouulurran.
1144 525 1147 528 .

343 639 520 706 Sciuissent
535 639 646 718 eciam,
672 639 759 722 quod
775 642 936 724 quendam
962 641 1165 726 capellanum
1190 641 1291 725 ipsius
1317 634 1477 724 prepositi

343 748 383 814 de
393 769 476 830 equo
486 769 543 814 suo
554 750 587 814 in
598 759 719 812 terram
729 749 943 832 proiicientes,
958 769 1078 830 equum
1092 771 1186 815 suum
1203 747 1426 829 abstulissent,
1441 752 1475 810 et

344 857 469 922 tamdiu
485 856 518 921 in
536 857 705 922 ablacione
731 879 790 922 sua
806 857 941 922 eundem
967 857 1188 936 detinuissent,
1214 856 1372 940 quamdiu
1396 855 1477 938 ipsis

342 963 534 1048 placuisset;
558 966 689 1049 insuper
705 971 844 1030 matrem
860 965 938 1030 dicti
957 966 1132 1032 sacerdotis
1148 967 1181 1030 in
1197 966 1309 1049 platea
1324 964 1365 1030 de
1381 963 1477 1028 domo

342 1072 385 1138 ad
401 1073 497 1138 aliam
514 1073 644 1140 domum
660 1080 881 1140 transeuntem
897 1094 1054 1156 equorum
1068 1074 1196 1140 ,ictibus
1212 1074 1388 1140 enormiter
1405 1091 1477 1156 per·

341 1187 548 1261 tractassent,
579 1203 642 1264 que
666 1183 772 1249 adhue
798 1204 837 1248 ex
862 1184 974 1249 eadem
999 1184 1203 1267 percussione
1228 1182 1408 1266 langueret.
1433 1179 1479 1244 Et

342 1291 402 1356 hec
418 1293 525 1356 omnia
540 1313 561 1356 a
576 1293 691 1358 comite
707 1299 739 1358 et
754 1293 914 1358 iudicibus
930 1314 968 1359 ac
984 1294 1193 1358 universitate
1209 1291 1365 1356 nobilium
1380 1287 1478 1354 comi·

342 1405 432 1464 tatus
442 1399 624 1466 Huntensis
634 1407 667 1466 et
677 1401 749 1466 aliis
760 1401 980 1468 communibus
990 1401 1172 1466 hominibus
1182 1401 1215 1465 in
1226 1398 1478 1482 congregacione

343 1508 547 1592 congregatis
564 1508 631 1574 fore
648 1508 735 1574 facta
750 1529 809 1592 per
834 1508 961 1574 eosdem
977 1510 1190 1574 rescivissent.
1215 1508 1339 1572 Datum
1354 1505 1390 1569 in
1406 1524 1475 1568 cra-

343 1617 427 1681 stino
443 1617 519 1684 festi
536 1624 646 1683 sancte
663 1617 843 1695 Trinitatis,
859 1639 943 1683 anno
959 1617 1082 1683 domini
1098 1623 1135 1683 ut
1151 1637 1259 1701 supra.

450 1781 579 1846 Papiron,
605 1781 731 1832 narlatdn
761 1779 852 1844 peesdt
884 1779 1088 1843 tdredekeivel3
1117 1778 1248 1842 eredetije
1280 1792 1312 1826 az
1346 1791 1417 1825 orsa.
1442 1775 1474 1822 lr.

345 1869 444 1920 kinost.
458 1875 527 1921 oszt.
540 1871 574 1921 N.
588 1873 621 1922 R.
632 1871 666 1920 A.
679 1875 720 1920 51.
735 1875 777 1920 47.
791 1871 859 1934 dipl.
872 1875 939 1920 oszt.
954 1875 1033 1921 4050.
1056 1871 1156 1920 Kozli:
1177 1869 1285 1920 Koraos
1298 1867 1333 1917 N.

829 2080 988 2088 -...—..-....2

872 2253 944 2314 155.

345 2411 440 2476 1349.
457 2409 566 2490 Bada,
575 2411 647 2495 juo.
671 2411 717 2475 18.
743 2409 808 2475 Pul
822 2408 1004 2496 orszdpbird
1015 2407 1088 2472 eleut
1103 2409 1251 2473 Demeter
1266 2409 1388 2474 edredi
1400 2417 1475 2495 plte-

338 2518 413 2606 puk,
428 2516 561 2582 rocetta
576 2517 699 2603 Szepese'
719 2517 899 2600 Kuleleefia
926 2515 988 2580 Pdl
1012 2519 1043 2581 ea
1069 2518 1174 2580 tcireui
1197 2516 1373 2603 lrijeleatr'k,
1399 2518 1475 2601 lwpp

343 2625 636 2710 Szerepmonoatoru
660 2633 740 2691 nevil
764 2625 866 2690 tirtel
897 2625 986 2689 iudet
1002 2623 1092 2710 folyl
1114 2624 1247 2710 peritket
1272 2623 1475 2710 eqyezeepilep

722 2731 843 2818 foqjdle
858 2733 1087 2818 mepezr'r'ntetui.

452 2894 521 2961 Nos
536 2915 641 2961 comes
651 2895 775 2960 Paulus
786 2895 881 2960 iudex
891 2897 978 2960 curie
996 2945 1002 2959 .
1020 2945 1026 2959 .
1043 2895 1196 2960 memorie
1207 2893 1477 2973 commendamus,

345 3001 432 3085 quod
448 3025 520 3068 cum
536 3024 594 3068 nos
610 3004 644 3067 in
661 3003 781 3068 octavis
806 3003 881 3068 festi
897 3003 1105 3068 Pentecostes
1124 3004 1157 3068 in
1173 3003 1249 3067 sede
1265 3008 1382 3068 nostra
1398 3001 1475 3066 indi-

343 3110 446 3175 ciaria
455 3111 646 3176 sedissemus
657 3117 690 3175 et
701 3111 846 3176 causales
856 3132 1025 3196 processus
1036 3109 1257 3192 quorumlibet
1272 3110 1475 3194 litigancium

344 3218 376 3282 iu
394 3222 517 3284 statera
533 3219 686 3300 equitatis
697 3221 821 3301 partire
841 3219 1045 3302 cepissemus,
1054 3218 1239 3284 Lucachius
1256 3216 1343 3282 filius
1361 3215 1477 3282 Jacobi

343 3346 402 3408 pro
417 3326 572 3408 magistro
588 3325 692 3392 Paulo
708 3325 774 3390 filio
791 3326 921 3393 Kulche
946 3327 985 3391 de
1005 3325 1129 3411 Scepus
1154 3325 1284 3390 domino
1310 3346 1370 3390 suo
1388 3376 1395 3389 .
1412 3377 1418 3390 .
1435 3323 1475 3388 ad

343 3437 488 3496 nostram
504 3433 657 3498 accedens
669 3435 876 3518 presenciam,
887 3433 1000 3500 literas
1010 3440 1185 3500 conventus
1196 3434 1301 3499 sancti
1318 3433 1476 3518 Stephani

344 3540 582 3622 protomartiris
607 3539 646 3605 de
671 3543 890 3623 promontorio
929 3542 1135 3607 Warcdiensi
1168 3547 1327 3624 patentes,
1361 3547 1477 3624 quarta

344 3647 427 3712 feria
443 3646 506 3712 diei
522 3648 618 3713 medii
635 3646 889 3732 Quadragesime
903 3651 936 3714 in
947 3651 1090 3732 presenti
1106 3671 1192 3714 anno
1212 3648 1375 3715 consectas
1390 3647 1479 3713 nobis

350 3757 557 3837 presentavit,
572 3756 606 3820 in
623 3756 739 3839 quibus
763 3757 900 3823 vidimus
926 3759 1084 3824 contineri
1110 3759 1239 3840 seriose,
1265 3757 1352 3840 quod
1370 3807 1377 3822 .
1395 3808 1401 3822 .
1416 3756 1478 3821 Ds-

345 3862 459 3926 metrio
475 3911 482 3925 .
499 3912 506 3926 .
524 3865 672 3948 episcopo
688 3864 897 3930 Waradiensi
914 3866 956 3931 ab
973 3887 1047 3945 une,
1063 3867 1220 3950 magistro
1237 3887 1313 3930 vero
1328 3865 1354 3930 J
1356 3866 1479 3930 ohanne

345 3967 412 4033 filio
428 3969 562 4036 Nikolai
587 3971 646 4035 filii
671 3973 791 4037 Budim
815 3973 883 4039 vice
908 3980 941 4038 et
966 3974 1094 4038 nomine
1119 3974 1270 4056 magistri
1297 3973 1395 4039 Pauli
1423 3973 1478 4038 filii

345 4074 474 4140 Kulche
491 4083 583 4160 parte
599 4099 638 4142 ex
654 4081 758 4145 altera
774 4103 882 4146 coram
898 4083 967 4165 ipso
993 4089 1151 4147 conventu
1178 4084 1394 4166 personaliter
1409 4104 1481 4146 con·

346 4183 478 4264 stitutis,
507 4204 565 4266 per
596 4186 732 4250 eundem
756 4187 920 4252 dominum
946 4191 1132 4273 episcopum
1157 4196 1274 4272 sponte
1301 4189 1481 4255 confessum

347 4288 545 4354 exstitisset.
566 4292 767 4372 ‚quodlicet
793 4295 861 4377 ipse
888 4317 984 4379 super
1009 4297 1097 4362 facto
1123 4296 1339 4381 possessionis
1364 4297 1482 4380 Zercp·

351 4401 545 4460 munustnra
561 4405 672 4464 uocate
689 4421 761 4464 cum
778 4402 887 4466 eodem
900 4402 1052 4468 Johanne
1068 4403 1134 4469 filio
1150 4403 1292 4484 Nicolai,
1303 4404 1436 4470 Zonard
1453 4411 1483 4470 et

346 4502 524 4568 Benedicto
540 4503 615 4570 filiis
634 4505 768 4572 Andree
783 4530 821 4573 sc
845 4513 1001 4594 magistro
1028 4513 1134 4577 Paulo
1160 4512 1229 4577 filio
1254 4513 1387 4578 Kulche
1414 4534 1482 4595 pre-

347 4615 459 4672 notato
475 4631 495 4672 a
510 4610 620 4674 multis
636 4617 832 4698 temporibus
850 4619 883 4681 in
900 4639 997 4683 causa
1024 4620 1138 4684 suisset
1154 4625 1187 4683 et
1202 4627 1282 4684 tunc
1299 4619 1483 4698 exstitisset,
