3188 5476
738 581 924 627 arronuoar
943 567 1160 627 onulnrrln.

903 837 980 898 390.

378 1011 473 1072 1352.
490 1034 561 1072 riou.
578 1013 630 1072 21.
657 1007 706 1073 Aa
731 1019 800 1096 epri
825 1013 984 1098 trqralan
1010 1015 1081 1077 elb'tt
1105 1013 1188 1099 Belpv
1211 1012 1333 1076 Bola'zs
1358 1011 1494 1092 adinrarri,

375 1120 455 1205 bopp
471 1123 587 1206 orrpja'l
604 1120 715 1204 Karape
732 1131 879 1206 aserorryl
896 1121 1116 1208 Sarrrlkc'rcilyi
1133 1122 1227 1206 Mops
1243 1121 1373 1206 ledrrpa't
1388 1119 1494 1184 Gimb'r
1568 1167 1569 1210 3

374 1227 607 1313 edrmcppe'bb'l,
643 1228 738 1316 ledrry
771 1228 906 1314 ricppedi
938 1231 1127 1314 illatoque
1162 1233 1251 1292 ndzvc
1286 1227 1492 1314 Szenlkira'lpi
1568 1217 1569 1230 ¹

724 1336 842 1400 Lo'szlo'
861 1337 923 1414 fiai
938 1338 1153 1424 lrieldqitetldlc.

481 1499 551 1565 Nos
577 1499 756 1583 capitulum
782 1501 913 1565 ecclesie
931 1498 1102 1586 Agriensis
1130 1497 1348 1585 significamus
1364 1549 1393 1564 ..
1417 1501 1490 1584 quod

374 1610 486 1688 Blasio
502 1607 569 1674 filio
587 1609 711 1675 comitis
728 1609 858 1692 Lipoldi
883 1608 941 1674 filii
967 1609 1070 1694 Phyle
1087 1611 1126 1675 de
1143 1610 1225 1694 Bely
1250 1629 1309 1691 pro
1335 1630 1368 1674 se
1394 1615 1423 1673 et
1444 1631 1492 1692 pro
1569 1603 1570 1630 ³

375 1718 474 1783 nobili
493 1719 622 1783 domina
639 1723 742 1782 matre
759 1739 818 1783 sna
834 1717 902 1782 filia
919 1717 1025 1802 Moysi
1051 1717 1213 1800 quondam
1241 1717 1281 1781 de
1298 1716 1445 1782 Zenkiral
1459 1717 1491 1782 de
1569 1695 1570 1708 ἵ

374 1828 531 1892 comitatu
548 1823 757 1892 Gumuriensi
774 1826 895 1910 Knnge
914 1832 1032 1903 vocata,
1058 1827 1149 1892 cuius
1177 1826 1345 1909 negocium
1362 1826 1393 1889 in
1408 1845 1492 1890 censa

373 1933 556 2016 subscripta
581 1934 665 1998 idem
696 1933 827 1998 Blasins
853 1933 894 1998 ad
920 1949 1013 1998 suum
1041 1954 1122 1998 onus
1142 1933 1304 2013 assumsit,
1321 1953 1359 1998 ex
1384 1953 1450 2010 una,
1465 1939 1490 1996 et

372 2041 476 2107 Paulo
492 2041 558 2105 filio
574 2041 721 2106 Ladislai
737 2041 776 2105 de
801 2041 912 2106 eadem
929 2041 1084 2106 Zenkiral
1100 2040 1247 2106 similiter
1264 2060 1323 2124 pro
1339 2049 1417 2107 sect
1441 2061 1490 2124 pro

372 2150 524 2214 Johanne
540 2149 641 2214 fratre
667 2171 724 2214 suo
749 2151 876 2214 uterino
902 2157 995 2232 parte
1021 2150 1062 2215 ab
1081 2151 1186 2214 altera
1203 2169 1313 2215 coram
1329 2147 1417 2214 nobis
1431 2170 1492 2231 per·
1570 2183 1571 2224 3

373 2259 530 2323 sonaliter
546 2257 740 2335 constitutis,
756 2279 814 2342 por
830 2257 964 2322 eundem
991 2259 1142 2324 Blasium
1158 2279 1217 2324 sua
1233 2265 1265 2322 et
1282 2258 1367 2323 dicte
1383 2259 1494 2323 domine

372 2366 486 2432 matris
519 2387 576 2432 sue
601 2367 634 2431 in
650 2361 797 2450 'persona
814 2417 844 2432 ..
870 2368 1070 2452 propositum
1103 2368 1275 2432 exstitit..
1301 2368 1387 2450 quod
1411 2387 1495 2449 super

374 2476 521 2543 omnibus
538 2475 642 2540 causis
659 2481 692 2538 et
707 2474 852 2541 articulis
863 2474 1057 2552 earumdem,
1068 2497 1150 2558 quas
1166 2475 1229 2559 ipsi
1246 2476 1377 2540 racione
1393 2481 1494 2558 quarte

372 2585 481 2651 filialis
498 2589 665 2667 pretaxate
682 2583 798 2648 nobilis
815 2583 951 2662 domine,
968 2583 1007 2647 de
1023 2584 1180 2648 universis
1200 2581 1449 2667 possessionibus
1465 2587 1493 2646 et

373 2693 579 2777 porcionibus
595 2691 857 2775 possessionariis
882 2692 1023 2758 eiusdem
1049 2691 1165 2776 Moysi,
1188 2713 1250 2774 qne
1276 2713 1363 2756 nunc
1379 2691 1434 2755 sub
1448 2689 1494 2755 do
1571 2769 1572 2794 χ

372 2802 470 2866 minio
482 2801 641 2866 dictorum
651 2799 792 2866 filiorum
802 2800 948 2865 Ladislai
964 2799 1162 2865 haberentur
1172 2805 1205 2865 et
1215 2819 1278 2882 que
1293 2799 1328 2863 in
1343 2805 1495 2883 posterum

370 2911 499 2975 racione
514 2909 597 2973 linee
614 2909 834 2991 generacionis
850 2909 892 2974 ad
908 2910 995 2992 ipsos
1006 2908 1259 2988 devolverentur,
1278 2907 1491 2992 quoquomodo
1571 2895 1572 2900 ἵ

372 3019 442 3082 iure
457 3023 573 3083 nature
599 3023 632 3082 et
658 3017 697 3082 de
722 3019 817 3083 huius
844 3020 935 3101 regni
960 3017 1188 3084 consvetudine
1204 3015 1307 3081 eidem
1324 3017 1446 3082 domine
1466 3017 1494 3080 in

370 3147 462 3190 suam
477 3127 661 3209 porcionem
677 3127 788 3191 cedere
805 3126 936 3192 deberet
952 3133 984 3191 et
1008 3127 1186 3209 provenire,
1202 3130 1316 3189 contra
1332 3129 1490 3189 annotatos

373 3233 457 3298 filios
472 3233 621 3298 Ladislai
646 3235 679 3298 in
704 3236 872 3318 presencia
896 3234 1010 3300 iudicis
1026 3236 1170 3318 ipsorum
1186 3232 1351 3314 ordinarii,
1367 3232 1442 3297 iuris
1461 3231 1493 3295 de

372 3343 480 3426 vigore
495 3363 622 3407 movere
639 3344 820 3426 potuissent
836 3344 867 3407 in
885 3348 1060 3426 posterum,
1075 3343 1173 3407 iidem
1192 3341 1318 3406 Paulus
1335 3349 1367 3406 et
1382 3341 1407 3406 J
1408 3341 1491 3406 ohan·

374 3471 430 3516 nes
446 3449 504 3515 filii
519 3450 667 3516 Ladislai
685 3449 806 3534 absque
823 3451 909 3515 omni
934 3451 993 3515 lite
1010 3456 1043 3515 et
1059 3471 1211 3533 processu
1230 3449 1401 3514 iudiciario
1415 3450 1492 3513 iusta

372 3559 610 3624 ordinacionem
626 3565 658 3624 et
674 3561 939 3643 composicionem
955 3559 1130 3643 proborum
1140 3559 1283 3624 virorum
1294 3559 1491 3638 factam,con·

370 3668 499 3750 gruenti
523 3668 710 3750 pecuniaria
735 3669 897 3734 solucione
923 3667 1030 3749 quoad
1047 3667 1230 3749 porcionem
1257 3687 1368 3732 eornm
1389 3666 1491 3730 solnm-

372 3775 466 3840 modo
497 3775 574 3856 ipsis
606 3775 869 3842 omnimodam..
898 3775 1113 3858 condignam.
1132 3827 1138 3840 .
1165 3774 1399 3858 impendissent
1414 3773 1492 3839 satis·

370 3880 562 3963 saccioncm3
588 3889 621 3948 et
635 3883 696 3966 ipsi
713 3905 809 3966 super
826 3885 913 3950 diota
929 3884 1115 3967 pecuniaria
1129 3881 1292 3948 solucione
1308 3881 1493 3947 sufficienter

371 3991 521 4069 contenti,
537 3998 731 4056 memoratos
758 3993 840 4057 filios
857 3991 1002 4057 Ladislai
1020 3997 1052 4056 et
1076 3994 1219 4075 ipsorum
1245 3990 1380 4056 heredes
1410 4009 1493 4072 super

370 4098 456 4162 dicta
472 4105 591 4181 quarta
606 4097 698 4164 filiali
713 4152 719 4165 .
737 4151 743 4166 .
768 4101 986 4183 reliquissent,
1012 4106 1045 4164 et
1060 4099 1146 4164 idem
1163 4099 1295 4164 Blasins
1313 4107 1380 4164 tam
1397 4120 1451 4183 pro
1466 4119 1492 4161 se

372 4228 470 4288 quam
486 4228 544 4290 pro
561 4208 672 4271 eadem
690 4209 819 4273 domina
835 4215 938 4274 matre
956 4231 1015 4274 sua
1032 4214 1150 4275 extunc
1166 4211 1270 4274 nostri
1287 4211 1322 4274 in
1338 4207 1493 4293 presencia

370 4312 510 4377 reddidit
526 4318 558 4376 et
575 4313 708 4398 reliquit
723 4338 854 4398 prorsus
882 4323 914 4380 et
937 4339 994 4400 per
1010 4318 1118 4382 omnia
1134 4315 1310 4400 expeditos,
1336 4317 1454 4400 pariter
1467 4321 1492 4377 et

368 4421 527 4486 convictos
544 4474 550 4487 .
569 4475 575 4489 .
600 4423 740 4508 Insuper
755 4425 910 4509 obligavit
926 4447 959 4490 se
976 4425 1061 4490 idem
1072 4425 1206 4492 Blasius
1223 4431 1256 4490 et
1272 4426 1407 4490 heredes
1431 4442 1492 4488 suos

369 4531 564 4608 pretaxatus,
579 4529 663 4594 filios
673 4529 819 4596 Ladislai
835 4539 867 4597 et
882 4534 1026 4616 ipsorum
1038 4533 1247 4615 posteritates
1259 4532 1301 4597 ab
1317 4531 1491 4602 omnibus..

369 4633 548 4715 iuquietare
565 4637 740 4703 nitentibus
758 4687 764 4702 .
782 4689 788 4702 .
812 4639 984 4706 defendere
1002 4647 1035 4706 et
1045 4641 1195 4725 expedire
1205 4641 1324 4708 debere
1340 4641 1491 4707 laboribus

370 4740 436 4803 suis
459 4742 598 4825 propriis
624 4751 657 4808 et
681 4747 846 4829 expensis;
872 4748 1049 4830 quodsi..
1075 4749 1227 4833 expedire
1253 4771 1317 4815 non
1349 4757 1452 4834 posset
1466 4800 1491 4816 ..
