3226 5462
537 433 631 496 1347.
648 436 719 495 uir.
738 435 790 496 20.
1185 441 1225 500 67

109 615 180 678 ciam
209 611 351 696 priorum
367 609 537 676 literarum
568 617 753 677 nostrarum
778 613 812 677 iu
837 612 957 678 octavis
983 612 1056 680 festi
1073 611 1226 680 Omnium

109 721 288 786 Sanctorum
321 722 355 785 in
385 740 470 786 anno
501 719 621 784 domiui
651 721 703 786 Μο
736 718 835 788 0000
867 719 973 786 ΧΙ]110
998 728 1088 788 sexto
1120 729 1225 808 prete·

107 831 168 895 ritis
186 829 225 893 ad
244 835 390 894 nostram
415 827 593 893 accedendo
613 830 822 911 presenciam,
851 836 965 896 contra
982 881 1013 896 ..
1039 833 1224 916 capitulum

109 937 225 1004 ecclesie
248 937 602 1023 Quinqueecclesiensis
627 938 719 1003 uobis
751 939 892 1022 plurima
923 941 1017 1024 paria
1049 941 1223 1006 literarum

109 1053 275 1111 nostrarum
291 1046 402 1112 iudicii
418 1047 521 1112 nostri
537 1045 647 1112 modos
665 1051 699 1110 et
713 1045 833 1112 formas
844 1069 883 1114 ac
892 1069 1061 1133 processus
1078 1051 1225 1116 causales

108 1155 237 1238 parcium
269 1154 518 1232 declarancium,
555 1175 680 1220 necnon
712 1155 1010 1222 Peohwaradiensis
1045 1164 1078 1222 et
1103 1156 1224 1224 Sanar-

108 1264 211 1330 diensis
235 1269 450 1330 conventuum
484 1284 582 1346 super
606 1264 920 1332 reambulacionibus
937 1314 944 1330 .
962 1316 968 1332 .
985 1268 1223 1350 possessionum

108 1373 238 1455 parcium
248 1373 384 1437 inferius
394 1373 633 1438 nominatarum
643 1373 860 1456 exprimeucia
871 1375 962 1440 nobis
972 1375 1220 1454 demonstrarat,

107 1481 279 1564 inquorum
295 1481 462 1547 tenoribus
484 1483 721 1564 reperieramus
738 1501 888 1566 expresse
904 1483 1071 1562 contineri,
1095 1489 1133 1550 ut
1148 1505 1222 1550 cum

107 1592 185 1654 iuxta
210 1591 446 1656 continenciam
471 1590 640 1655 literarum
665 1639 695 1656 ..
722 1590 887 1656 Willermi
912 1591 1065 1676 Drugeth
1090 1593 1225 1658 condam

106 1698 226 1782 palatini
244 1703 278 1763 et
293 1699 407 1764 iudicis
424 1719 631 1764 comanorum
647 1747 654 1762 .
671 1749 678 1763 .
695 1699 831 1764 formam
842 1700 953 1766 iudicii
963 1701 1107 1766 eiusdem
1120 1702 1225 1785 expri-

106 1810 259 1887 mencium,
276 1809 391 1874 Powsa
407 1808 447 1873 de
463 1807 602 1874 Doboka
618 1829 676 1892 pro
692 1811 787 1892 parte
803 1809 989 1876 earumdem
1006 1860 1013 1874 .
1030 1859 1037 1874 .
1054 1812 1224 1878 sanctimo-

108 1916 230 1982 nialium
257 1917 297 1982 de
322 1918 438 1982 Insula
454 1919 627 2000 Leporum
652 1918 729 1982 item
746 1917 887 1982 Thomas
902 1917 989 1983 filius
1004 1919 1144 2003 Balasey
1168 1940 1226 2003 pro

105 2031 188 2107 parte
202 2025 337 2109 capituli
358 2026 492 2090 ecclesie
508 2023 862 2109 Quinqueecclesiensis
881 2027 1017 2110 predicti
1033 2078 1040 2092 .
1056 2079 1063 2093 .
1079 2028 1238 2102 homines

106 2133 149 2195 sui
164 2132 218 2197 sub
234 2133 428 2200 testimoniis
445 2140 619 2199 conventus
635 2132 862 2200 Saxardiensis
882 2135 1018 2219 predicti
1043 2136 1075 2200 in
1103 2135 1225 2202 octavis
1312 2169 1325 2186 ·

104 2239 169 2304 festi
184 2239 375 2308 Natiuitatis
391 2241 526 2325 virginis
543 2241 681 2325 gloriose
706 2242 765 2307 sub
790 2262 874 2308 anuo
900 2242 1019 2308 domini
1046 2243 1098 2308 Μ0
1113 2241 1215 2311 0000

105 2346 198 2412 XL¹¹¹⁰
212 2349 353 2414 secundo
368 2349 543 2433 preteritis,
553 2350 595 2416 ad
610 2349 707 2416 facies
724 2351 959 2432 possessionum
977 2399 1003 2414 ..
1021 2349 1224 2416 dominarum

103 2456 320 2537 predictarum,
345 2455 502 2523 Beremus
527 2458 677 2543 Haranty
693 2463 725 2524 et
740 2458 900 2543 Woyzlcu
915 2463 1111 2540 vocatarum,
1141 2481 1223 2542 quas

102 2571 281 2646 procurator
304 2565 489 2630 carumdem
515 2565 718 2630 dominarum
743 2572 886 2650 tempore
911 2587 967 2632 sue
991 2567 1222 2650 proposicionis

103 2693 155 2754 per
169 2673 345 2756 capitulum
377 2669 719 2756 Quinqueeoclesiense
735 2679 907 2758 occupatas
947 2674 1046 2740 fuisse
1082 2675 1223 2757 dixerat,

102 2781 223 2846 demum
238 2781 280 2846 ad
296 2781 395 2846 facies
419 2783 657 2866 possessionum
680 2783 782 2866 ipsius
807 2783 942 2867 capituli
963 2783 1095 2848 ecclesie
1120 2781 1221 2868 Quin-

101 2889 357 2972 queecclesiensis
373 2889 559 2974 Kwhyrech
574 2897 607 2956 et
621 2889 737 2956 Lusuk
756 2896 1023 2974 nuncupatorum,
1049 2907 1130 2975 quas
1147 2914 1220 2976 pro·

103 3004 224 3063 curator
239 2999 342 3083 ipsius
358 2999 493 3082 capituli
509 2999 543 3063 in
560 2999 759 3066 contrarium
785 3000 891 3083 ipsum
917 3000 1096 3083 capitulum
1121 3001 1221 3085 possi-

99 3105 167 3171 dere
183 3107 363 3191 allegando,
379 3113 412 3174 et
425 3108 694 3192 possessionarias
720 3107 887 3192 porciones
912 3108 1055 3192 ipsarum
1080 3108 1223 3176 domina·

100 3239 166 3282 rum
179 3223 368 3303 prenotatas
384 3219 417 3282 in
434 3217 545 3301 aliqua
561 3218 610 3284 sui
626 3223 720 3302 parte
745 3222 920 3300 occupatas
944 3217 1011 3282 fore
1036 3216 1221 3300 denegarat,

99 3325 254 3404 accedere,
279 3332 312 3390 et
327 3375 335 3390 .
353 3374 358 3387 .
374 3325 468 3392 iuxta
492 3331 635 3390 tenorem
659 3325 877 3391 literarum..
902 3324 983 3392 Bele
1008 3325 1094 3408 regis
1118 3331 1222 3391 metas

99 3433 276 3500 earumdem
300 3435 335 3498 in
363 3455 397 3498 se
422 3433 666 3512 mutinensium,
698 3455 779 3516 quas
811 3439 1003 3517 procurator
1027 3432 1222 3516 ipsarum..

30 3563 32 3568 ·
98 3541 383 3606 sanctimonialium
408 3542 442 3605 in
466 3541 586 3608 octavis
611 3541 684 3606 festi
707 3541 795 3606 beati
819 3537 954 3624 Georgii
978 3541 1120 3606 martiris
1144 3547 1223 3609 tunc

97 3651 234 3731 proxime
249 3649 414 3734 preteritis
429 3671 537 3716 eoram
547 3649 657 3716 eodem
667 3649 847 3736 Wyllermo
857 3649 1003 3734 palatino
1014 3649 1222 3730 exhibuisset,

103 3757 174 3822 item
184 3758 278 3823 iuxta
288 3759 521 3824 continenciam
532 3758 699 3823 literarum
710 3755 865 3823 Albensis
875 3757 1108 3823 etBachiensis
1124 3759 1223 3824 cccle-

101 3865 216 3930 siarum
243 3865 458 3950 capitulorum
477 3886 514 3931 ac
533 3871 706 3932 conuentus
723 3865 1018 3932 Pechwaradiensis
1028 3867 1223 3949 patencium,

96 3971 239 4038 similiter
254 3977 359 4038 metas
375 3973 520 4057 ipsarum
535 3973 771 4056 possessionum
797 3973 874 4039 dicti
900 3971 1034 4056 capituli
1050 3973 1082 4038 in
1099 3994 1133 4038 se
1149 3993 1223 4038 oon·

96 4080 273 4164 tinencium,
289 4103 347 4166 per
356 4082 390 4146 id
400 4080 579 4166 capitulum
588 4082 623 4146 in
633 4081 726 4148 dictis
743 4081 863 4146 octavis
879 4081 956 4146 festi
972 4082 1076 4148 sancti
1088 4078 1223 4166 Georgii

95 4190 232 4254 martiris
249 4209 358 4256 coram
377 4187 489 4254 eodem
513 4189 694 4274 Wyllermo
718 4188 863 4272 palatino
889 4187 1114 4268 exhibitarum,
1140 4209 1221 4273 quas

95 4297 173 4362 idem
188 4298 368 4383 capitulum
377 4321 450 4364 cum
459 4297 652 4383 quibusdam
668 4297 740 4363 aliis
756 4298 979 4366 instrumentis
995 4298 1029 4362 in
1045 4297 1131 4364 facto
1147 4320 1220 4383 pos-

94 4407 267 4472 sessionum
284 4429 415 4476 suarum
431 4407 650 4492 predictarum
666 4407 827 4486 confectis,
844 4428 906 4491 que
923 4406 965 4471 ad
980 4406 1222 4473 distinccionem

94 4515 274 4580 carumdem
291 4515 427 4582 fuissent
450 4515 639 4596 necessarie,
664 4516 731 4582 illic
747 4515 896 4582 exhibere
913 4515 1106 4595 debuissent,
1134 4537 1222 4582 arce-

92 4625 170 4705 dere,
202 4625 443 4710 easdemque..
470 4627 684 4710 reambulare,
715 4626 996 4710 reambulatcsque
1021 4625 1221 4690 abinvicem

1078 4750 1111 4803 5*
