3180 5466
534 492 636 553 11351.
655 508 728 551 Auo.
747 491 797 552 27.
1171 493 1233 552 513

110 667 227 733 nobiles
243 668 284 732 de
300 690 415 752 genere
429 669 529 750 Boxa,
540 669 579 732 de
590 668 747 732 universis
758 664 841 750 (igy)
853 667 1106 750 possessionibus
1117 669 1150 732 et
1166 690 1238 752 por-

107 777 252 842 cionibus
268 779 529 860 possessionariis
546 777 622 841 olim
634 777 725 841 Petri
736 777 795 840 filii
806 776 980 861 Pethenye,
997 796 1060 858 que
1077 799 1162 842 nunc
1179 777 1238 843 sub

108 884 245 948 dominio
261 886 403 970 ipsorum
419 886 626 964 haberentur,
642 887 711 950 iure
728 891 843 950 nature
854 892 886 950 et
902 885 941 949 de
956 886 1053 950 huius
1063 887 1156 970 regni
1167 908 1239 952 con-

112 993 287 1076 svetudine,
319 1001 436 1076 quarta
461 993 554 1058 filiali
587 994 722 1058 condam
747 993 875 1057 domine
900 995 969 1059 arie
995 1002 1239 1077 prenotatcrum

108 1101 270 1165 Jchannis
287 1109 319 1167 et
329 1101 494 1166 Dominici
509 1101 649 1166 filiorum
659 1101 824 1166 Petheuch
836 1107 1023 1166 tenerentur
1034 1102 1129 1168 dictis
1140 1105 1240 1186 magi-

108 1215 172 1273 stro
188 1209 213 1273 J
215 1210 336 1274 ohanni
352 1215 386 1274 et
401 1209 563 1274 nobilibus
579 1209 706 1292 puellis,
724 1230 821 1290 quam
847 1211 931 1276 idem
947 1211 1104 1294 magister
1120 1211 1240 1276 Johan-

109 1339 160 1382 nes
185 1325 218 1382 et
244 1317 366 1382 nobiles
399 1318 505 1400 puelle
537 1317 692 1382 rehabere
723 1317 850 1395 vellent,
876 1325 909 1382 et
934 1325 1101 1401 protectus
1134 1341 1240 1384 comes

108 1425 263 1491 Nicolaus
288 1424 373 1489 filius
398 1425 587 1508 Markolphi
612 1425 804 1488 auctoritate
833 1429 1056 1507 procuratoris
1090 1429 1241 1512 repetivit

108 1556 214 1599 coram
232 1533 324 1599 nobis
340 1533 381 1598 ab
399 1533 535 1613 eisdem;
552 1553 615 1614 quo
632 1531 745 1598 audito
760 1538 926 1616 protectus
951 1535 1106 1618 magister
1123 1537 1240 1602 Petrus

108 1641 192 1706 filius
208 1642 386 1726 Franehyk
402 1663 460 1723 pro
477 1663 510 1705 se
528 1662 567 1705 ac
583 1641 676 1704 dictis
693 1639 850 1706 fratribus
871 1649 903 1706 et
919 1643 1163 1726 consanguineis
1174 1645 1240 1710 suis

109 1771 179 1814 cum
196 1750 300 1814 literis
316 1749 549 1832 procuratoriis
575 1749 695 1812 domini
720 1749 848 1814 Nicolai
865 1751 1041 1815 sacerdotis
1059 1758 1090 1816 et
1105 1753 1240 1816 rectoris

108 1857 239 1922 ecclesie
265 1857 304 1922 de
330 1857 479 1934 Tcrebes,
495 1857 663 1940 respondit
679 1879 717 1921 cx
743 1857 897 1922 adverso:
921 1857 998 1923 licet
1022 1859 1085 1942 ipsi
1111 1859 1239 1942 aliquas

107 1967 323 2048 possessiones
339 1967 479 2048 preteeti
496 1965 587 2029 Petri
603 1963 662 2027 filii
687 1965 830 2048 Petenye
855 1987 933 2047 erga
957 1987 1072 2030 manus
1093 1988 1168 2031 suas
1184 1967 1240 2032 ha-

109 2074 184 2138 bere
202 2075 452 2155 dinoscerentnr,
470 2081 576 2138 tamen
593 2075 680 2157 ipsas
697 2094 758 2138 non
776 2073 886 2156 aliquo
911 2075 1007 2139 titulo
1032 2077 1241 2141 successionis

108 2182 162 2246 sed
178 2182 240 2246 sub
258 2182 363 2246 federe
379 2181 573 2246 concambii.
591 2231 599 2248 .
622 2183 706 2245 inter
731 2181 817 2263 ipsos
834 2202 939 2246 exona
955 2188 987 2245 et
1003 2183 1239 2247 condamdomi-

109 2313 185 2354 num
202 2311 312 2373 regem
337 2289 500 2354 Karolum
525 2289 607 2353 bone
632 2289 784 2353 memorie
814 2295 908 2371 parte
933 2289 974 2353 ab
1000 2289 1104 2356 altera
1130 2290 1240 2356 habite

111 2399 331 2481 possedissent
347 2404 379 2462 et
393 2397 596 2480 possiderent
610 2397 669 2461 deo
689 2398 903 2480 permittente,
929 2419 1024 2480 snper
1049 2419 1113 2480 quo
1139 2399 1242 2463 cuius-

106 2505 236 2586 quidem
246 2505 328 2590 (igy)
338 2506 590 2589 permutacionis
601 2503 687 2569 laeto
696 2504 839 2569 literalia
848 2505 1007 2570 haberent
1017 2507 1239 2585 instrumenta,

106 2613 147 2678 ad
167 2634 307 2694 quorum
324 2613 557 2678 exhibicionem
573 2611 753 2677 faciendam
769 2611 911 2693 aliquem
928 2619 1162 2697 competentem
1177 2620 1241 2678 ter-

104 2721 229 2786 minum
246 2743 303 2804 per
319 2742 376 2784 nos
392 2722 470 2804 ipsis
487 2720 697 2803 postulabant
706 2720 880 2814 assignare.
891 2717 960 2785 Nos
970 2722 1087 2804 igitur.
1104 2770 1110 2782 .
1129 2728 1238 2803 postu·
1257 2799 1261 2808 ¹

106 2827 289 2893 lacionibus
305 2829 467 2910 pretaxati
483 2828 633 2910 magistri
649 2828 740 2892 Petri
757 2877 763 2892 .
780 2877 787 2892 .
812 2834 1001 2906 annuentes,
1020 2835 1150 2893 octavas
1168 2828 1240 2894 festi

107 2937 214 3001 sancti
231 2935 256 3000 J
257 2935 348 3000 acobi
365 2935 503 3017 apostoli
518 2937 583 2999 iam
599 2943 751 3000 venturas
776 2957 835 3018 pro
860 2935 1059 3000 exhibicione
1083 2936 1241 3001 dictorum

104 3047 396 3109 instrumentorum
431 3043 581 3108 duximus
620 3044 812 3125 peremtorie
852 3043 1074 3126 assignandas.
1115 3043 1241 3108 Datum

105 3152 222 3235 Agris
248 3157 339 3216 sexto
365 3151 416 3214 die
442 3151 572 3215 termini
597 3151 767 3233 prenotati,
783 3171 868 3215 anno
890 3151 1011 3215 domini
1027 3152 1102 3216 Μ1110
1121 3149 1241 3218 000“’0

104 3261 377 3344 quinquagesimo
394 3259 506 3342 primo.

217 3425 348 3488 Papiron,
363 3424 489 3474 zdrlattn
501 3438 553 3487 egy
573 3425 703 3488 nagyobb
717 3423 743 3472 es
757 3438 809 3488 egy
822 3424 931 3474 kissebb
950 3425 1069 3474 moncrh
1081 3423 1173 3487 pecset
1183 3437 1240 3472 rna·

102 3515 327 3578 rarlvanyaiva13
346 3511 476 3575 eredetije
490 3527 505 3561 a
518 3513 552 3562 N.
566 3514 751 3563 Muzeumban
765 3528 781 3562 a
794 3513 884 3562 advari
900 3515 967 3563 Sods
980 3530 1015 3564 cs.
1029 3515 1166 3564 ltrtrthan.

640 3838 713 3900 311.

102 4004 206 4068 1351.
223 4023 295 4084 cup.
310 4002 363 4065 27.
387 3997 434 4064 Aa
458 4001 526 4084 epri
551 3999 702 4082 kdptubzn
718 3998 789 4062 elota
807 3997 947 4060 Hcmvci
972 3997 1075 4060 Honth
1101 4001 1242 4084 ccobdjc

99 4113 241 4177 Andros
257 4109 384 4173 koeleri
397 4111 516 4194 mapdt,
527 4109 605 4193 bopy
615 4130 637 4170 a
646 4109 725 4190 nejdt
741 4106 885 4172 Scibazoi
896 4106 1010 4178 Milelo's
1022 4105 1241 4191 conpetitore

99 4216 344 4305 lednynepycdi,
370 4214 482 4278 botheri
515 4215 546 4278 ds
570 4216 754 4300 bozomu'nyi
779 4214 981 4299 joiranddedp
1015 4214 1244 4299 mequddsdcdl

100 4327 260 4392 Maonczi
274 4325 306 4387 6³
332 4324 452 4408 Reponi
476 4323 580 4388 Dices
596 4323 663 4404 ficit
691 4321 821 4386 Tama‘st
846 4347 867 4386 a
892 4322 1020 4385 kile-‚zore
1043 4323 1242 4407 haldrcapon

534 4433 701 4517 nynplatai
707 4430 811 4517 fopja.

218 4576 289 4645 Nos
314 4575 492 4661 capitulum
517 4577 649 4642 ecclesie
664 4575 836 4659 Agr-iensis
865 4575 978 4642 damus
1004 4597 1062 4658 pro
1078 4575 1242 4655 memoria,

96 4685 194 4772 quod
223 4684 375 4752 Andreas
404 4685 490 4749 filius
521 4685 703 4750 Alexandri
729 4683 787 4749 filii
815 4684 930 4749 Honth
955 4683 994 4748 de
1021 4683 1152 4759 Henna,
1183 4705 1243 4766 pro

146 4821 310 4858 arrouxour
325 4807 497 4856 osulsrrls.
516 4821 540 4857 v.
558 4811 654 4855 sorar.
1101 4816 1133 4861 33
