3180 5466
326 541 390 602 470
679 552 864 598 rssouxonr
882 539 1095 596 oxnlrrrta.

324 719 418 785 litere
443 717 598 800 sepedicti
624 716 758 798 capitoli
787 715 990 780 Wachiensis
1025 715 1227 794 denotarent,
1259 716 1318 780 sub
1345 716 1461 782 iisdem

326 827 426 908 signis
443 832 476 890 et
491 826 657 908 signorum
672 825 901 906 premissorum
927 822 1152 905 pensionibus,
1179 822 1238 887 sub
1255 823 1373 908 quibus
1391 847 1463 909 pre·

325 934 423 998 misso
439 932 533 998 modo
549 931 665 996 fuisset
680 931 876 1012 consignata,
893 950 956 994 non
967 930 1070 994 solum
1087 931 1257 1013 sexaginta
1273 932 1396 1014 iugera,
1407 935 1464 997 sed

326 1042 429 1106 multo
453 1041 550 1124 plura
574 1044 607 1103 et
638 1038 796 1122 ampliora
820 1040 855 1101 in
880 1058 913 1102 se
939 1039 1126 1114 contineret,
1152 1041 1347 1121 maiorisque
1382 1041 1466 1106 foret

328 1150 532 1232 quantitatis,
549 1153 581 1212 et
595 1148 688 1212 iuxta
713 1146 856 1212 eiusdem
881 1145 1012 1210 Barcha
1036 1149 1257 1228 procuratoris
1276 1149 1326 1212 sui
1343 1147 1465 1232 allega·

328 1259 452 1323 cionem
478 1258 519 1322 ad
535 1257 697 1339 predictas
714 1277 789 1320 suas
805 1257 1021 1339 possessiones
1038 1254 1224 1339 Mykochan
1239 1265 1272 1322 et
1288 1255 1413 1322 Noztre
1424 1280 1463 1322 ex

327 1367 495 1450 parannali
511 1366 599 1448 regie
616 1365 801 1430 collacionis
830 1363 926 1428 titulo
952 1365 1043 1428 iuxta
1069 1361 1248 1430 efficacium
1268 1367 1465 1432 instrumen-

327 1483 436 1541 torum
460 1475 585 1556 vigores
612 1471 672 1536 sibi
698 1472 906 1555 pertinentes,
931 1472 1018 1535 omni
1044 1472 1114 1535 iure
1139 1473 1305 1553 pertinens
1332 1473 1420 1538 foret
1436 1481 1467 1538 et

327 1583 442 1649 fuisset
457 1588 489 1646 et
504 1603 590 1646 nuuc
605 1582 768 1664 pertinere
785 1577 933 1658 daberet3
949 1581 1006 1662 qui
1023 1580 1154 1662 quidem
1170 1582 1318 1663 magistri
1335 1580 1361 1645 J
1363 1582 1464 1646 ohan-

328 1711 385 1755 nes
401 1697 434 1755 et
445 1690 470 1754 J
471 1689 590 1756 acobus
605 1687 665 1752 filii
680 1687 862 1754 Alexandri
878 1689 983 1772 ipsam
999 1695 1085 1753 terra
1111 1689 1306 1770 particulam
1322 1711 1343 1754 a
1360 1697 1464 1756 statu·

329 1802 419 1865 cione
435 1800 592 1882 premissa
616 1819 674 1882 per
698 1804 942 1880 procuratorem
960 1799 1063 1881 ipsius
1089 1796 1242 1880 Gregorii
1266 1800 1468 1883 prohibitam

330 1907 389 1974 sub
405 1912 692 1991 preannctatorum
709 1905 925 1988 positionibus
953 1907 1118 1988 signorum
1144 1929 1206 1970 non
1232 1910 1274 1972 ad
1292 1911 1468 1990 possessio-

329 2037 384 2081 nes
409 2016 511 2098 ipsius
537 2013 690 2098 Gregorii
709 2013 816 2078 Zekul
831 2015 910 2080 dicti
927 2013 1112 2096 Mykochan
1133 2020 1166 2078 et
1181 2013 1312 2094 Nostra
1340 2017 1400 2081 scd
1425 2019 1466 2081 ad

331 2125 545 2208 possessiones
561 2129 750 2207 prenotatas
767 2120 930 2187 Sumlxuth
941 2123 973 2185 et
983 2121 1133 2186 Rosusna
1144 2131 1349 2206 nuncupatas
1371 2127 1468 2190 modo

332 2232 430 2296 simili
447 2249 486 2294 ex
502 2236 659 2314 perpetua
676 2231 763 2313 regie
779 2231 960 2294 maiestatis
977 2229 1151 2294 collacione
1176 2231 1267 2296 iuxta
1283 2233 1413 2314 vigores
1423 2236 1469 2298 in·

331 2345 583 2404 strumentorum
600 2335 780 2403 efficacium
796 2338 875 2419 ipsis
901 2338 1099 2420 pertinentes
1124 2339 1286 2420 pertinere
1312 2345 1346 2404 et
1370 2344 1469 2424 perti·

330 2449 438 2514 nuisse
454 2446 668 2531 propalarent
692 2467 730 2510 ex
755 2447 907 2525 adrers0;
934 2467 1070 2528 quorum
1097 2447 1378 2530 proposicionibus
1398 2471 1470 2532 per-

331 2557 442 2639 ceptis,
459 2555 544 2620 idem
560 2575 665 2619 comes
681 2554 805 2618 Paulus
822 2555 996 2619 decernens
1012 2556 1224 2632 commiserat,
1241 2561 1363 2622 uttam
1391 2557 1467 2624 dicti

331 2664 481 2746 magistri
497 2663 521 2728 J
524 2663 666 2728 ohannes
683 2667 715 2726 et
731 2661 756 2726 J
758 2661 876 2727 acobus
893 2660 953 2726 filii
979 2659 1161 2727 Alexandri
1188 2684 1285 2745 quam
1302 2666 1470 2746 predictus

332 2771 511 2854 Gregorius
528 2770 632 2836 Zelrul
648 2770 971 2853 dictus,preallegata
988 2791 1098 2835 eorum
1114 2772 1340 2848 instrumenta,
1352 2774 1470 2854 quibus

332 2878 551 2944 mediantibus
567 2880 655 2960 ipsas
672 2880 890 2962 possessiones
907 2875 1068 2943 Sumkuth
1085 2885 1118 2943 et
1134 2879 1284 2944 Rosusna
1300 2881 1403 2946 iidem
1412 2881 1470 2948 filii

332 2986 523 3064 Alexandri,
539 2987 725 3071 Mykochan
750 2992 783 3050 et
799 2985 920 3050 Noztre
935 2987 1106 3068 predictus
1132 2985 1312 3069 Gregorius
1333 3009 1373 3052 ex
1399 3011 1469 3073 pre-

332 3097 429 3161 misse
445 3099 532 3180 regie
547 3097 727 3161 maiestatis
745 3093 929 3178 perennalis
946 3093 1130 3158 collacionis
1147 3094 1244 3160 titulo
1260 3096 1385 3162 eisdem
1400 3118 1470 3181 per·

333 3205 473 3268 tinentes
491 3206 652 3270 exstitisse
669 3225 732 3288 quo
748 3225 847 3286 supra
863 3203 1083 3286 propalarent,
1100 3204 1133 3266 in
1153 3204 1273 3268 octaris
1290 3205 1357 3268 diei
1374 3205 1467 3272 (line-

333 3333 406 3376 rum
422 3319 502 3378 tunc
517 3314 663 3395 proxime
679 3313 823 3378 venturis
834 3313 868 3374 in
885 3312 990 3393 specie
1000 3308 1149 3374 exhibere
1160 3317 1350 3376 tenerentur
1361 3334 1467 3378 coram

334 3420 449 3484 comite
473 3419 578 3484 Paulo
604 3419 756 3496 antefata,
781 3420 864 3484 sicut
889 3425 996 3501 partes
1021 3419 1082 3483 hoo
1106 3429 1338 3502 assumseraut,
1357 3430 1393 3487 ut
1416 3422 1465 3486 his

335 3528 411 3592 visis
428 3529 583 3594 iudicium
601 3535 633 3594 et
649 3529 810 3593 iusticiam
826 3529 860 3592 in
877 3528 964 3593 facto
989 3529 1092 3610 ipsius
1117 3529 1276 3612 particule
1297 3535 1386 3593 terre
1403 3529 1465 3595 liti-

335 3637 422 3719 giose
439 3635 544 3700 facere
559 3637 682 3702 valeret
697 3637 782 3700 inter
798 3645 908 3720 partes
924 3686 930 3700 .
948 3687 953 3700 .
981 3655 1084 3700 comes
1110 3635 1232 3700 Paulus
1258 3645 1469 3718 prenotatus3

335 3750 456 3808 etcum
472 3745 540 3827 ipse
557 3743 820 3808 instrumentales
837 3744 1055 3808 exhibiciones
1072 3765 1092 3808 a
1107 3744 1251 3826 predicto
1267 3747 1408 3810 termino
1423 3747 1469 3810 di-

334 3853 434 3916 versis
459 3853 727 3935 prorogacicnum
759 3853 896 3916 cautelis
927 3861 960 3918 et
991 3853 1137 3916 terminis
1169 3851 1471 3930 intervenientibus,

335 3961 427 4025 iuxta
444 3960 686 4042 quamplurium
702 3960 871 4024 literarum
887 3961 990 4043 ipsius
1015 3961 1141 4024 comitis
1161 3959 1262 4024 »Pauli
1282 3969 1471 4044 prorogato·

336 4069 458 4132 riarum
476 4068 590 4132 exinde
607 4067 824 4132 confectarum
841 4069 1070 4146 continencias,
1086 4069 1127 4132 ad
1145 4075 1273 4133 octavas
1290 4067 1364 4133 festi
1381 4068 1471 4133 Diri-

336 4175 434 4239 sionis
458 4173 691 4258 Apostolorum
708 4181 785 4240 tunc
810 4197 849 4240 ex
874 4197 954 4239 novo
970 4177 1089 4258 elapsis
1105 4175 1237 4241 dilative
1255 4177 1472 4259 devenissent,

335 4284 421 4348 idem
438 4283 569 4350 tandem
585 4282 764 4365 Gregorius
781 4285 885 4349 dictus
901 4283 1005 4348 Zekul
1023 4285 1064 4348 ad
1085 4285 1213 4348 easdem
1230 4290 1360 4348 octavas
1378 4283 1469 4348 Diri·

337 4392 435 4455 sionis
451 4389 683 4473 Apostolorum
693 4393 851 4474 premissa
861 4413 919 4456 sua
929 4393 1145 4456 instrumenta
1155 4411 1262 4455 coram
1272 4391 1344 4474 ipso
1357 4393 1473 4456 comite

336 4499 441 4563 Paulo
457 4504 494 4562 ut
509 4497 672 4580 prefertur
688 4499 899 4580 exhibiturus,
916 4521 973 4583 per
991 4498 1221 4564 Sebastianum
1238 4497 1341 4563 lilium
1359 4499 1472 4564 Poucb

337 4627 396 4690 pro
413 4607 532 4670 eisdem
558 4607 723 4688 magistris
749 4607 901 4672 Johanne
928 4617 961 4674 et
986 4607 1112 4672 Jacobc
1138 4605 1213 4670 filiis
1240 4605 1474 4674 Alexandri..

337 4715 451 4797 viginti
469 4713 583 4778 diebus
600 4715 761 4778 continuis
777 4713 921 4798 legitime
938 4717 970 4779 in
987 4717 1155 4799 presencia
1171 4715 1332 4798 prenotati
1344 4717 1475 4782 comitis
