3138 5462
517 441 612 505 1347.
630 459 701 505 une.
719 443 750 504 5.
1141 445 1202 509 161

91 613 232 697 qnondam
244 617 331 698 regis
350 667 356 680 .
374 667 380 680 .
397 619 499 701 patris
511 619 618 697 vestri,
629 621 877 704 transscriptum
894 621 1062 687 literarum
1079 624 1206 688 domine

91 721 244 787 Elisabeth
262 773 268 787 .
286 773 294 787 .
311 725 421 806 regine
437 725 610 809 Hungarie
630 729 743 794 matris
760 737 864 794 vestre
881 779 888 793 .
905 782 912 796 .
928 731 961 793 in
978 751 1011 794 se
1027 732 1207 814 exprimen-

89 837 134 906 tes,
142 851 176 893 ac
185 830 286 894 eciam
296 833 425 896 easdem
440 834 552 899 literas
569 835 728 917 reginales
749 836 978 914 exhibuissent,
994 839 1079 902 inter
1095 845 1204 904 cetera

88 939 275 1016 continentes,
300 940 386 1023 quod
401 941 478 1006 dum
504 948 650 1026 protacta
675 944 804 1009 domina
829 945 941 1028 regina
966 952 1071 1012 mater
1095 955 1204 1012 vestra

89 1045 212 1126 quadam
228 1047 295 1110 vice
305 1049 339 1112 in
349 1048 528 1133 vissegrad
543 1051 628 1116 viros
645 1051 811 1134 religiosos
827 1054 1008 1136 prepositos
1019 1054 1057 1117 de
1069 1055 1202 1120 Turnclr

88 1153 119 1216 <le
133 1152 212 1238 Saag
228 1154 267 1218 de
284 1155 381 1221 Lelen
398 1157 479 1222 etde
495 1158 630 1222 Bazoulr
649 1159 770 1223 ordinis
787 1146 1090 1241 premonstratensis
1107 1183 1203 1245 super

90 1282 126 1342 eo,
148 1261 293 1342 qualibus
310 1263 404 1328 metis
421 1265 472 1328 vel
497 1265 762 1330 distinoeionibns
787 1266 874 1330 dieta
898 1268 1011 1332 civitas
1037 1268 1144 1333 Potak
1160 1270 1202 1333 ab

88 1369 185 1432 eadem
200 1371 398 1452 possessione
418 1370 520 1456 Olaay
545 1380 761 1456 separaretur,
785 1381 917 1458 propter
935 1376 1119 1442 evitandum
1136 1377 1203 1442 liti·

88 1479 160 1558 gium
176 1485 207 1541 et
222 1485 298 1544 tune
315 1483 398 1545 sicut
414 1504 498 1546 nunc
508 1483 592 1548 inter
604 1483 731 1548 eosdem
747 1482 870 1548 nobiles
881 1491 914 1547 61
922 1483 1065 1567 hospites
1081 1490 1204 1549 vestros

87 1584 119 1646 de
132 1585 232 1650 Potak
248 1594 285 1652 ut
300 1588 418 1654 dicitur
442 1599 588 1656 exortum
615 1591 844 1674 requisivisset,
861 1591 959 1656 iidem
975 1599 1114 1674 quatuor
1130 1613 1200 1675 pre-

89 1693 170 1772 positi
185 1701 261 1760 1116
277 1697 420 1778 predicte
437 1697 564 1762 domine
581 1699 691 1782 regine
710 1700 807 1763 matri
827 1704 932 1762 vestre
949 1699 1198 1780 respondissent,
1221 1737 1225 1746 ·

86 1800 311 1882 quodquidam
337 1803 461 1876 fluvius⁴
477 1804 737 1888 Darnoupataka
768 1811 897 1870 vocatus
923 1807 1011 1888 ipsas
1036 1808 1199 1872 civitatem

84 1907 175 1972 Potak
192 1917 222 1974 et
237 1911 469 1993 possessiouem
496 1910 596 1996 Olazy
622 1934 660 1978 ac
684 1914 839 1978 terminos
864 1915 1048 1979 earumdem
1075 1937 1201 1998 semper

84 2005 257 2082 abinvicem
277 2019 477 2084 distinxisset
503 2025 535 2085 et
560 2027 751 2103 separasset,
767 2021 990 2104 utilitatesque
1016 2029 1048 2088 et
1073 2023 1196 2089 fructus

84 2128 187 2192 montis
202 2127 372 2210 Hoziuheg
388 2127 494 2192 vocati
513 2128 666 2210 sepedicti
691 2129 776 2191 cives
793 2129 892 2192 vestri
909 2129 948 2192 de
964 2129 1071 2193 Potak
1087 2153 1194 2212 perce-

84 2235 194 2316 pissent
209 2241 241 2299 et
256 2237 289 2299 in
306 2256 380 2300 suos
397 2257 473 2300 usus
490 2237 728 2318 convertissent,
753 2236 809 2300 sed
824 2241 933 2300 tamen
958 2237 1067 2302 nullus
1083 2261 1195 2302 cursus

85 2348 227 2407 metarum
254 2345 285 2408 in
312 2344 431 2409 eisdem
466 2345 569 2409 literis
602 2345 766 2427 regalibus
783 2352 815 2410 61
831 2340 1029 2428 reginalibus
1055 2348 1194 2413 insertus

83 2449 248 2530 haberetur,
264 2452 485 2534 propterquod
495 2452 557 2535 ipsi
569 2453 658 2516 iuxta
668 2451 901 2516 continenciam
918 2455 1103 2520 earumdem
1121 2456 1198 2521 dua·

83 2580 141 2621 vum
157 2558 324 2622 literarum
351 2559 384 2622 in
409 2560 488 2642 ipsis
514 2562 611 2624 terris
636 2559 786 2641 litigiosis
811 2565 914 2624 metas
939 2562 1061 2642 erigere
1088 2566 1200 2647 nequi-

82 2667 189 2729 vissent
212 2688 270 2749 pro
295 2667 505 2732 distinceione
531 2668 669 2731 civitatis
695 2667 802 2732 Potak
818 2674 851 2731 et
866 2670 1075 2751 possessionis
1100 2669 1200 2756 Olazy

82 2773 344 2854 supradictarnm3
368 2781 401 2838 et
417 2774 548 2838 tandem
564 2775 625 2858 ipsi
642 2797 715 2838 cum
740 2777 810 2857 ipso
835 2774 1019 2840 testimonio
1035 2783 1145 2842 nostro
1162 2801 1200 2844 ac

81 2881 248 2945 testimonio
273 2931 305 2945 ..
332 2883 463 2966 capituli
490 2882 622 2948 ecclesie
648 2882 859 2958 Varadiensis
885 2905 943 2966 per
967 2883 1197 2950 addueeionem

82 2991 251 3054 eorumdem
277 2989 433 3054 nobilium
449 2997 482 3053 et
498 2988 598 3074 Olany
624 2991 834 3055 accessissent
850 2991 892 3054 ad
909 2991 1072 3070 quendam
1088 2991 1196 3056 locum

81 3096 328 3180 blathoupataka
343 3104 499 3175 vocatum,
516 3097 672 3162 etdeinde
687 3119 797 3162 versus
807 3097 938 3181 plagam
954 3099 1197 3163 meridionalem

80 3205 235 3268 redeuntes
252 3205 414 3269 venissent
439 3205 594 3269 adunam
619 3227 771 3288 magnam
796 3211 914 3269 metam
933 3210 1080 3288 terream,
1098 3227 1117 3269 a
1133 3229 1198 3288 qua

80 3309 107 3372 in
121 3311 215 3376 latere
231 3312 334 3395 ipsius
359 3312 476 3376 montis
493 3311 662 3394 Hoziuheg
679 3319 807 3395 aparte
824 3311 907 3375 dicte
933 3312 1072 3377 civitatis
1089 3313 1197 3378 Potak

80 3419 114 3481 ad
141 3421 270 3484 eandem
301 3419 431 3503 plagam
463 3420 705 3484 meridionalem
730 3419 966 3500 descendentes,
997 3424 1195 3505 reperissent

79 3525 149 3592 <luas
163 3535 264 3593 metas
280 3535 404 3592 terreas
429 3534 595 3592 currentes
621 3534 653 3592 et
678 3527 758 3592 beno
784 3535 987 3612 apparentes,
1013 3551 1051 3593 ac
1068 3531 1146 3594 satis
1163 3531 1196 3594 in

80 3632 160 3716 largo
175 3637 284 3718 spacio
300 3641 372 3718 post
388 3656 421 3700 se
438 3637 572 3700 invicem
593 3637 734 3719 positas;
758 3637 842 3700 unde
858 3635 900 3701 ad
916 3637 1050 3700 eandem
1066 3639 1196 3720 plagam

80 3739 295 3806 descendentes
327 3743 487 3807 venissent
510 3742 551 3806 ad
577 3765 675 3806 unam
706 3749 842 3807 stratam
873 3743 1037 3826 publicam
1062 3746 1100 3808 de
1126 3747 1196 3829 ipsa

80 3847 193 3914 civitate
209 3849 318 3914 Potak
335 3849 376 3914 ad
392 3850 560 3914 ecclesiam
576 3849 711 3934 Darnyo
736 3855 881 3914 vocatam
898 3851 994 3914 acad
1010 3853 1123 3916 silvam
1139 3853 1195 3917 du·

80 3963 198 4039 centem,
215 3957 271 4022 ubi
288 3957 424 4040 predicti
440 3956 562 4022 nobiles
578 3979 689 4021 cursus
706 3978 836 4020 suarum
852 3965 1011 4022 metarum
1029 3962 1195 4024 terminari

78 4062 228 4146 dixissent,
253 4069 382 4147 aparte
399 4065 538 4128 civitatis
555 4070 734 4148 prenotate,
759 4071 792 4127 61
817 4065 863 4128 616
888 4063 991 4130 dictus
1019 4087 1108 4132 mons
1124 4067 1193 4132 Ho-

78 4171 179 4256 ziuheg
196 4174 284 4237 intra
299 4171 453 4236 terminos
469 4173 570 4256 ipsius
595 4173 804 4255 possessionis
821 4171 923 4258 Olazy
939 4181 1138 4256 remaneret;
1161 4183 1194 4239 et

78 4277 144 4344 licet
166 4280 224 4364 ipsi
251 4288 319 4345 tum
345 4301 403 4363 pro
429 4302 476 4360 ec,
499 4283 575 4363 qnia
600 4287 765 4364 pretaotas
789 4287 892 4346 metas
917 4289 1111 4365 apparentes
1137 4305 1194 4366 per

78 4385 371 4453 demonstracionem
392 4388 757 4452 eorumdemnobilium
773 4387 812 4452 de
829 4387 929 4474 Olazy
945 4390 979 4454 in
995 4389 1064 4454 loco
1080 4413 1193 4474 preno-

78 4495 186 4560 minato
199 4497 362 4578 vidissent,
378 4503 410 4560 et
426 4503 496 4561 tum
522 4497 622 4560 eciam
639 4517 677 4560 ex
693 4518 739 4574 eo,
764 4499 842 4580 qnia
867 4498 1014 4579 diligenti
1039 4501 1193 4565 scrutinio

78 4601 232 4681 prehabito
248 4625 268 4667 a
284 4602 431 4686 pluribus
451 4603 609 4670 nobilibus
627 4611 659 4668 et
674 4604 879 4686 ignobilibus,
895 4605 1005 4670 vicinis
1022 4607 1144 4672 seilicet
1159 4612 1193 4671 et

117 4736 261 4772 issouscsv
279 4726 452 4776 osulsrrtn.
468 4738 494 4776 v.
512 4729 606 4774 111111.
1051 4739 1081 4782 11
