3226 5462
342 487 383 550 10
700 504 886 552 sxuouxoxr
902 492 1119 552 oxuiuxrlru.

338 669 437 734 riensi
452 668 619 752 loquentes
635 667 862 752 privilegiales,
873 689 937 734 nun
947 689 986 732 ex
996 669 1079 736 scitu
1089 669 1255 738 voluntate
1266 675 1298 735 et
1313 691 1471 738 consensu

338 776 481 844 eiusdem
496 775 626 844 Nicolai
641 773 700 842 filii
715 775 880 842 Domiuiei
895 797 954 842 nee
970 777 1012 842 ad
1028 777 1097 844 eius
1116 777 1347 844 confessionem
1363 801 1473 864 perso·

338 884 444 950 nalem
461 891 627 952 emanatas
643 884 750 964 fuisse,
776 905 835 952 uec
851 884 988 952 eundem
1003 885 1175 957 Nicolaum
1191 885 1293 954 lilium
1309 888 1472 956 Dominici

338 993 379 1062 od
406 993 599 1080 premissam
623 993 854 1060 confessionem
879 1001 913 1060 et
937 995 1225 1080 possessiunariarn
1249 995 1469 1064 vendicionem

338 1103 448 1186 aliquo
464 1123 609 1186 unquam
623 1111 769 1188 tempore
785 1103 826 1170 ad
842 1105 949 1189 ipsum
965 1105 1145 1189 capitulum
1161 1105 1187 1171 J
1188 1107 1337 1172 auriense
1352 1113 1386 1172 et
1400 1107 1472 1174 eius

338 1212 478 1278 medium
503 1212 685 1293 accessisse,
718 1212 783 1277 imo
817 1233 883 1296 que
908 1234 948 1280 ex
972 1213 1203 1297 procuracioue
1235 1215 1345 1281 eedem
1376 1216 1471 1282 litere

337 1321 415 1388 dicti
441 1321 576 1406 capituli
601 1321 785 1388 Jauriensis
811 1313 1038 1405 privilegiales'
1052 1322 1160 1388 forent
1183 1331 1340 1404 emanate,
1364 1325 1471 1408 ipsum

264 1501 266 1506 ,
336 1428 510 1496 Nicolaum
526 1429 629 1495 filium
645 1429 809 1496 Dominici
818 1431 948 1514 penitus
958 1431 1124 1515 ignorasse
1133 1451 1243 1497 eoram
1258 1432 1350 1497 nobis
1366 1431 1472 1498 verbis

337 1541 543 1608 contrariesis
559 1522 720 1606 instanter
735 1539 904 1624 allegaret,
930 1545 1017 1605 etex
1034 1560 1071 1606 eo
1086 1541 1173 1606 inter
1187 1548 1298 1625 partes
1314 1540 1471 1607 iudicium

336 1650 433 1716 finale
449 1651 555 1717 fauere
572 1671 635 1716 non
651 1655 857 1734 poteramus;
880 1649 952 1715 ideo
977 1649 1137 1716 baronum
1152 1657 1185 1716 et
1201 1649 1357 1716 nobilium
1376 1653 1468 1738 regni

335 1757 472 1824 iuridico
487 1758 611 1824 inducti
627 1757 759 1824 consilio
776 1757 1037 1824 commiseramus
1063 1758 1280 1840 decernentes,
1297 1767 1334 1826 ut
1349 1781 1465 1844 preno-

336 1867 477 1932 minatus
492 1865 649 1932 Nicolaus
665 1864 751 1932 filius
767 1864 933 1932 Dominiei
949 1865 988 1930 de
1004 1865 1030 1930 J
1030 1865 1118 1931 anulr
1143 1865 1177 1930 in
1202 1867 1254 1932 die
1279 1866 1352 1934 festi
1376 1867 1464 1934 beati

337 1975 461 2042 Thome
479 1973 619 2060 apostoli
636 1995 722 2040 nunc
737 1974 883 2056 proxime
908 1975 1065 2057 preterito
1090 1975 1132 2040 ad
1156 1977 1263 2060 ipsum
1288 1977 1468 2060 capitulum

337 2084 362 2150 J
363 2085 513 2150 curiense
529 2089 562 2148 et
578 2083 612 2148 in
629 2082 697 2148 eius
713 2081 856 2148 medium
872 2133 878 2146 .
896 2133 902 2147 .
919 2081 1088 2148 accederet
1102 2089 1135 2148 et
1150 2083 1384 2167 ipsoLadislao
1400 2084 1467 2151 filio

336 2192 452 2258 Petri.
469 2243 476 2258 .
493 2190 573 2258 inibi
589 2190 757 2268 existente,
773 2189 981 2273 preallegatis
1007 2189 1133 2256 duabus
1157 2191 1260 2258 literis
1285 2193 1468 2277 privilegia·

337 2300 422 2367 bbus
438 2300 478 2366 de
503 2301 573 2384 ipse
598 2298 740 2384 capitulo
755 2298 924 2364 lauriensi
949 2298 1156 2383 loquentibus
1172 2299 1231 2365 sub
1248 2302 1353 2384 eapite
1369 2302 1468 2386 sigilli

336 2411 439 2477 nostri
465 2410 500 2475 in
524 2409 699 2492 trapellum
725 2409 860 2474 inclusis
876 2415 910 2474 et
924 2429 983 2492 per
998 2407 1171 2475 Nicolaum
1190 2410 1314 2476 dietum
1330 2409 1404 2495 Ogh
1419 2411 1470 2477 vel

336 2519 443 2586 Beder
459 2518 499 2583 de
514 2516 647 2584 Nadesd
664 2516 767 2582 altero
783 2516 917 2582 absente
933 2516 1095 2582 hominem
1107 2518 1234 2602 regium
1248 2519 1312 2604 ipsi
1328 2520 1470 2604 capitulo

336 2627 504 2693 Jauriensi
529 2625 690 2706 exhibitis,
714 2626 886 2708 ipsumque
911 2625 1090 2708 capitulum
1115 2624 1299 2706 Jaurienee‚
1324 2628 1470 2695 homines

336 2737 392 2820 qni
416 2742 494 2801 tuuc
519 2735 558 2800 de
583 2733 695 2798 eodem
719 2739 884 2816 presentes
901 2731 1042 2815 fuerunt,
1067 2732 1109 2798 ad
1134 2739 1280 2800 nestram
1306 2735 1467 2803 literalem

335 2848 581 2932 requisiuiouem
596 2845 728 2911 insimul
744 2846 819 2911 etin
835 2868 936 2912 unum
952 2846 1176 2925 conveniendo,
1193 2843 1344 2931 perlectis
1360 2847 1466 2930 prime

335 2956 521 3034 earumdem
535 2955 706 3020 literarum
721 2952 972 3037 privilegialium
988 2954 1332 3039 continenciis‚sigi110,
1357 2954 1470 3034 literis,

335 3072 428 3132 carta
442 3069 475 3130 et
490 3062 563 3130 aliis
579 3062 834 3128 circumstanciis
845 3062 1039 3146 earumdem,
1056 3063 1153 3128 deum
1170 3065 1287 3129 eteius
1304 3062 1470 3130 iusticiam

335 3195 394 3259 pre
409 3172 511 3239 oculis
526 3172 676 3250 ferentes,
692 3170 818 3237 abiecto
842 3170 1015 3237 cuiuslibet
1038 3170 1194 3238 falsitatis
1210 3171 1372 3257 scrupulo,
1399 3172 1471 3238 dili·

335 3289 448 3368 genter
463 3289 497 3348 et
512 3279 744 3348 conscienciose
761 3279 962 3362 examinatis,
978 3279 1018 3344 de
1034 3281 1137 3364 ipsius
1161 3277 1292 3347 Nicolai
1318 3280 1378 3346 filii
1402 3281 1469 3348 De-

334 3392 443 3458 minici
458 3390 579 3457 noticia
594 3387 757 3472 personali
782 3389 965 3454 omnimoda
980 3389 1154 3455 securitate
1170 3397 1302 3474 recepta
1318 3391 1459 3456 conside-

335 3507 448 3567 rarent
463 3505 495 3564 et
519 3503 743 3567 scrutarentur
768 3497 918 3583 diligenti
942 3497 1102 3582 colloquio
1125 3499 1211 3564 inter
1236 3499 1325 3581 ipsos
1349 3499 1471 3578 habito,

335 3631 433 3694 super
448 3629 494 3687 eo,
505 3613 616 3674 utrum
632 3607 743 3672 eedem
757 3607 853 3672 litere
868 3607 1088 3690 privilegiales
1099 3607 1223 3672 devere
1234 3628 1345 3672 eorum
1361 3608 1469 3691 sigillo

335 3720 401 3784 sint
425 3723 459 3782 et
482 3737 521 3781 ex
545 3715 695 3780 manibus
721 3716 961 3780 communitatis
986 3715 1087 3798 ipsius
1122 3715 1259 3808 capituli
1284 3715 1470 3781 Jourieusis

334 3825 397 3892 rite
412 3833 447 3891 et
461 3825 605 3908 legitime
616 3830 764 3890 emanate
780 3824 965 3902 existerent,
980 3824 1208 3908 predictusque
1218 3823 1375 3890 Nicolaus
1384 3823 1471 3890 iilius

334 3933 500 3999 Dominici
515 3932 549 3997 in
564 3931 666 4016 ipsius
683 3931 818 4016 capituli
834 3931 860 3996 J
861 3932 1020 3998 auriensis
1036 3933 1204 4016 presencia
1219 3932 1261 3997 ad
1276 3933 1468 4016 premissam

335 4043 565 4108 confessionem
581 4047 614 4106 et
628 4043 916 4126 possessioneriam
931 4041 1150 4107 vendicionem
1165 4041 1347 4108 faciendam
1362 4063 1469 4128 perse·

334 4153 454 4217 naliter
470 4151 688 4233 comparuerit
703 4156 737 4216 et
752 4151 909 4234 premissa
925 4151 972 4216 sie
987 4150 1082 4216 sicuti
1098 4151 1132 4214 in
1147 4143 1312 4235 premissis
1328 4151 1468 4217 habetur
1543 4146 1546 4156 '

335 4259 498 4326 coufessus
522 4258 591 4324 sine
615 4259 797 4324 variaeione
822 4259 959 4341 aliquali
984 4259 1153 4342 exstiterit,
1184 4261 1236 4325 vel
1265 4281 1315 4338 ne,
1346 4261 1467 4326 nullius

334 4367 437 4452 partis
453 4365 560 4433 lavore
576 4367 693 4446 allecti,
710 4367 795 4433 sieut
809 4367 974 4434 recordari
998 4367 1159 4451 potuisset
1182 4367 1360 4452 capitulum
1385 4367 1467 4434 «166-

335 4475 440 4541 riense
464 4475 695 4560 supradictum,
712 4475 753 4541 ad
778 4475 968 4541 fidelitatem
993 4495 1103 4540 eorum
1119 4474 1177 4540 deo
1194 4481 1227 4540 et
1242 4495 1333 4542 sacre
1350 4497 1466 4541 corone

334 4584 423 4667 regie
439 4582 590 4662 debitam,
607 4585 694 4667 regie
710 4584 872 4649 maiestati
889 4584 930 4648 ed
945 4591 1111 4668 presentes
1127 4589 1257 4649 octavas
1273 4585 1336 4650 diei
1353 4585 1464 4652 Stren-

334 4713 451 4760 uerum
463 4741 469 4756 .
482 4741 488 4756 .
499 4693 691 4761 rescriberet
700 4694 869 4760 veritatem
880 4689 1059 4781 capitulum
1069 4693 1094 4759 J
1095 4695 1244 4760 curiense
1254 4694 1463 4777 antedictum,
