3180 5470
572 565 666 626 1351.
684 585 754 624 nen.
772 567 801 626 3.
1176 561 1257 624 '449

116 740 337 822 possidendas,
353 741 421 806 sine
438 739 615 823 preiudicio
636 741 716 806 iuris
741 740 858 820 alieni3
888 745 1036 824 preterea
1068 740 1253 805 ordinatum

117 849 323 915 extitisset..
347 871 406 932 per
420 855 530 932 partes
556 848 772 931 supradictas,
799 849 884 932 quod
902 849 929 913 si
945 848 1042 913 iidem
1060 898 1066 912 .
1084 901 1090 913 .
1116 849 1176 913 filii
1191 847 1217 912 J
1218 870 1254 913 o-

115 954 234 1020 lmnnis
251 957 361 1039 aliqua
378 955 518 1021 litoralia
535 977 594 1021 sua
610 957 909 1040 instrumentaque
926 978 983 1040 per
1000 958 1163 1023 sinistram
1180 977 1253 1041 pro-

118 1065 323 1129 curacionem
340 1064 523 1129 eorumdem
541 1063 681 1129 filiorum
698 1063 776 1128 Isalx
792 1065 831 1129 de
855 1064 990 1132 ecclesia
1007 1063 1126 1131 Sancte
1142 1065 1253 1130 Elina-

117 1169 195 1236 beth
221 1173 253 1235 in
278 1171 391 1236 eadem
407 1171 522 1236 Malah
547 1171 704 1246 existenti,
722 1171 857 1236 sabbato
874 1173 1020 1256 proximo
1044 1179 1118 1238 ante
1135 1171 1252 1238 festum

117 1278 205 1344 beati
222 1278 357 1362 Georgii
388 1280 540 1356 martiris,
557 1280 646 1344 cuius
672 1284 749 1342 tuno
772 1279 897 1344 decima
928 1287 1039 1346 octava
1067 1280 1256 1345 advenisset

116 1387 277 1452 revolucio
293 1387 450 1464 annualis,
467 1386 678 1452 clamdestine
693 1393 823 1470 recepta
838 1385 975 1452 fuissent
991 1393 1024 1451 et
1034 1387 1153 1466 ablata,
1164 1388 1250 1471 apud

119 1495 290 1578 quospiam
301 1495 351 1558 vel
360 1496 393 1558 in
410 1493 681 1579 quocunqueloco
692 1496 833 1577 reperire
845 1501 992 1578 possent.
1009 1545 1015 1559 .
1033 1501 1150 1561 extunc
1160 1517 1253 1580 sepe·
1322 1529 1323 1532 ¹

117 1602 197 1668 dicti
214 1601 376 1686 Georgius
394 1609 426 1668 et
441 1602 565 1668 Paulus
583 1655 589 1666 .
608 1653 612 1665 .
637 1601 679 1668 ad
695 1603 941 1685 reoptinendum
957 1655 963 1667 .
982 1651 988 1666 .
1012 1605 1045 1668 in
1061 1604 1179 1669 iudicio
1204 1604 1254 1668 vel

117 1717 211 1776 extra
234 1710 389 1776 iudicium
405 1760 434 1777 ..
459 1731 585 1795 semper
600 1717 633 1774 et
649 1709 767 1794 ubique
787 1711 930 1794 ipsorum
957 1710 1124 1777 laboribus
1147 1718 1180 1776 et
1196 1734 1254 1776 ex-

117 1821 227 1902 pensis
252 1820 361 1884 iuvare
387 1825 575 1884 tenerentur
598 1818 770 1885 Nicolaum
796 1826 828 1884 et
853 1819 1079 1902 Georgium..
1103 1821 1253 1904 supradi-

118 1932 206 2006 ctos3
222 1931 256 1991 et
270 1933 308 1991 ut
324 1927 422 1992 series
439 1928 598 2011 presentis
616 1926 830 1992 ordinacionis
840 1927 939 1992 robur
949 1934 1103 2012 perpetue
1114 1927 1249 1994 firmita-

118 2037 161 2100 tis
176 2038 262 2100 inter
278 2037 364 2119 ipsos
380 2041 414 2100 et
429 2035 562 2100 heredes
588 2056 699 2102 eorum
723 2035 868 2100 obtinere
894 2042 1025 2120 possent
1040 2043 1073 2100 et
1097 2036 1252 2115 valerent,

117 2143 187 2226 ipse
203 2149 315 2226 partes
331 2164 364 2209 se
381 2149 414 2207 ct
430 2143 533 2208 dictos
552 2163 626 2207 suos
645 2142 778 2208 heredes
796 2194 826 2208 ..
851 2143 893 2208 ad
917 2144 978 2208 hoc
1006 2143 1227 2227 obligassent.
1247 2196 1253 2209 .

117 2253 206 2337 quod
222 2255 251 2318 si
266 2259 374 2319 tractu
390 2255 544 2338 temporis
559 2253 656 2318 iidem
672 2253 828 2320 Nicolaus
846 2261 878 2319 et
888 2254 1050 2338 Georgius
1066 2306 1072 2320 .
1091 2309 1096 2320 .
1120 2263 1152 2320 et
1162 2258 1255 2322 here-

116 2362 173 2426 des
190 2363 241 2426 sni
251 2368 401 2445 pretextu
411 2361 569 2426 dictarum
581 2363 818 2445 possessionum
833 2415 839 2429 .
857 2415 861 2426 .
890 2363 1256 2448 supraspecificatarum,

117 2469 282 2552 predictos
300 2469 384 2536 ribos
401 2469 501 2534 Isaak
518 2475 551 2534 et
566 2471 709 2553 ipsorum
725 2472 933 2554 posteritates
950 2521 956 2534 .
974 2521 980 2535 .
1004 2472 1188 2556 inquietare
1198 2479 1256 2537 aut

117 2585 233 2644 contra
248 2580 335 2663 ipsos
350 2577 441 2642 litem
452 2579 611 2643 suscitare
628 2584 838 2659 attentarent,
848 2586 966 2646 extunc
977 2581 1039 2664 ipsi
1056 2587 1168 2646 eontra
1184 2603 1254 2645 eos-

118 2685 192 2750 dem
207 2684 291 2750 filios
308 2685 408 2751 Isaak
434 2686 468 2749 in
493 2686 574 2750 vicio
600 2687 768 2766 calumnie,
794 2689 821 2752 si
837 2709 912 2752 vero
928 2689 1070 2771 preteeti
1080 2687 1139 2754 filii
1154 2688 1254 2754 Isaak

116 2795 168 2859 vel
184 2815 298 2858 eorum
312 2793 457 2872 heredes,
474 2794 625 2860 adversus
642 2796 744 2862 dictos
770 2797 852 2862 filios
878 2797 1040 2862 Jobannis
1057 2819 1095 2861 ac
1111 2798 1254 2881 ipsorum

118 2922 318 2966 successores
334 2903 462 2966 racione
486 2903 716 2985 premissorum
742 2901 993 2987 (possessionum
1008 2900 1114 2987 litem)
1130 2925 1255 2969 movere

117 3014 331 3091 attentarent,
348 3016 465 3075 extunc
489 3010 587 3074 iidem
603 3017 716 3076 contra
731 3012 817 3094 ipsos
833 3011 916 3076 filios
933 3012 958 3077 J
960 3012 1095 3076 ohannis
1112 3018 1145 3076 et
1161 3013 1254 3077 here-

117 3117 175 3182 des
192 3137 303 3183 eorum
318 3118 352 3182 in
369 3117 538 3184 succubitu
563 3118 663 3184 duelli
679 3119 756 3184 faeti
782 3121 973 3203 potencialis
990 3121 1255 3186 convincerentur

116 3245 156 3290 eo
186 3225 281 3290 facto.
312 3223 437 3308 Quibus
468 3226 543 3291 uisis
576 3233 609 3291 et
639 3227 799 3311 perlectis,
830 3229 1001 3312 prescripti
1028 3227 1190 3312 Georgius
1222 3235 1255 3294 et

116 3332 293 3398 Paulus..
317 3335 531 3418 personaliter
565 3341 783 3420 exsurgentes
822 3359 855 3402 se
894 3338 928 3401 in
966 3336 1122 3421 premissa
1160 3337 1255 3402 totali

116 3443 249 3506 accione
266 3451 300 3508 et
315 3443 530 3523 acquisicione
545 3441 702 3508 dictorum
727 3443 866 3509 filiorum
891 3444 916 3509 J
917 3445 1053 3510 ohannis
1069 3445 1255 3510 innocentes

117 3552 190 3616 fore
207 3551 402 3634 allegarunt,
418 3557 605 3634 asserentes,
623 3551 708 3634 quod
734 3553 760 3615 si
786 3551 883 3616 iidem
908 3551 965 3616 filii
989 3551 1151 3617 ,lobannis
1167 3551 1255 3615 dicta

114 3661 263 3744 ipsorum
279 3656 525 3744 instrumenta(
526 3709 676 3726 .......
679 3659 692 3744 )
718 3679 826 3741 unque
844 3660 926 3725 scire
950 3661 1001 3726 vel
1020 3659 1163 3743 reperire
1179 3677 1253 3742 pos-

115 3775 201 3846 sent,
218 3773 336 3834 extnnc
351 3769 414 3852 ipsi
431 3768 558 3832 eosdem
574 3767 657 3834 filios
673 3768 698 3833 J
700 3769 835 3834 ohannis
855 3770 945 3833 iuxta
970 3769 1112 3851 ipsorum
1128 3767 1254 3851 obliga-

113 3877 242 3942 cionem
259 3881 292 3940 et
307 3878 547 3954 assumcionem,
559 3877 701 3959 ipsorum
711 3877 876 3942 laboribus
893 3883 926 3941 et
942 3876 1089 3960 expensis
1100 3875 1141 3940 ad
1158 3877 1254 3941 reha-

113 3984 258 4049 bendum
276 3991 308 4048 et
324 3984 584 4049 reinveniendum
601 3986 673 4068 ipsa
689 3985 905 4050 instrumenta
916 3984 1070 4049 adiuvare
1081 3985 1198 4068 promti
1209 4005 1253 4049 es-

113 4099 192 4158 sent
200 4098 234 4157 et
244 4094 511 4176 parati,petentes
531 4113 588 4157 nos
605 4093 702 4157 iidem
715 4091 774 4157 filii
790 4092 942 4174 Isaak,ut
954 4093 1031 4175 ipsis
1042 4091 1253 4156 iuxtaseriem

113 4210 149 4267 et
159 4201 397 4268 continenciam
406 4201 472 4266 iam
482 4200 699 4266 exhibitarum
718 4201 894 4279 literarum,
910 4221 949 4265 ac
967 4199 1152 4264 eorumdem
1172 4198 1252 4263 filio-

116 4331 194 4375 rum
206 4309 233 4374 J
234 4309 371 4374 ohannis
388 4308 653 4392 proposicionem,
669 4309 795 4373 iusticie
812 4302 1097 4392 (impenderemus)
1116 4306 1253 4390 comple·

115 4423 286 4496 mentum3
310 4417 387 4499 quia
402 4415 547 4499 predicta
564 4415 626 4480 duo
642 4417 813 4500 privilegia
829 4437 888 4500 pro
899 4416 1015 4499 quibus
1032 4422 1064 4478 et
1079 4414 1152 4479 aliis
1168 4437 1253 4479 nunc

111 4527 180 4610 ipsi
190 4546 250 4608 per
260 4523 387 4588 eosdem
397 4522 480 4588 filios
491 4522 652 4587 Johannis
663 4523 696 4586 in
707 4544 836 4589 causam
847 4523 980 4588 attracti
991 4529 1097 4587 essent
1106 4527 1139 4585 et
1149 4520 1253 4586 incul·
1295 4513 1298 4522 ’

110 4638 286 4718 parentur,
310 4651 368 4715 per
391 4632 554 4715 prefatum
570 4631 775 4696 Dominicum
800 4639 837 4696 ut
863 4639 912 4696 est
943 4651 1091 4714 expresse
1122 4629 1253 4712 premis-

113 4765 192 4808 sum
223 4739 462 4820 exhiberentur,
494 4744 527 4802 et
551 4739 615 4802 iam
640 4739 674 4802 in
699 4740 802 4803 nostri
833 4739 1000 4822 presencia
1034 4757 1091 4824 per
1126 4735 1253 4800 eosdem

166 4876 322 4912 nssouxosr
337 4862 509 4910 oxulxxnls.
525 4875 550 4911 r.
567 4866 662 4911 xbnnn.
1113 4869 1145 4914 29
