3188 5470
570 534 666 595 1350.
684 551 777 594 rrrau.
799 537 847 595 12.
1205 539 1268 598 357

139 710 352 792 personaliter
367 710 545 775 accedendo
562 712 769 793 presenciam,
785 718 835 777 est
859 713 1021 778 confessus
1038 765 1044 780 .
1063 766 1068 778 .
1088 714 1174 798 quod
1190 715 1267 797 qnia

137 819 204 900 ipse
221 817 329 882 divino
344 817 470 882 volente
487 817 621 884 consilio
637 818 679 883 ad
694 819 807 884 limina
833 819 1003 885 beatorum
1019 821 1111 886 Petri
1126 828 1158 886 et
1174 821 1271 887 Pauli

138 926 358 1009 apostolorum
369 927 459 992 seire
470 925 689 1010 disposuisset,
706 927 777 992 ideo
788 925 946 1010 quasdam
962 930 1178 1012 possessiones
1194 951 1269 994 suas

137 1043 167 1099 et
182 1034 267 1100 alias
283 1055 334 1100 res
350 1034 484 1100 mobiles
500 1041 534 1100 et
558 1034 738 1102 immobiles
763 1056 820 1118 per
846 1035 975 1100 modum
1000 1039 1186 1103 testamenti
1211 1038 1272 1104 hoo

138 1141 229 1206 modo
255 1141 468 1225 disposuisset
493 1150 526 1207 et
550 1143 697 1226 legasset,
724 1143 809 1226 quod
835 1145 958 1210 curiam
984 1165 1075 1210 suam
1094 1146 1128 1210 in
1143 1145 1273 1212 civitate

137 1248 472 1334 Quinqueecelesiensi
488 1257 562 1317 ante
588 1253 764 1318 claustrum
791 1253 895 1318 saneti
919 1253 1086 1319 Francisci
1112 1252 1268 1333 habitam,

137 1359 212 1423 item
228 1359 462 1442 possessionem
478 1379 569 1424 suom
582 1359 743 1425 emticiam
758 1359 902 1426 Zalatha
911 1365 1058 1426 vocatam
1068 1361 1102 1426 iu
1112 1362 1268 1428 comitatu

137 1466 290 1549 Baranya
305 1467 503 1545 existentem,
527 1466 604 1531 item
621 1489 718 1533 unam
734 1467 861 1533 vineam
886 1490 978 1533 suam
994 1469 1156 1534 emticiam
1182 1469 1272 1536 ultra

137 1573 269 1640 fluvium
311 1575 420 1641 Drave
450 1578 484 1641 in
524 1577 730 1660 pertinenciis
771 1577 812 1641 ad
852 1575 1039 1642 Zalathnok
1078 1579 1288 1668 existentem,

137 1681 348 1767 Gughzeuley
379 1683 509 1766 dictam,
543 1685 621 1748 item
652 1683 762 1750 decem
795 1705 893 1767 equos
925 1705 998 1749 suos
1029 1687 1211 1768 equaciales
1239 1695 1272 1753 et

138 1798 276 1874 quatuor
292 1813 391 1874 equos
408 1792 587 1870 curriferos,
603 1793 683 1856 duos
694 1791 803 1875 ciphos
814 1797 983 1875 argenteos
1000 1799 1032 1858 et
1048 1815 1146 1858 unum
1163 1793 1271 1878 cingu-

136 1901 202 1965 lum
228 1900 371 1966 balteum
405 1921 444 1966 ac
475 1923 573 1965 unum
605 1899 774 1985 poledrum
805 1900 1015 1982 equacialem,
1046 1901 1122 1966 item
1154 1923 1271 1986 pecora

136 2008 231 2074 unius
248 2009 351 2072 aratri
368 2007 400 2073 in
416 2008 552 2093 Zoppya
567 2007 688 2087 habita,
703 2009 782 2074 item
797 2010 932 2074 terciam
948 2015 1074 2092 partem
1091 2030 1264 2092 porcorum

136 2138 267 2182 suorum
285 2123 318 2181 et
333 2118 468 2182 terciam
483 2123 608 2201 partem
625 2139 724 2200 apum
740 2117 950 2183 commisisset
966 2123 998 2182 et
1013 2117 1153 2200 legasset
1169 2117 1270 2184 nobili

136 2227 265 2290 domine
281 2226 421 2291 consorti
447 2247 502 2290 sue
529 2223 628 2290 Clara
653 2232 773 2304 vocate,
797 2247 857 2310 pro
881 2225 1006 2291 iuribus
1032 2227 1097 2291 suis
1114 2233 1271 2311 perpetuo

135 2337 207 2400 iure
224 2341 257 2399 et
272 2332 526 2398 irrevocabiliter
545 2333 754 2415 possidendas
772 2334 896 2399 ..item
921 2334 1153 2417 possessionem
1179 2357 1270 2401 suam

135 2441 299 2507 feudalem
314 2441 501 2506 Kerezthur
526 2447 672 2506 vocatam
689 2441 722 2504 in
739 2441 893 2506 comitatu
920 2439 1107 2524 Simigiensi
1133 2443 1270 2507 existen·

136 2561 201 2615 tem
227 2571 301 2616 cum
326 2548 495 2632 pecoribus
520 2549 615 2613 unius
641 2550 743 2613 aratri
769 2548 981 2614 commisisset
1005 2556 1037 2614 et
1056 2547 1195 2632 legasset
1211 2571 1270 2632 pro

135 2657 299 2742 personali
315 2657 493 2722 residencia
509 2653 611 2722 nobili
629 2656 756 2721 domine
772 2657 911 2722 consorti
929 2677 984 2722 sue
1000 2657 1176 2738 antedicte;
1192 2659 1270 2722 item

134 2767 248 2831 decem
264 2787 363 2848 equos
390 2766 572 2848 equaciales
593 2765 734 2848 legasset
759 2787 818 2849 pro
844 2765 952 2830 anima
969 2787 1036 2844 sua,
1052 2767 1099 2830 ita
1113 2766 1270 2846 videlicet,

135 2885 174 2942 nt
200 2877 346 2960 quinque
371 2874 556 2964 eorumdem
581 2895 738 2956 equorum
765 2875 911 2959 predicta
942 2873 1057 2939 nobilis
1082 2875 1213 2941 domina
1239 2883 1272 2940 et

133 2985 216 3050 alios
234 2985 377 3067 quinque
393 2983 507 3067 Ponya
522 2981 606 3047 filius
623 3005 699 3048 suus
727 3003 783 3066 pro
809 2983 917 3048 anima
942 3003 1001 3046 sua
1025 2982 1222 3049 distribuant
1238 2989 1271 3050 et

133 3095 393 3173 amministrant3
409 3093 485 3157 item
502 3092 670 3157 duodecim
686 3113 784 3175 equos
796 3091 978 3176 equaciales
989 3091 1111 3156 etalios
1127 3091 1271 3177 quinque

134 3203 237 3267 bonos
254 3221 362 3284 equos,
386 3199 463 3264 item
490 3206 629 3282 quatuor
646 3221 737 3264 arma
753 3199 908 3264 militaria
934 3221 1005 3263 oum
1031 3197 1179 3264 omnibus
1205 3201 1270 3265 suis

134 3309 328 3386 attinenciis
354 3309 432 3373 item
449 3308 531 3372 alias
548 3307 629 3372 duas
648 3315 757 3391 partes
782 3327 954 3390 porcorum
971 3315 1003 3371 et
1019 3328 1115 3391 apum
1131 3307 1271 3390 legasset

134 3429 168 3484 et
185 3417 398 3483 commisisset
422 3415 550 3499 prefato
566 3416 678 3500 Ponya
703 3414 770 3480 filio
795 3437 860 3498 suo,
886 3414 1034 3479 residuas
1059 3435 1133 3478 vero
1159 3420 1277 3497 partes

134 3525 323 3593 eorumdem
340 3545 510 3608 porcorum
527 3529 561 3588 et
577 3545 674 3606 apum
700 3524 918 3603 commisisset,
943 3529 979 3586 ut
1003 3543 1063 3604 pro
1088 3522 1196 3588 anima
1212 3545 1271 3588 sna

133 3633 372 3700 distribuerent
388 3639 421 3696 et
440 3631 737 3711 amministrarent3
760 3633 839 3696 item
864 3653 964 3694 unum
989 3630 1157 3712 poledrum
1175 3651 1270 3712 equa-

133 3741 252 3808 cialem
269 3741 354 3823 isthy
372 3738 487 3804 coloris
512 3739 651 3803 locasset
666 3759 781 3821 sponse
798 3758 863 3816 sue,
879 3737 1020 3802 consorti
1038 3735 1185 3801 videlicet
1200 3757 1270 3820 pre-

133 3849 197 3914 fati
214 3849 347 3932 Ponpa3
371 3847 434 3910 alie
453 3853 563 3911 antem
586 3845 802 3929 possessiones
828 3864 885 3909 sue
911 3842 1105 3908 hereditarie
1129 3843 1270 3908 dominio

133 3955 282 4020 eiusdem
307 3955 421 4038 Ponya
447 3951 656 4018 succederent
681 3951 937 4018 contradiccione
963 3949 1182 4034 quarumlibet
1206 3970 1270 4013 non

131 4065 301 4128 obstante.
323 4061 448 4126 Datum
465 4061 547 4125 feria
572 4067 663 4124 sexta
687 4060 835 4144 proxima
859 4064 935 4123 ante
960 4058 1152 4122 dominicam
1175 4056 1270 4122 Invo-

131 4174 230 4249 carit,
249 4191 335 4236 anno
350 4169 471 4234 domini
487 4169 664 4234 Millesimo
680 4165 802 4236 000““ο
818 4167 1093 4250 quinquagesimo.

245 4331 401 4396 Httlapjtn
414 4332 505 4396 peccet
527 4333 731 4394 tdredtlreiv013
752 4329 882 4394 eredetije
904 4345 936 4380 az
959 4344 1028 4380 oren.
1041 4331 1073 4380 lt.
1087 4329 1186 4380 kinest.
1201 4332 1267 4378 orat.

130 4426 165 4476 N.
181 4427 220 4474 R.
233 4423 267 4472 A.
285 4427 361 4473 1509.
379 4427 419 4472 11.
433 4421 500 4485 dipl.
515 4427 583 4472 oszt.
597 4428 675 4474 4112.
695 4421 795 4471 Kozli:
815 4421 923 4470 Kovtce
936 4421 969 4469 N.
