3226 5462
343 495 385 558 ao
704 493 888 557 rancuroru
907 481 1120 556 urulrnrlr.

343 673 557 754 inveniretur;
590 672 774 756 supplicans
809 669 924 738 exinde
955 679 1063 738 nostre
1094 667 1265 754 maiestati,
1295 673 1334 738 nt
1358 665 1418 738 sibi
1445 675 1478 737 et

342 785 508 868 magistris
535 782 695 864 Gregorio
721 782 844 847 carnali
870 789 903 846 et
927 779 1061 846 Andree
1086 781 1152 846 filio
1177 781 1311 847 Andree
1336 779 1478 864 patrueli

343 891 499 957 fratribus
516 891 582 956 suis
598 889 632 953 in
649 889 772 953 tenutis
788 888 865 954 dicti
891 891 990 954 castri
1015 891 1117 954 nostri
1133 889 1290 956 Huruseu
1308 895 1340 954 et
1355 910 1477 972 posses-

344 1001 444 1066 sionis
460 1020 569 1064 eorum
585 995 836 1081 Kystapolchan
852 998 1017 1062 nominate
1033 997 1204 1076 antedicta,
1220 997 1341 1062 dictum
1360 1017 1474 1062 aurum

345 1111 378 1174 iu
393 1107 549 1173 iamdicto
580 1103 677 1170 fluvio
693 1104 904 1188 Tapolnycha
929 1104 1123 1186 acquirendi
1139 1112 1172 1169 et
1187 1104 1359 1170 laborandi
1376 1103 1476 1170 facul-

346 1222 447 1282 tatem
474 1215 649 1280 concedere
674 1214 891 1297 dignaremur.
919 1213 988 1280 Nos
1014 1215 1126 1296 itaque
1151 1217 1333 1281 huiusmodi
1358 1215 1478 1300 suppli·

344 1323 526 1388 nacionibus
557 1321 701 1388 iamdicti
726 1324 873 1404 magistri
901 1321 1032 1388 Nicolai
1048 1320 1107 1386 filii
1123 1322 1202 1388 Jule
1229 1323 1411 1406 benigniter
1427 1344 1479 1388 ex-

345 1431 472 1507 auditis,
488 1410 638 1494 duximus
655 1429 925 1508 committendum,
942 1437 1120 1496 annuentes
1136 1432 1247 1497 literas
1273 1439 1402 1497 nostras
1419 1451 1478 1514 per

346 1545 521 1622 presentes,
546 1545 583 1602 ut
609 1539 677 1621 ipse
701 1539 856 1621 magister
881 1537 1038 1604 Nicolaus
1063 1545 1096 1603 et
1120 1540 1238 1605 fratres
1264 1541 1313 1605 sui
1339 1539 1476 1624 predicti

349 1647 537 1712 iamdictam
569 1667 685 1712 aurum
710 1646 830 1727 ubique
866 1647 898 1710 iu
924 1647 1045 1711 tenutis
1078 1649 1223 1712 iamdicti
1249 1649 1349 1712 castri
1373 1648 1478 1712 nostri

345 1755 503 1820 Hnrusou
520 1761 554 1818 et
571 1755 781 1838 possessionis
802 1753 986 1818 eorumdem
1003 1753 1251 1840 Kystapolchan
1268 1756 1428 1820 antedicto
1445 1757 1479 1819 in

346 1863 431 1928 dicto
447 1860 544 1926 fluvio
560 1861 769 1946 Tapolnycha
792 1863 964 1942 acquirere
981 1871 1013 1927 et
1028 1862 1170 1928 laborari
1187 1863 1291 1928 facere
1307 1854 1480 1947 possint'et

347 1971 486 2035 debeant
510 1969 632 2050 ubsque
661 1969 889 2053 impedimento
914 1979 946 2036 et
971 1970 1122 2036 molesoia
1147 1959 1300 2052 aliquali3
1332 1971 1480 2036 volumus

348 2084 459 2142 tamen
476 2084 512 2142 nt
528 2077 612 2142 idem
628 2078 784 2161 magister
803 2076 960 2144 Nicolaus
970 2079 1128 2144 etiratres
1140 2080 1187 2144 sui
1199 2079 1341 2162 predicti
1354 2079 1393 2144 de
1409 2079 1481 2162 ipso

348 2205 426 2252 auro
441 2207 499 2270 per
515 2207 569 2250 eos
585 2183 764 2266 aquireudo
782 2185 872 2250 nobis
888 2185 928 2250 de
944 2187 1063 2252 nostris
1078 2188 1209 2252 urburis
1224 2194 1257 2252 ot
1272 2187 1480 2270 proventibus

349 2293 513 2378 regalibus
523 2293 696 2358 secundum
707 2293 838 2359 modum
848 2300 880 2358 et
889 2295 1057 2374 antiquam
1074 2295 1333 2360 consuetudinem
1343 2297 1481 2360 aliorum

349 2408 578 2468 montanorum
609 2401 802 2485 respondere
818 2407 852 2466 et
868 2402 1055 2467 satisfacere
1080 2402 1219 2467 debeant
1244 2409 1276 2468 et
1300 2409 1432 2468 teneant
1475 2449 1482 2466 .

348 2509 474 2576 Datum
489 2509 591 2593 Rode,
607 2509 689 2574 feria
705 2516 825 2590 quarta
840 2511 987 2592 proxima
1006 2517 1079 2592 post
1095 2509 1288 2576 dominicam
1304 2511 1481 2592 Invocavit,
1602 2557 1603 2586 p

350 2640 433 2684 anno
449 2619 570 2684 domiui
587 2616 640 2682 Μο
664 2615 762 2686 0000
786 2617 891 2682 XL¹²¹⁰
908 2619 1054 2700 septimo.

459 2800 484 2848 A
497 2799 631 2849 lehullott
643 2799 735 2864 peccet
760 2800 862 2862 helyen
884 2816 899 2849 o
918 2800 1019 2849 szavak
1041 2799 1223 2850 ulvashatrilr:
1243 2799 1357 2850 Relaeio
1370 2797 1482 2850 Andrea

350 2891 401 2941 lllii
415 2891 492 2938 Iwan
505 2889 539 2937 de
553 2889 656 2939 Kallou
668 2889 758 2940 adhuc
771 2889 805 2939 do
817 2890 941 2939 exercitu
954 2889 1095 2939 redeuntis
1115 2890 1144 2939 in
1167 2891 1316 2952 Tapolcha.
1340 2889 1480 2952 Eredatije
1601 2905 1602 2910 ¹

354 2997 388 3032 an
404 2995 477 3031 craz.
498 2983 529 3030 lt.
553 2981 653 3030 kinoat.
669 2988 736 3031 oszt.
749 2983 784 3030 N.
797 2983 831 3032 R.
845 2983 878 3032 A.
895 2987 953 3031 113.
970 2987 1010 3032 12.
1024 2981 1091 3044 dipl.
1105 2991 1172 3030 osai.
1187 2987 1266 3032 3885.
1277 2982 1401 3031 Korone
1411 2983 1483 3032 utha

350 3073 455 3123 Vineae
470 3072 563 3122 (labor
576 3071 767 3122 masolatabol.

836 3269 994 3277 ------,

899 3469 928 3532 8.

360 3631 455 3696 1347.
465 3629 551 3715 febr.
569 3629 620 3693 28.
646 3628 693 3692 Aa
718 3628 785 3714 apri
809 3628 964 3714 lrcr‘ptulan
989 3628 1061 3694 elon
1083 3653 1121 3693 oz
1151 3627 1254 3694 Uraur
1268 3629 1486 3715 nemzeladqbt'l

353 3738 424 3803 valo
446 3737 623 3802 Weclrlccleo
630 3735 682 3816 fio
696 3733 883 3815 Jo‘nosflui,
900 3759 938 3799 az
952 3757 1058 3821 appan
1076 3757 1144 3798 ezen
1164 3726 1384 3822 nemretseffqbdl
1397 3743 1481 3804 ezdr-

354 3857 466 3910 rnorott
481 3843 658 3909 Tiboldoolc
667 3844 830 3925 e‘sfioinalc
840 3845 978 3931 arajtalr
994 3845 1151 3910 ellcdnetett
1161 3845 1329 3912 kdrto'telelr
1344 3851 1483 3934 rneptcrr'·

353 3955 412 4018 θέει
436 3953 556 4040 feje'ben
581 3954 692 4016 liorem
718 3951 840 4018 Bersod
865 3954 1045 4038 varmepyer'
1076 3951 1207 4020 ornatu
1233 3955 1414 4042 dro'lrjoppal
1436 3963 1483 4021 u't-
1598 3951 1599 3990 ³

835 4059 999 4147 eoqeduelc.
1021 4099 1025 4107 -

468 4239 541 4306 Nos
565 4238 743 4322 capitulum
763 4235 895 4305 ecclesie
911 4241 1082 4325 Agriensis
1107 4239 1324 4325 significamus
1341 4293 1348 4308 .
1364 4295 1370 4308 .
1388 4240 1482 4327 Quod
1597 4215 1598 4278 3

354 4346 514 4430 magistro
530 4345 675 4431 Tyboldo
701 4345 767 4411 filio
792 4345 939 4432 Tyboldy
963 4347 1002 4412 de
1028 4369 1143 4431 genere
1168 4349 1302 4414 Eruswr
1326 4371 1385 4432 pro
1401 4371 1434 4414 se
1450 4358 1483 4414 et

360 4473 420 4540 pro
437 4453 601 4534 Ladislao,
617 4455 642 4519 J
643 4455 769 4521 ohanne
785 4463 818 4520 et
832 4455 994 4522 Michaele
1010 4455 1086 4521 filiis
1106 4458 1172 4522 suis
1197 4479 1235 4521 ex
1261 4479 1334 4537 una,
1351 4465 1384 4524 et
1398 4457 1484 4524 Lau·

357 4564 470 4628 reneio
495 4585 533 4628 ac
559 4562 696 4628 Niccloo
721 4563 797 4628 filiis
823 4563 986 4628 Johannis
1011 4564 1069 4628 filii
1094 4565 1291 4630 Wechlrelen
1319 4566 1358 4630 de
1374 4567 1482 4631 eodem
1596 4585 1597 4622 l

361 4691 478 4754 genere
504 4677 598 4753 parte
624 4671 665 4735 ab
681 4671 784 4735 altera
809 4693 917 4736 coram
942 4671 1033 4736 nobis
1058 4673 1270 4754 personaliter
1294 4675 1486 4752 constitutis,
