3138 5462
353 483 415 544 102
705 496 890 542 susounom
907 483 1122 542 onnlurrln.

350 665 481 742 separat
495 659 674 744 predictam
699 658 930 742 possessionem
954 657 1109 735 Dereslre
1135 657 1225 723 etad
1251 657 1475 724 occidentalem

350 766 583 850 possessionem
608 767 756 849 magistri
772 765 905 850 Ohenyg
920 764 1035 849 Narag
1054 772 1210 844 vocatam,
1227 774 1259 830 et
1275 765 1316 830 ad
1332 765 1474 830 meridie

350 873 457 940 nalem
473 873 547 938 filiis
564 875 692 939 Ectoris
709 874 917 957 distingeret;
942 874 981 939 de
1007 895 1072 956 quo
1098 873 1195 940 fluvio
1219 873 1420 959 procedendo
1445 881 1473 938 et

350 985 383 1048 in
399 985 545 1068 margine
570 985 708 1048 nemoris
739 984 882 1048 eiusdem
912 982 1000 1050 fluvii
1032 983 1230 1050 invenissent
1260 983 1340 1048 duas
1366 989 1479 1072 metas,

351 1113 488 1174 quarum
514 1113 579 1157 una
604 1093 645 1156 ad
671 1097 796 1174 partem
822 1092 1118 1175 septemtrionalem
1144 1099 1275 1176 separat
1304 1091 1476 1174 predictam

350 1202 583 1283 possessionem
615 1200 760 1266 Dereske
785 1207 818 1264 et
843 1201 884 1282 ad
910 1199 1152 1266 meridionalem
1178 1209 1299 1265 terram
1324 1200 1478 1266 dictorum

351 1307 490 1374 filiorum
505 1309 635 1374 Ectons
651 1307 849 1374 Leukafelde
866 1316 1020 1387 vocatam,
1037 1315 1069 1374 et
1083 1309 1219 1374 terciam
1233 1315 1353 1375 metam
1369 1329 1478 1374 nouam

352 1417 438 1482 circa
454 1417 631 1501 predictam
648 1439 745 1482 unam
771 1424 899 1494 metam,
925 1438 987 1500 que
1013 1419 1134 1483 dictam
1159 1418 1394 1502 possessionem
1419 1419 1477 1483 De-

352 1525 444 1590 reslre
461 1532 637 1611 separaret,
647 1525 780 1609 pacifice
796 1532 828 1590 et
844 1525 965 1608 absque
976 1526 1233 1593 contradiecione
1249 1526 1409 1592 dictorum
1425 1526 1479 1591 fili·

352 1655 445 1698 orum
461 1633 591 1698 Ectoris
607 1634 802 1724 erexissent;
825 1632 899 1698 inde
916 1633 957 1697 ad
973 1639 1100 1717 partem
1120 1634 1364 1698 meridionalem
1380 1635 1478 1699 eundo

351 1742 384 1806 in
410 1742 506 1807 dumo
533 1743 699 1828 spinarum
731 1741 927 1806 invenissent
957 1742 1038 1806 duas
1064 1748 1167 1806 metas
1193 1743 1284 1807 iuxta
1311 1763 1392 1824 quas
1417 1743 1473 1808 due

351 1850 483 1916 arbores
499 1871 564 1915 una
580 1851 666 1933 pomi
682 1855 715 1914 et
730 1849 796 1914 alia
811 1849 874 1933 piri
891 1848 1094 1928 haberentur,
1110 1857 1142 1915 et
1158 1851 1292 1915 terciam
1305 1857 1424 1916 metam
1439 1851 1476 1914 ad

352 1961 458 2043 ipsam
465 1959 612 2023 arborem
630 1957 692 2040 piri
710 1958 748 2021 de
766 1977 846 2022 novo
860 1957 1049 2038 erexissent;
1066 1959 1140 2022 inde
1157 1979 1283 2041 semper
1300 1959 1342 2022 ad
1359 1965 1478 2041 partem

352 2065 539 2131 orientalem
557 2066 670 2146 eundo,
686 2066 882 2149 pervenitad
892 2067 998 2130 locum
1008 2066 1247 2131 Feketeuteluk
1263 2073 1420 2145 vocatum,
1430 2068 1478 2131 ubi

353 2173 551 2240 invenissent
567 2173 647 2238 duas
663 2179 766 2238 metas
784 2173 878 2237 modo
895 2173 1082 2258 supradicto
1098 2180 1286 2257 separantes
1303 2181 1335 2240 et
1351 2177 1479 2240 terciam

353 2303 468 2346 novam
493 2283 688 2360 erexissent;
721 2281 795 2346 inde
820 2283 966 2364 pervenit
991 2281 1032 2346 ad
1059 2282 1221 2362 quandam
1246 2283 1329 2347 viam
1358 2304 1420 2366 que
1444 2284 1479 2348 de

357 2389 474 2472 Narag
490 2391 577 2454 venit
593 2391 624 2453 in
641 2389 733 2472 Kup‚
750 2409 846 2471 quam
868 2390 1065 2454 transeundo
1081 2391 1276 2455 invenissent
1300 2392 1386 2456 circa
1411 2413 1480 2456 ean·

352 2497 424 2561 dem
441 2497 521 2562 duas
538 2503 641 2563 metas
657 2497 744 2562 inter
759 2499 846 2580 ipsos
862 2497 984 2562 nobiles
1001 2498 1040 2562 de
1056 2497 1202 2562 Dereslre
1213 2497 1337 2563 etfilios
1354 2499 1478 2564 Ectoris
1564 2549 1565 2582 ᾖ

352 2605 444 2670 modo
462 2607 648 2690 supradicto
672 2612 870 2690 separantes
895 2607 987 2672 iuxta
1012 2628 1093 2688 quas
1119 2608 1251 2672 terciam
1279 2629 1392 2674 novam
1418 2629 1480 2673 ere·
1564 2597 1565 2636 l

352 2714 490 2795 rissent3
513 2715 587 2780 inde
605 2716 691 2780 venit
707 2715 747 2779 ad
766 2715 928 2797 (luendam
944 2716 1059 2780 vallem
1084 2716 1117 2780 in
1144 2737 1209 2796 qua
1233 2715 1323 2782 Erke
1339 2716 1480 2782 Zanolch

353 2823 532 2906 vulgariter
558 2823 643 2888 dicte
675 2822 879 2901 haberentur,
904 2824 1100 2888 invenissent
1132 2825 1251 2889 iterum
1277 2825 1357 2888 duas
1381 2831 1481 2889 metas

352 2936 549 3014 separantes,
573 2930 658 2995 eirca
674 2931 764 2996 cuius
782 2932 878 2996 unius
894 2938 977 2996 mete
994 2953 1014 2995 a
1029 2938 1121 3016 parte
1145 2931 1246 3016 ipsius
1271 2933 1480 3015 possessionis
1563 2963 1564 2994 r

351 3038 497 3104 Dereslre
514 3039 680 3104 existentis
696 3040 794 3104 aliam
810 3041 849 3105 de
866 3061 947 3104 novo
972 3043 1166 3122 erexissent;
1190 3041 1264 3105 inde
1280 3043 1480 3126 pervenitad

351 3168 503 3230 magnam
519 3148 603 3212 viam
628 3147 790 3231 publicam
817 3149 906 3213 iuxta
932 3167 1029 3229 quam
1055 3150 1251 3214 invenissent
1276 3149 1357 3214 duas
1382 3157 1481 3216 metas

352 3261 386 3319 et
402 3255 488 3320 circa
503 3276 600 3319 unam
617 3276 727 3319 earum
739 3255 771 3318 in
782 3260 870 3320 terra
880 3255 1025 3320 Dereske
1036 3257 1135 3320 aliam
1157 3277 1271 3320 novam
1288 3258 1480 3338 erexissent;

352 3363 426 3428 inde
442 3363 549 3428 adhuc
573 3363 614 3428 ad
640 3363 830 3428 orientalem
855 3369 981 3448 partem
998 3365 1103 3429 eundo
1123 3366 1246 3429 veniret
1264 3363 1306 3429 ad
1324 3361 1482 3450 (h)ortum

351 3469 558 3554 iobagionum
589 3471 748 3536 dictorum
779 3471 918 3536 filiorum
953 3473 1092 3549 Platoris,
1115 3471 1168 3536 ubi
1195 3491 1295 3556 prope
1325 3473 1483 3556 quasdam
1562 3453 1563 3474 ¹

352 3580 432 3644 duas
448 3585 551 3645 metas
567 3581 661 3644 modo
677 3581 832 3663 premisso
858 3581 941 3648 inter
966 3582 1051 3664 ipsos
1077 3579 1159 3644 lilios
1187 3580 1316 3645 Ectoris
1333 3581 1374 3644 ad
1389 3583 1483 3646 meri·

353 3688 437 3752 diem
462 3693 495 3751 et
518 3686 641 3752 nobiles
666 3688 705 3752 de
731 3688 876 3753 Dereske
902 3689 943 3753 ad
969 3689 1264 3772 septemtrionalem
1296 3697 1484 3772 separantes

352 3817 451 3860 unam
466 3801 585 3860 metam
601 3797 640 3860 de
657 3818 737 3861 novo
753 3798 945 3877 erexissent;
969 3797 1043 3862 inde
1069 3797 1176 3862 adhuc
1201 3795 1242 3861 ad
1266 3793 1484 3882 (orientalem)

351 3911 480 3989 partem
494 3904 598 3969 eundo
614 3906 759 3987 pervenit
775 3905 816 3969 ad
833 3925 930 3970 unam
946 3905 1038 3983 viam,
1064 3905 1260 3972 transeundo
1276 3905 1381 3988 ipsam
1396 3907 1485 3970 inve-

352 4013 476 4078 nissent
502 4014 588 4079 circa
620 4013 753 4078 eandem
778 4019 844 4077 tres
869 4019 971 4079 metas
998 4015 1171 4098 angulares
1188 4061 1312 4078 ......
1329 4035 1426 4080 unam
1444 4013 1485 4078 ad

352 4120 617 4204 septemtrionem
643 4120 821 4204 predictam
848 4122 1079 4206 possessionem
1095 4120 1249 4199 Dereske‚
1275 4125 1308 4186 et
1326 4120 1424 4186 aliam
1443 4121 1485 4184 ad
1560 4129 1561 4142 *

351 4228 519 4294 meridiem
535 4226 708 4312 dic(torum
725 4227 878 4314 filiorum)
895 4231 1023 4295 Elotoris
1049 4237 1081 4295 et
1106 4230 1147 4295 ad
1172 4230 1330 4294 orientem
1356 4229 1485 4312 populis

352 4337 516 4420 regalibus
532 4337 571 4402 de
587 4338 680 4421 Papa
698 4344 894 4421 separarent.
919 4337 960 4402 In
976 4359 1115 4419 quarum
1135 4341 1295 4403 metarum
1321 4327 1485 4402 erer'cione

354 4451 386 4510 et
401 4446 609 4529 separacione
626 4498 631 4510 .
650 4495 656 4510 .
674 4445 829 4511 ..nullus
854 4447 1070 4511 contradictor
1093 4434 1308 4530 appamrisset,
1342 4444 1395 4510 sed
1411 4467 1485 4528 pre·

353 4553 432 4618 dicti
447 4553 559 4638 populi
576 4553 700 4637 regales
717 4553 756 4618 de
771 4555 864 4636 Papa
890 4560 922 4618 et
947 4553 1092 4619 officialis
1118 4575 1229 4619 eorum
1254 4551 1295 4617 ab
1320 4555 1485 4618 ereccione

352 4667 511 4728 metarum
528 4685 547 4726 a
562 4668 654 4748 parte
671 4664 880 4746 possessionis
896 4663 988 4748 Papa
1007 4662 1162 4742 facienda,
1178 4662 1279 4727 donec
1294 4664 1485 4728 mandatum
