3192 5466
360 415 423 477 184
709 427 897 475 rnrounonr
913 415 1127 476 cnutum-ln.

357 593 467 670 oculis,
492 593 612 674 absque
638 593 789 676 scrupulo
815 591 985 656 cuiuslibet
1001 591 1165 671 falsitatis,
1181 594 1332 658 estiment
1347 615 1491 658 unacum

359 701 432 766 aliis
457 699 567 785 probis
591 701 667 766 viris
697 699 788 784 regni
819 700 1044 765 consuetudine
1075 702 1241 785 exigent-03
1274 707 1307 765 et
1332 707 1408 785 post
1433 702 1494 766 hec

358 809 473 875 scriem
499 809 600 892 ipsius
625 808 842 873 estimacionis
868 808 909 873 ad
934 814 1064 874 octavas
1089 809 1167 874 dicti
1183 809 1257 874 festi
1282 810 1494 876 Pentecostes

360 915 505 1000 proxime
530 917 732 980 venturasic
749 915 853 982 literis
879 919 994 981 vestris
1018 917 1118 982 Petro
1143 917 1351 1003 vicevoyvode
1379 925 1493 983 nostro

359 1025 572 1092 amicabiliter
597 1024 790 1102 rescribatis,
819 1031 854 1090 ut
878 1025 947 1090 visa
972 1026 1053 1100 serie
1077 1025 1178 1109 ipsius
1200 1025 1426 1104 estimacionis‚
1453 1026 1494 1090 ad

358 1134 578 1200 redimendum
595 1133 729 1199 eandem
745 1133 977 1216 possessionem
993 1133 1138 1217 predicto
1155 1133 1244 1198 Beke
1261 1132 1327 1198 filio
1343 1134 1493 1200 Ladislai

360 1245 533 1308 terminum
551 1242 707 1326 deputare
723 1244 830 1308 valeat
846 1247 1086 1325 congruentem}
1110 1241 1173 1306 isto
1196 1241 1300 1320 modo,
1324 1247 1360 1306 ut
1376 1242 1404 1306 si
1422 1244 1495 1326 ipsa

360 1351 516 1434 possessio
532 1352 565 1414 in
580 1372 638 1416 sua
664 1351 870 1416 estimacione
894 1351 1036 1416 valorem
1056 1349 1294 1433 quinquaginta
1308 1370 1495 1414 marcarum

359 1459 485 1542 argenti
502 1459 681 1540 excesserit,
698 1457 747 1522 vel
763 1459 796 1522 in
813 1457 931 1522 eisdem
949 1457 1185 1542 quinquaginta
1205 1457 1322 1522 mercis
1340 1458 1495 1524 estimato

361 1567 467 1646 luerit,
491 1573 568 1632 tunc
593 1568 625 1632 in
650 1567 729 1650 ipsis
755 1566 992 1650 quinquaginta
1017 1567 1144 1644 marcis,
1168 1566 1195 1630 si
1222 1571 1330 1630 autem
1356 1567 1494 1631 minoris

359 1676 477 1742 valoris
493 1677 599 1758 fuerit,
615 1681 693 1740 tunc
708 1677 742 1739 in
759 1695 817 1740 sua
833 1675 1041 1739 estim'acione
1058 1673 1346 1756 redimatur‚1·egni
1363 1696 1495 1740 consve-

360 1784 472 1849 tudine
497 1785 652 1868 exigente.
685 1783 809 1849 Datum
835 1783 982 1864 Thorde,
1016 1783 1128 1865 quinto
1154 1782 1205 1847 die
1230 1783 1496 1865 congregacionis

360 1898 469 1958 nostre
484 1897 664 1976 prenotate,
688 1914 772 1957 anno
788 1893 909 1958 domini
920 1892 1095 1958 Millesimo
1112 1890 1233 1960 000110
1249 1890 1354 1957 XL⁰³⁰
1370 1899 1496 1958 octavo.

469 2056 598 2119 Paphon,
621 2055 747 2106 atriatdu
761 2055 852 2119 pscset
871 2053 1048 2120 uyomaival;
1068 2053 1198 2120 credetije
1221 2069 1253 2104 az
1277 2068 1346 2104 orsa.
1369 2055 1401 2103 lt.
1423 2053 1495 2120 dipl.

361 2151 428 2195 oszt.
445 2151 540 2196 29427.
561 2145 660 2196 Kuzli:
681 2146 789 2196 Kcvstcs
802 2145 835 2196 N.

902 2545 954 2606 90.

365 2705 456 2766 1348.
474 2704 582 2780 Scires,
601 2705 675 2786 rucij.
696 2703 745 2764 12.
773 2701 871 2766 Scires
890 2707 1052 2788 urirraeqyc
1075 2704 1240 2790 olispciojc
1256 2706 1287 2768 e's
1302 2703 1498 2788 szolqcbiru'r'

362 2811 556 2896 biaonpitjdb
576 2810 654 2896 kopp
670 2833 690 2872 a
706 2809 811 2874 rrriddu
840 2810 916 2875 Soo's
943 2811 1055 2876 Lu'szlo'
1079 2815 1177 2898 crrqja
1194 2836 1231 2874 cz
1247 2814 1335 2875 irunt
1360 2811 1497 2896 crept-effr-

359 2920 506 2996 dcztctctt,
531 2920 609 3003 kopp
626 2917 736 3002 Selpo'i
750 2917 853 2982 thnos
868 2917 990 3002 zcbpos
1006 2919 1144 2983 birtolcc't
1160 2944 1181 2982 c
1191 2919 1392 2984 rolrouoleuclt
1408 2918 1496 2982 lutc-

399 3027 521 3091 csdtoui
537 3025 743 3110 bqjlcudd-c?
759 3049 797 3088 uz
812 3050 833 3089 a
850 3025 1097 3108 leibocscttcistfla
1111 3027 1245 3091 neodhere
1262 3027 1473 3113 creptcpacltc.

468 3187 537 3252 Nos
556 3188 710 3271 magister
725 3187 894 3254 Johannes
911 3189 1083 3253 vicecomes
1100 3194 1133 3254 et
1149 3188 1270 3254 iudices
1286 3189 1444 3254 nobilium
1458 3190 1497 3254 de

361 3297 462 3363 Surus
476 3296 589 3360 damus
600 3318 658 3378 pro
669 3296 830 3377 memoria,
837 3295 1114 3378 quodIruchasius
1125 3296 1209 3362 filius
1222 3296 1312 3361 Petri
1324 3297 1402 3362 dieti
1411 3296 1496 3362 Cha·

362 3411 414 3470 tus
432 3403 569 3468 famulus
579 3405 727 3486 magistri
738 3403 884 3469 Ladislai
901 3403 977 3468 dicti
989 3403 1080 3486 Sous,
1100 3404 1196 3468 verbo
1215 3404 1357 3469 eiusdem
1374 3405 1496 3471 domiui

347 3513 462 3579 suiad
476 3517 617 3576 nostram
634 3512 813 3576 accedendo
830 3513 1037 3596 presenciam,
1054 3512 1146 3576 nobis
1163 3512 1287 3577 curavit
1303 3513 1497 3596 significare,

361 3621 447 3705 quod
464 3621 572 3704 porcio
582 3621 833 3704 possessionaria
857 3621 882 3685 J
884 3621 1019 3685 ohannis
1030 3619 1088 3684 lilii
1103 3621 1195 3686 Petri
1211 3619 1250 3684 de
1261 3619 1382 3704 Selgou
1400 3622 1432 3686 in
1445 3644 1497 3686 ee-

362 3729 433 3794 dem
444 3727 644 3811 possessione
655 3725 774 3810 Solgou
786 3726 906 3809 habita,
926 3727 1011 3792 dicto
1029 3728 1349 3811 magistroLadislao
1366 3729 1497 3794 domino

362 3858 418 3902 suo
435 3857 493 3921 per
509 3837 614 3918 ipsum
630 3833 655 3898 J
657 3833 815 3898 ohannem
826 3839 910 3899 essct
919 3834 1046 3918 pignori
1063 3833 1215 3917 obligata,
1232 3835 1308 3899 etsi
1325 3855 1363 3898 cx
1380 3835 1496 3901 nobili-

362 3947 422 4010 bus
438 3944 477 4010 de
494 3943 605 4008 eadem
626 3939 746 4026 Solgou
763 3941 879 4025 quibus
894 3943 965 4024 ipsa
981 3943 1140 4007 redemcio
1150 3941 1360 4025 possessionis
1377 3945 1498 4009 attinet

362 4053 518 4117 redimere
529 4071 599 4115 eam
615 4049 721 4129 vellet,
731 4050 874 4133 prefatus
891 4051 1045 4133 magister
1061 4048 1235 4116 Ladislaus
1253 4049 1402 4126 dominus
1419 4072 1496 4116 suus

361 4159 494 4224 reddere
510 4163 655 4242 promtus
671 4163 755 4222 esset
771 4163 803 4221 et
820 4165 963 4240 paratus,
988 4178 1051 4240 quo
1079 4157 1189 4223 audito
1206 4157 1392 4254 Stephanus
1407 4159 1496 4226 filius

363 4267 490 4332 Nicolai
501 4267 657 4331 decadem
668 4265 766 4350 Salgo
777 4272 809 4330 et
818 4265 991 4331 Ladislaus
1002 4265 1088 4331 filius
1098 4265 1245 4331 Floriani
1256 4273 1400 4333 astantes
1412 4268 1497 4334 dice-

362 4375 450 4453 baut,
461 4375 546 4457 quod
558 4375 585 4439 si
596 4373 702 4440 dictus
713 4376 868 4458 magister
878 4375 1052 4440 Ladislaus
1065 4375 1169 4458 ipsam
1179 4375 1362 4458 porcionem
1376 4397 1498 4460 posscs-

363 4481 536 4546 sionariam
553 4483 599 4547 eis
615 4483 710 4548 vellet
726 4483 868 4562 reddere,
892 4483 955 4568 ipsi
971 4483 1128 4548 redimere
1144 4491 1253 4568 presto
1270 4490 1377 4549 essent
1393 4491 1426 4550 et
1444 4507 1498 4568 pa·

364 4589 445 4673 rati;
468 4595 501 4654 et
518 4611 589 4656 cum
607 4613 665 4660 uos
681 4593 829 4660 comitem
846 4591 871 4657 J
873 4591 1031 4660 ohannem
1056 4613 1155 4658 unum
1172 4612 1211 4657 ex
1226 4591 1318 4657 nobis
1335 4592 1496 4660 iudicibus
