3180 5470
370 478 434 537 380
717 491 902 536 rurouuour
920 477 1138 537 ousrlurrlu.

369 654 454 720 lilius
470 652 597 719 Mathia
622 653 836 737 personaliter
851 654 885 718 in
901 653 1006 736 figura
1031 656 1254 738 comparando,
1279 653 1372 720 nobis
1389 656 1490 720 literas

370 761 516 827 annotati
533 759 667 843 capituli
683 761 888 826 Posonieusis
905 761 1151 845 ecclesie'super
1169 763 1325 846 premissa
1341 763 1491 828 iuramen-

370 869 429 935 tali
445 869 647 954 depositione
663 876 830 936 emanatas
850 870 1090 948 demonstravit,
1109 871 1143 936 in
1160 871 1277 954 quibus
1293 871 1380 936 inter
1395 879 1491 937 cetera

370 998 520 1061 expresse
536 977 673 1042 vidimus
689 978 855 1060 contineri,
882 978 966 1062 quod
992 979 1060 1062 ipse
1084 977 1241 1044 Nicolaus
1266 979 1351 1044 filius
1375 978 1491 1044 Mat-hie

370 1087 572 1171 presentibus
602 1087 748 1171 predicto
779 1086 914 1152 Matheo
946 1086 986 1150 de
1011 1086 1175 1170 Kapulna
1194 1087 1322 1153 homine
1349 1089 1438 1170 regio
1460 1109 1490 1152 ae

369 1196 469 1261 Petro
495 1196 609 1260 clerico
634 1194 817 1260 testimonio
842 1194 991 1259 videlicet
1006 1194 1108 1276 ipsius
1133 1196 1269 1278 capituli
1285 1195 1488 1272 Posoniensis,

369 1305 403 1368 iu
420 1303 576 1386 predictis
587 1303 757 1386 quindenis
767 1302 864 1368 medii
875 1300 1130 1386 Quadragesime
1146 1302 1269 1368 scilicet
1278 1301 1360 1368 feria
1377 1309 1490 1386 quartu,

370 1413 403 1477 in
428 1411 511 1476 facie
535 1410 622 1476 dicte
647 1413 896 1496 possessionarie
922 1411 1082 1496 porcionis
1107 1412 1247 1496 litigiose
1272 1412 1365 1476 iuxta
1390 1412 1489 1476 seriem

370 1520 590 1604 predictarum
605 1520 775 1586 literarum
801 1527 986 1586 nostrarum
1011 1519 1147 1597 fecisset,
1172 1520 1283 1602 ibique
1307 1519 1392 1584 idern
1407 1519 1491 1584 Nico-

371 1626 442 1692 laus
457 1628 595 1693 seeundo
612 1649 646 1692 se
662 1627 771 1707 nobili,
796 1627 945 1694 videlicet
969 1627 995 1692 J
996 1625 1096 1694 acobo
1121 1626 1161 1692 de
1185 1626 1325 1704 Vasard,
1349 1626 1490 1709 depositis

372 1735 496 1814 calceis,
512 1741 634 1800 terram
653 1757 749 1819 super
768 1736 876 1819 capita
902 1741 1055 1814 tenentes,
1072 1741 1169 1818 prout
1193 1736 1292 1800 moris
1319 1741 1368 1799 est
1383 1741 1414 1800 et
1429 1755 1490 1798 eon-

372 1844 504 1908 suetudo
520 1845 628 1910 iurare
654 1851 897 1928 superterram,
920 1843 1121 1926 deposuisset
1147 1850 1384 1910 sacramentnm
1407 1863 1491 1926 super

371 1971 418 2028 eo,
443 1957 480 2017 ut
504 1952 649 2038 predicta
673 1953 837 2036 particula
860 1960 946 2018 terre
971 1952 1158 2034 octuaginta
1189 1952 1337 2034 iugerum
1362 1952 1491 2034 litigiosa

373 2081 498 2144 semper
514 2067 546 2126 et
562 2061 602 2126 ab
619 2063 753 2146 antiquo
770 2062 811 2126 ad
827 2062 946 2127 dictam
963 2061 1195 2144 possessionem
1212 2059 1356 2143 ipsorum
1368 2059 1491 2144 Moytuh

372 2174 519 2234 vocatam
535 2170 743 2253 pertinuisset
759 2177 791 2235 et
807 2169 993 2253 pertineret,
1010 2174 1042 2232 et
1057 2168 1090 2232 iu
1107 2165 1196 2231 nullo
1212 2165 1255 2231 ad
1271 2168 1491 2250 possessionem

372 2275 467 2360 Apey
484 2277 668 2344 attinuisset
684 2284 718 2342 et
734 2278 894 2359 attineret,
905 2282 938 2341 et
948 2275 1032 2360 quod
1048 2274 1168 2340 ibidem
1179 2273 1314 2340 eandem
1331 2281 1414 2340 terre
1429 2297 1492 2358 par·

373 2383 507 2449 ticulum
524 2385 615 2450 iuxta
631 2409 743 2452 cursus
763 2391 885 2469 septem
909 2390 1068 2449 metarum
1094 2382 1301 2465 antiquarum
1326 2383 1393 2466 ipse
1408 2382 1493 2446 homo

373 2493 481 2574 regius
513 2495 631 2560 eisdem
652 2495 725 2560 filiis
760 2493 888 2559 Mathia
915 2492 954 2556 de
979 2489 1134 2556 Elefanth
1159 2490 1327 2555 statuisset
1353 2497 1493 2574 perpetuo
1567 2537 1568 2584 ,

373 2601 545 2682 possidere.
569 2601 716 2686 Quarum
734 2601 863 2683 quidem
879 2601 1050 2666 literarum
1075 2598 1177 2680 ipsius
1196 2597 1332 2682 capituli
1349 2598 1453 2662 revisis
1467 2603 1494 2660 et

373 2709 522 2792 perlectis
541 2713 758 2790 continendis,
780 2713 858 2794 quia
883 2731 921 2776 ex
947 2710 1028 2775 serie
1054 2706 1238 2774 earumdem
1254 2727 1313 2790 per
1328 2709 1430 2792 ipsum
1444 2706 1494 2772 u'i-

374 2819 499 2884 colaum
516 2820 618 2886 lilium
634 2819 759 2886 Mathia
777 2842 914 2885 unacum
924 2818 1069 2902 predicto
1084 2839 1141 2884 suo
1157 2817 1361 2882 coniuratorc
1376 2816 1407 2880 in
1422 2815 1493 2880 secie

374 2927 498 3010 prefate
524 2935 608 2994 terre
640 2929 781 3011 litigiose
812 2928 1000 3010 octuaginta
1030 2927 1178 3009 iugerum
1203 2923 1296 2988 iuxta
1321 2923 1445 2988 modum
1468 2929 1493 2984 et

373 3036 510 3101 sormam
526 3045 636 3103 nostre
652 3037 859 3103 iudicationis
878 3039 1117 3102 sacramentum
1143 3054 1239 3116 super
1264 3051 1302 3096 eo
1327 3032 1360 3096 in
1384 3029 1495 3114 prefixa

374 3145 512 3210 termino
529 3145 731 3229 presentibus
747 3145 844 3210 dietis
859 3144 949 3226 regio
966 3149 998 3206 et
1014 3139 1149 3224 capituli
1168 3137 1361 3216 hominibus,
1384 3143 1418 3202 ut
1433 3139 1494 3220 ipsa

375 3253 537 3336 particula
561 3259 648 3318 terre
673 3253 861 3335 octuaginta
877 3251 1023 3332 iugerum
1040 3268 1165 3332 semper
1181 3252 1215 3311 et
1240 3246 1281 3312 ab
1307 3247 1437 3327 antiquo
1460 3243 1494 3309 ad
1566 3243 1567 3266 ¹

376 3361 495 3428 dictam
511 3362 743 3444 possessionem
759 3360 901 3444 ipsorum
917 3357 1055 3441 Moytub
1081 3359 1226 3420 vocatam
1252 3353 1455 3438 pertinuisset
1469 3359 1495 3414 et

376 3471 551 3551 pertineret
567 3475 600 3534 et
614 3471 647 3533 in
663 3468 752 3533 nullo
778 3467 819 3531 ad
845 3467 1076 3549 possessionem
1092 3461 1189 3546 Apey
1211 3469 1414 3546 prenotatam
1430 3460 1495 3525 atti-

376 3577 499 3642 nuisset
518 3586 550 3643 et
566 3579 728 3655 attineret,
744 3575 928 3660 deposuisse
954 3571 1175 3638 adinvenimus
1191 3569 1369 3650 manifeste,
1395 3591 1451 3653 pro
1466 3588 1497 3630 eo

378 3707 516 3752 unacum
531 3685 706 3752 baronibus
723 3685 877 3768 regnique
894 3681 1054 3747 nobilibus
1075 3679 1240 3745 nobiscum
1256 3679 1290 3742 in
1307 3676 1380 3743 sede
1397 3681 1497 3740 nostra

378 3795 548 3861 iudiciaria
564 3793 758 3872 sedentibus
769 3791 902 3857 eandem
915 3789 1107 3874 particulam
1118 3793 1204 3853 terre
1215 3787 1389 3869 litigiosam
1400 3789 1498 3848 octua-
1565 3863 1566 3880 ἵ

378 3905 470 3987 ginta
495 3905 642 3987 iugerum
667 3902 729 3985 ipsi
754 3900 891 3966 Nicolao
917 3906 950 3964 et
974 3899 1068 3964 dictis
1088 3895 1244 3962 fratribus
1261 3895 1328 3961 suis
1345 3915 1383 3958 ac
1399 3911 1498 3957 eorum
1565 3907 1566 3924 ¹

380 4010 552 4078 heredibus
569 4010 761 4075 auctoritate
771 4014 885 4073 nostra
894 4007 1066 4072 iudiciaria
1076 4003 1306 4070 committimus
1317 4051 1341 4068 ..
1358 4005 1451 4084 prout
1461 3997 1500 4060 eis

379 4121 543 4204 pertinere
576 4119 753 4184 dinoscitur
770 4115 933 4201 possidere
950 4167 957 4181 .
974 4163 980 4178 .
997 4115 1065 4178 sine
1082 4111 1259 4196 preiudicio
1269 4111 1349 4175 iuris
1365 4105 1459 4173 alieni
1474 4155 1480 4167 .
1495 4155 1501 4167 .

380 4229 503 4294 Datum
525 4227 626 4306 Bude‚
658 4226 846 4302 duodecimo
863 4224 916 4288 die
941 4229 1126 4288 octavarum
1152 4219 1224 4284 festi
1255 4217 1343 4283 beati
1375 4211 1501 4296 Georgii

379 4336 524 4402 martiris
535 4333 760 4419 predictarum,
781 4355 866 4398 anno
882 4331 1002 4396 domini
1019 4329 1071 4394 Μ0
1095 4325 1215 4394 odom
1231 4323 1500 4410 quinquagesimo.

487 4499 512 4548 A
525 4499 610 4563 rrrggu
623 4497 715 4561 pecsdt
733 4496 883 4560 lrianyzik3
903 4493 1034 4558 eredetije
1053 4507 1085 4542 az
1106 4506 1174 4541 orsz.
1188 4491 1219 4540 lt.
1234 4489 1333 4539 kinest.
1348 4491 1415 4537 oszt.
1428 4487 1461 4535 N.
1473 4485 1502 4533 R.
1564 4499 1565 4537 t

380 4588 413 4642 A.
431 4595 506 4642 1671.
521 4593 562 4638 72.
576 4588 643 4650 dipl.
657 4591 724 4636 oszt.
740 4591 817 4637 6867.
838 4585 937 4634 Kdzli:
957 4582 1065 4632 Kovacs
1079 4579 1200 4630 Naurlor.

866 4763 1024 4771 *-
