3180 5470
350 519 412 580 382
699 533 886 579 aarouxonr
902 517 1116 580 oxulxrrln.

347 691 483 758 Andrea
499 694 585 758 dicto
602 691 692 760 (1001
717 693 783 760 filio
798 694 927 761 Nicolai
944 694 983 759 (13
1000 694 1136 777 Terperi
1163 693 1276 759 famuli
1301 692 1431 758 Nicolai
1448 743 1453 756 .
1470 743 1475 756 .

347 802 489 884 episcopi
505 800 626 866 domini
642 809 674 866 et
698 802 818 884 prelati
844 803 946 866 1103111
971 823 1031 886 pro
1056 801 1155 867 nobili
1180 801 1310 867 domina
1335 808 1476 866 consorte

347 931 406 974 sua
421 909 488 974 filia
504 909 627 974 scilicet
645 908 723 974 dicti
748 908 919 974 Michaelis
935 908 994 974 filii
1010 909 1125 993 Zepod
1141 908 1241 975 Anna
1257 916 1371 976 vocata
1387 915 1475 993 parte
1574 949 1575 978 1

348 1019 389 1084 ab
413 1019 518 1084 altera
549 1039 658 1084 coram
692 1017 784 1082 nobis
809 1019 1022 1100 personaliter
1047 1018 1238 1096 constitutis,
1263 1039 1321 1101 per
1345 1017 1476 1082 eundem
1574 1013 1575 1044 ³

347 1125 520 1192 Nicolaum
536 1127 739 1212 propositum
755 1127 879 1191 exstitit
895 1175 902 1190 .
919 1175 926 1190 .
943 1126 1029 1208 quod
1056 1127 1134 1210 quia
1159 1111 1256 1192 iidem
1281 1124 1432 1191 Andreas
1448 1135 1476 1190 et

347 1235 476 1299 domina
492 1256 582 1300 soror
598 1256 665 1316 sua,
676 1233 738 1299 sibi
755 1255 823 1318 ope,
833 1255 938 1318 opere,
949 1235 1082 1300 consilio
1098 1241 1131 1299 et
1146 1233 1256 1299 favore
1272 1235 1476 1318 complacere,

347 1343 479 1425 negocia
495 1361 622 1426 quoque
638 1364 697 1406 sua
713 1349 856 1425 tempore
873 1348 906 1407 et
922 1344 993 1407 loco
1009 1343 1050 1407 ad
1075 1342 1108 1407 id
1128 1343 1318 1426 opportunis
1344 1363 1473 1426 suppor-

347 1457 416 1516 tare
434 1451 639 1528 studuissent,
655 1449 695 1514 ob
711 1450 770 1514 1100
788 1452 855 1534 ipse
872 1457 948 1515 tunc
969 1471 1027 1534 pro
1042 1450 1092 1514 his
1120 1457 1152 1514 31
1178 1449 1292 1516 horum
1310 1451 1474 1528 similibus,

345 1565 415 1624 tum
432 1559 532 1624 eciam
559 1578 596 1621 ex
622 1579 659 1622 30
685 1558 762 1641 quia
786 1564 943 1624 annotata
969 1557 1084 1623 nobilis
1110 1557 1239 1623 domina
1266 1579 1356 1623 soror
1372 1581 1429 1623 sna
1446 1565 1476 1622 et
1575 1571 1576 1626 i

346 1689 437 1732 suam
454 1666 618 1751 propriam
635 1671 668 1730 et
683 1667 867 1749 porcionem
883 1666 975 1731 Petri
992 1665 1141 1732 similiter
1157 1667 1269 1731 fratris
1285 1667 1343 1744 sui,
1361 1687 1423 1750 que
1437 1686 1473 1729 ex
1575 1721 1576 1724 ,

347 1781 474 1840 3331331
485 1777 602 1841 marcis
613 1797 796 1859 grossorum
813 1778 952 1861 compoti
969 1775 1362 1861 CassiensisperPetrum
1378 1776 1474 1841 filium

345 1883 518 1949 Michaelis
534 1883 592 1948 filii
609 1881 780 1969 Gereneny
805 1885 884 1968 ipsis
901 1891 934 1950 et
960 1883 1034 1950 filiis
1052 1885 1173 1950 Wekes
1199 1906 1237 1950 ac
1263 1883 1388 1951 Simoni
1413 1883 1475 1948 filio

347 1990 470 2056 Thome
501 1990 561 2057 filii
593 1993 735 2058 eiusdem
760 1993 875 2076 Zepud
901 2013 958 2078 pro
990 1993 1195 2078 expedicione
1231 1999 1346 2077 quarte
1371 1992 1474 2057 filialis

346 2099 509 2180 quondam
525 2100 652 2166 domine
669 2103 738 2166 avie
755 2102 899 2184 ipsorum
920 2123 1025 2166 coram
1053 2102 1180 2166 domino
1207 2101 1232 2166 J
1233 2101 1358 2166 ohanne
1375 2101 1475 2165 archi·

346 2205 481 2272 diacono
506 2208 545 2272 de
562 2209 688 2274 Borsod
714 2210 921 2293 generalique
947 2211 980 2274 in
1005 2207 1230 2295 spiritualibus
1255 2210 1376 2276 vicario
1400 2209 1475 2273 dicti

345 2315 466 2380 domini
481 2318 583 2381 nostri
599 2319 739 2402 episcopi
766 2325 802 2384 ut
828 2318 977 2384 dicebant
1002 2318 1230 2402 persolvendis,
1255 2319 1402 2383 totaliter
1417 2315 1475 2380 sibi
1576 2303 1577 2316 ¹

345 2429 377 2488 et
393 2445 451 2507 pro
468 2447 501 2490 se
517 2425 588 2509 ipso
604 2427 747 2511 recipere
763 2427 982 2504 commisisset,
1008 2434 1130 2493 rectam
1156 2426 1389 2492 dimidietatem
1405 2446 1474 2507 por·

344 2531 444 2596 cionis
460 2553 516 2598 sue
541 2535 790 2618 possessionarie
816 2535 851 2599 in
875 2536 1076 2619 possessione
1102 2531 1219 2600 Genda
1234 2540 1428 2617 nuncupata,
1443 2533 1474 2596 in

344 2638 497 2705 comitatu
514 2641 554 2705 de
571 2640 804 2728 Heweswywar
819 2663 919 2727 prope
936 2642 1065 2708 fluvium
1084 2643 1173 2707 Ticis
1190 2643 1238 2707 uti
1259 2641 1398 2707 refertur
1414 2641 1474 2704 exi·

344 2749 440 2812 stenti
465 2748 585 2828 habite,
616 2770 678 2832 que
705 2750 835 2832 quidem
860 2751 1017 2834 possessio
1043 2771 1101 2834 per
1125 2757 1315 2816 annotatum
1340 2749 1473 2814 Petram

346 2854 447 2920 filium
465 2855 636 2921 Michaelis
652 2855 712 2920 filii
729 2854 892 2922 Gereneni
908 2857 969 2922 sibi
989 2863 1022 2923 et
1046 2857 1140 2922 dictis
1166 2857 1338 2940 nepotibus
1363 2855 1474 2939 Zepud

344 2964 587 3046 consanguineis
604 2964 680 3043 suis,
696 2965 845 3029 similiter
861 2986 920 3047 pro
945 2964 1150 3048 expedicione
1167 2970 1344 3028 memorate
1361 2970 1473 3048 quarte

342 3069 451 3136 filialis
468 3071 544 3136 data
561 3079 643 3138 esset
669 3078 702 3137 et
727 3079 927 3157 perpetuata,
953 3095 1026 3138 cum
1051 3072 1208 3139 universis
1233 3071 1427 3137 utilitatibus
1443 3081 1474 3135 et

343 3179 551 3261 pertinenciis
561 3179 662 3262 ipsius
673 3179 884 3245 dimidietatis
895 3180 1054 3263 porcionis
1070 3200 1126 3245 sue
1144 3231 1150 3244 .
1168 3228 1174 3243 .
1191 3185 1368 3262 patronatu
1377 3180 1472 3245 eccle

343 3287 388 3350 sie
405 3291 438 3350 et
454 3287 540 3352 dicto
555 3285 652 3352 fluvio
669 3287 760 3354 Ticie
777 3338 783 3352 .
800 3338 806 3352 .
833 3288 1022 3353 contulisset
1046 3293 1214 3371 pretaxate
1231 3287 1333 3352 nobili
1349 3287 1472 3352 domine

343 3396 444 3459 sorori
460 3417 517 3460 sue
543 3401 576 3461 et
601 3417 658 3479 per
684 3418 756 3461 eum
781 3393 863 3481 (igy)
880 3397 964 3462 dicto
981 3393 1115 3460 Andree
1130 3396 1248 3460 marito
1265 3416 1323 3460 suo
1339 3417 1377 3462 ao
1392 3397 1472 3480 ipsc

342 3523 414 3566 rum
430 3503 603 3569 heredibus
619 3505 837 3588 perennaliter
852 3504 1078 3588 possidendam
1095 3553 1102 3568 .
1118 3553 1125 3568 .
1142 3502 1207 3588 Qui
1224 3503 1355 3587 quidem
1371 3506 1471 3570 eciam

342 3608 499 3675 Nicolaus
516 3611 635 3676 ibidem
651 3633 759 3677 coram
784 3611 875 3676 nobis
901 3612 934 3676 in
959 3611 1134 3695 adepcione
1158 3611 1247 3676 tituli
1263 3617 1296 3676 et
1311 3614 1390 3678 iuris
1406 3613 1472 3677 uni-

345 3738 506 3783 versorum
523 3719 708 3802 porcionem
726 3719 803 3782 dicti
819 3719 910 3784 Petri
936 3718 1047 3782 fratris
1063 3719 1122 3796 sui,
1139 3737 1219 3799 quas
1244 3717 1331 3784 idem
1355 3719 1472 3784 Petrus

342 3827 525 3909 nuperrime
542 3826 692 3891 similiter
709 3847 817 3891 coram
843 3825 933 3891 nobis
957 3827 1119 3891 annotatis
1145 3826 1273 3891 domine
1299 3828 1401 3892 sorori
1418 3848 1472 3892 sue

342 3935 482 3998 refertur
498 3934 678 4016 contulisse,
695 3957 787 3999 suum
813 3955 1001 4000 consensum
1027 3933 1157 4018 prebuit
1181 3939 1213 3996 31
1237 3953 1404 3998 assensum
1420 3935 1472 3998 do·

341 4043 426 4106 mine
459 4048 645 4125 prenotate3
677 4043 737 4106 tali
768 4049 876 4106 tamen
908 4041 1092 4106 condicione
1123 4042 1324 4123 interposita,
1341 4041 1428 4123 quod
1445 4043 1470 4106 31

341 4148 460 4213 dictam
486 4148 648 4214 domina-m
659 4169 800 4214 sororem
811 4148 1003 4231 suam,quod
1014 4148 1093 4212 deus
1103 4154 1238 4228 avertat,
1249 4147 1371 4234 absque
1381 4151 1471 4215 here·

341 4256 418 4320 dum
449 4255 568 4321 solacio
607 4255 760 4321 decedere
795 4258 1004 4340 contingeret,
1039 4263 1156 4322 extunc
1190 4257 1261 4340 ipsa
1287 4257 1471 4322 dimidietas

341 4363 500 4446 porcionis
518 4385 573 4430 sue
590 4387 718 4430 rursum
734 4366 766 4429 in
783 4387 874 4430 suum
901 4371 934 4429 et
958 4364 1112 4430 heredum
1138 4385 1269 4429 snorum
1295 4365 1472 4430 dominium

341 4471 380 4536 (13
396 4473 491 4555 pleno
507 4474 578 4537 iure
595 4473 717 4537 devolvi
733 4473 881 4554 deberet;
905 4495 1089 4538 econverso
1106 4493 1179 4538 vero
1205 4473 1288 4538 idem
1315 4475 1473 4557 magister

340 4577 491 4645 Andreas
515 4579 583 4644 vice
599 4585 632 4645 31
647 4581 774 4646 nomine
790 4582 891 4665 ipsius
916 4581 1044 4648 domine
1061 4581 1204 4664 coniugis
1221 4603 1278 4646 sue
1294 4582 1473 4665 prelibatae

341 4689 507 4772 porciones
525 4710 563 4752 ex
579 4689 674 4754 (110113
691 4695 817 4756 3331313
838 4693 955 4756 marcis
980 4689 1147 4774 prelibatis
1164 4689 1291 4755 domine
1315 4695 1348 4754 et
1372 4689 1473 4754 Petro
