3188 5470
217 479 219 483 ’
320 485 385 542 336
670 500 863 546 nnsourrour
880 487 1093 546 onutsrrtn.

317 661 501 743 aquilonem
517 661 731 726 ostendissent
748 668 888 742 quatuor
904 671 1016 741 metas,
1033 682 1171 744 quarum
1181 685 1246 728 nna
1260 669 1346 728 esset
1361 685 1454 738 nova,

318 775 384 834 tres
401 790 475 834 vero
494 769 626 851 antique
643 766 657 852 (
658 818 785 834 ......
787 767 800 855 )
818 777 902 836 mete
918 771 1127 853 possessionis
1143 771 1308 851 Zerench3
1323 771 1453 835 demum

317 877 414 942 iidem
429 877 579 941 dominus
596 876 697 942 abbas
707 883 741 942 et
752 877 895 943 Michael
912 877 951 942 de
968 877 1093 942 Monak
1107 879 1198 942 iuxta
1214 879 1451 944 continenciam

316 987 479 1067 prenotati
504 985 666 1069 privilegii
692 985 826 1068 capituli
852 987 984 1050 ecclesie
1015 985 1187 1070 Agriensis
1217 1008 1276 1069 per
1308 987 1453 1052 Paulum

316 1094 418 1158 filium
434 1094 459 1158 J
461 1095 597 1158 ohannis
608 1093 653 1157 ibi
663 1095 696 1158 in
707 1096 811 1186 specie
828 1094 962 1160 exhibiti
980 1092 993 1180 (
995 1145 1098 1160 .....
1101 1092 1118 1179 )
1131 1097 1236 1177 primo
1252 1097 1452 1180 incepissent

317 1205 409 1266 iuxta
434 1202 598 1286 quoddam
623 1203 789 1282 fossatum,
818 1203 1034 1268 ostendissent
1058 1225 1156 1268 unam
1181 1211 1301 1268 metam
1328 1225 1453 1280 novam,

317 1332 416 1391 quam
426 1311 583 1376 dixissent
592 1311 659 1375 fore
670 1318 790 1376 metam
800 1311 948 1376 Zerench
965 1318 998 1376 et
1011 1313 1147 1376 vicinari
1158 1334 1228 1378 cum
1244 1321 1335 1377 terra
1346 1313 1453 1392 Maza,

315 1418 390 1482 inde
406 1419 509 1483 eundo
526 1439 635 1484 versus
650 1419 835 1500 aquilonem
845 1419 1081 1485 iuxtafluvium
1091 1419 1238 1485 Zerench
1254 1421 1453 1485 transeundo

315 1527 424 1590 villam
440 1533 472 1592 et
487 1527 574 1591 ultra
589 1527 699 1591 villam
719 1527 934 1592 ostendissent
943 1528 1024 1592 duas
1035 1526 1162 1610 metas(
1163 1577 1266 1593 .....
1268 1526 1281 1613 )
1294 1529 1364 1592 onis
1380 1528 1452 1593 Ma-

317 1633 440 1711 randis,
451 1634 492 1698 ad
504 1655 586 1714 quas
596 1635 698 1700 eciam
707 1635 875 1718 predictus
885 1636 1010 1701 Paulus
1021 1635 1149 1700 eosdem
1159 1635 1312 1714 duxisset,
1322 1643 1357 1700 et
1366 1635 1453 1700 affir-

316 1747 437 1806 masset
446 1763 516 1806 esse
525 1749 627 1806 metas
638 1743 771 1822 Petrud,
781 1750 814 1807 et
823 1743 868 1808 ibi
878 1742 1063 1808 flecteretur
1073 1744 1115 1808 ad
1126 1751 1253 1827 partem
1262 1745 1454 1810 orientalem

315 1857 348 1914 et
358 1849 400 1914 ibi
413 1852 446 1913 in
457 1849 519 1914 fine
531 1849 699 1915 cuiusdam
709 1857 795 1916 terre
806 1851 940 1916 arabilis
956 1853 1113 1918 dixissent
1125 1873 1193 1917 esse
1211 1873 1308 1917 unam
1323 1861 1453 1934 metam,

316 1979 415 2038 quam
431 1955 524 2040 ipsi(
526 2007 651 2024 ......
654 1957 666 2042 )
684 1956 832 2042 metam(
834 2009 984 2026 .......
987 1957 1000 2044 )
1022 1960 1109 2042 quod
1135 1960 1300 2041 predictus
1325 1960 1451 2025 Paulus

318 2065 404 2130 filius
420 2066 445 2130 J
447 2067 583 2131 ohannis
599 2067 727 2131 fecisset
742 2066 873 2142 destrui,
899 2068 1013 2132 deinde
1029 2089 1139 2132 versus
1164 2068 1331 2132 meridiem
1348 2073 1453 2133 osten-

315 2175 437 2240 dissent
461 2175 575 2256 locum,
600 2175 684 2240 unde
702 2175 787 2238 idem
811 2175 936 2239 Paulus
963 2177 1134 2258 incepisset
1158 2176 1397 2258 perambulare,
1421 2183 1453 2240 et

317 2283 473 2346 dixissent
494 2282 599 2346 locum
625 2288 709 2346 mete
735 2282 918 2358 Marandis,
942 2284 1016 2348 inde
1042 2281 1233 2348 reflectendo
1258 2285 1300 2348 ad
1326 2291 1452 2366 partem

320 2391 550 2454 ‹recidentalem
569 2391 611 2454 ad
627 2413 725 2454 unam
741 2397 860 2455 metam
877 2389 899 2475 (.
917 2441 924 2454 .
941 2391 962 2475 .)
978 2391 1063 2456 unde
1079 2392 1121 2456 ad
1146 2391 1244 2454 aliam
1260 2398 1383 2456 metam
1399 2414 1452 2454 no

318 2523 390 2565 vam
425 2502 565 2584 priorem
591 2501 677 2565 circa
701 2500 866 2578 fossatum,
894 2501 949 2564 ubi
974 2501 1131 2565 dixissent
1163 2501 1249 2582 quod
1273 2502 1452 2564 convicina-

319 2615 409 2673 retur
425 2609 601 2674 Marandis
625 2631 697 2674 curn
714 2608 861 2702 Zerench
877 2616 910 2673 et
926 2611 971 2673 sic
987 2609 1241 2673 terminarentur
1256 2615 1341 2673 mete
1358 2617 1454 2691 prout

320 2724 429 2800 partes
445 2717 589 2800 predicte
614 2717 837 2781 ostendissent.
863 2715 989 2800 Quibus
1015 2717 1109 2782 factis
1135 2719 1231 2783 vicini
1258 2725 1291 2782 et
1316 2739 1452 2782 comme

316 2828 405 2890 tanei
423 2833 455 2889 et
470 2824 677 2908 quamplures
689 2825 744 2889 alii
760 2827 952 2890 remociores
968 2825 1171 2890 concorditer
1183 2825 1349 2896 dixissent,
1367 2827 1450 2906 quod

315 2940 439 2998 montes
465 2941 571 2997 essent
596 2935 738 3016 separati
763 2933 804 2997 ab
829 2933 975 3016 invicem,
1000 2955 1137 3014 quorum
1162 2955 1246 2998 unus
1274 2936 1449 3017 pertineret

316 3043 356 3105 ad
373 3041 606 3124 possessionem
622 3041 769 3104 Zerench
789 3047 822 3105 et
846 3048 1016 3106 vocaretur
1033 3041 1240 3124 Kuuagoheg
1267 3049 1300 3106 et
1324 3063 1448 3124 semper

315 3151 449 3215 ecclesia
465 3151 504 3213 de
520 3149 668 3213 Zerench
683 3149 885 3231 possedisset,
909 3149 993 3213 alter
1007 3171 1084 3214 vero
1110 3156 1195 3214 esset
1211 3171 1302 3214 mons
1317 3151 1362 3214 ad
1378 3147 1449 3216 Ond
1479 3211 1486 3226 ,

316 3260 479 3342 pertinens
504 3265 536 3321 et
559 3263 728 3321 vocaretur
752 3256 1023 3340 Ondzeuloshege,
1040 3263 1073 3321 et
1096 3259 1158 3340 ipsi
1184 3259 1223 3322 de
1248 3257 1322 3324 Ond
1345 3277 1448 3341 posse

315 3367 444 3431 dissent.
462 3367 546 3430 Item
563 3365 619 3428 alii
635 3364 697 3428 duo
723 3367 779 3447 qui
797 3385 830 3430 se
846 3365 913 3429 fore
930 3373 1085 3448 patronos
1102 3367 1235 3431 ecclesie
1252 3365 1448 3431 deZerench

317 3473 540 3550 affirmassent,
564 3472 723 3535 dixissent
738 3492 775 3535 eo
791 3471 893 3549 modo,
918 3471 1004 3552 quod
1029 3479 1139 3555 patres
1165 3493 1277 3537 eorum
1300 3473 1447 3555 pluribus

319 3583 412 3646 annis
429 3587 637 3663 patronatum
654 3580 740 3644 dicte
761 3580 894 3644 ecclesie
904 3579 943 3643 de
954 3579 1101 3645 Zerench
1118 3581 1336 3662 possedissent
1352 3600 1446 3661 quam

315 3689 460 3754 Michael
476 3690 516 3752 de
533 3689 666 3770 Monak,
682 3695 714 3752 et
740 3689 868 3770 scirent,
892 3689 979 3771 quod
1004 3711 1095 3754 mons
1119 3689 1175 3753 ille
1200 3695 1285 3754 esset
1310 3710 1393 3753 unus
1418 3693 1447 3752 et

314 3795 639 3879 vocareturOndhege
664 3803 698 3860 et
721 3817 848 3878 semper
873 3797 921 3860 illi
947 3797 987 3860 de
1011 3795 1086 3862 Ond
1111 3797 1338 3879 pessedissent,
1370 3798 1443 3862 item

316 3909 373 3972 alii
389 3906 453 3970 duo
469 3906 508 3970 de
529 3905 725 3970 Zemlenuar
750 3913 783 3968 et
809 3907 928 3970 tercius
953 3907 1060 3970 adhuc
1085 3908 1242 3972 remocior
1267 3907 1390 3972 vicinus
1404 3904 1447 3968 di-

315 4017 447 4090 xissent,
472 4015 559 4094 quod
575 4015 637 4096 ipsi
654 4015 783 4090 scirent,
807 4013 892 4094 quod
907 4015 963 4077 ille
979 4035 1070 4078 mons
1092 4021 1178 4078 esset
1195 4035 1288 4090 unus,
1314 4015 1370 4078 sed
1386 4034 1446 4095 quo

316 4123 443 4187 nomine
459 4128 629 4186 vocaretur
645 4123 814 4186 nescirent.
839 4122 902 4185 His
918 4128 1029 4188 autem
1054 4121 1201 4187 omnibus
1220 4123 1360 4206 peractis
1376 4143 1446 4187 cum

315 4231 493 4314 predictam
519 4231 804 4313 possessionariam
835 4233 1018 4313 porcionem
1049 4233 1225 4313 litigiosam
1255 4231 1447 4314 presignatis

315 4341 409 4403 metis
426 4359 484 4420 per
501 4344 688 4420 prenotatas
714 4343 824 4420 partes
849 4340 1048 4422 assignatam
1074 4345 1106 4403 et
1131 4339 1364 4404 circumdatam
1379 4359 1449 4422 pre-

315 4447 381 4512 fato
398 4445 502 4511 Paulo
518 4445 585 4510 filio
602 4446 765 4510 lobannis
782 4445 871 4510 iuxta
888 4448 1120 4512 continenciam
1146 4447 1364 4529 predictarum
1380 4447 1449 4511 lite-

316 4577 426 4620 rarum
443 4555 558 4619 indieis
575 4557 662 4618 curie
674 4560 776 4618 vestre
787 4575 859 4618 cum
870 4557 935 4620 suis
946 4556 1141 4620 utilitatibus
1152 4563 1185 4620 et
1193 4557 1399 4639 pertinenciis
1409 4577 1449 4619 ac

314 4663 506 4728 molendinis
524 4655 667 4726 statione
684 4663 860 4726 voluissent
876 4671 1031 4746 perpetuo
1047 4663 1283 4746 possidendam,
1301 4663 1449 4728 dominus
