3180 5466
384 589 447 650 546
732 609 917 653 anrounonr
935 596 1149 654 onulnrrln.

379 790 487 851 guare,
500 769 555 832 sed
567 769 822 852 quandocunque
840 791 966 834 necesse
983 769 1083 849 fieret,
1099 771 1195 835 iidem
1208 771 1344 856 Philpus
1368 779 1403 838 et
1420 775 1510 840 Ladi-

381 875 469 942 slaus
480 877 592 942 eadem
603 879 818 944 instrumenta
828 880 890 962 ipsi
902 877 1068 962 Stephano
1079 879 1156 944 dare
1166 887 1347 947 teneantur.
1365 881 1510 947 Termino

380 985 480 1050 eciam
497 985 530 1050 in
547 985 657 1050 eodem
675 986 831 1070 quidquid
859 987 995 1069 predicti
1022 986 1145 1052 nobiles
1162 995 1219 1052 aut
1239 987 1311 1054 aliis
1327 989 1508 1056 absentibus

382 1093 446 1158 duo
463 1115 502 1158 ex
517 1094 636 1160 eisdem
653 1116 761 1160 coram
778 1095 970 1160 testimoniis
987 1095 1065 1158 dicti
1090 1095 1223 1178 capituli
1240 1097 1419 1162 Bonnensis
1435 1099 1509 1162 inter

379 1201 506 1266 easdem
533 1209 641 1285 partes
672 1223 768 1284 super
794 1203 934 1268 collectis
962 1224 1017 1266 sen
1044 1203 1276 1280 exaccionibus,
1293 1213 1366 1287 post
1392 1205 1506 1270 obitum

379 1309 458 1375 dicti
474 1311 623 1394 magistri
639 1311 778 1394 Philpus
795 1313 827 1374 in
845 1311 987 1378 eiusdem
1013 1313 1266 1394 possessionibus
1282 1315 1507 1396 prenominatis

379 1439 436 1502 per
448 1418 637 1483 Ladislaum
657 1425 689 1482 et
705 1419 841 1501 Philpus
859 1418 940 1484 filios
957 1439 1031 1482 suos
1048 1419 1193 1501 receptis,
1209 1441 1248 1484 ac
1274 1421 1394 1486 ceteris
1419 1421 1505 1486 rebus

379 1531 477 1609 atque
494 1526 584 1592 bonis
602 1527 643 1592 ab
660 1528 729 1610 ipso
745 1527 900 1609 magistro
918 1525 1055 1610 Philpus
1072 1526 1242 1604 derelictis,
1259 1537 1394 1610 excepto
1404 1535 1502 1594 tamen

379 1635 651 1700 testamentaliter
667 1634 782 1718 legatis
808 1642 841 1698 et
869 1635 942 1698 aliis
959 1656 1128 1700 causarum
1154 1635 1300 1700 articulis
1316 1637 1349 1699 in
1367 1637 1449 1702 facto
1465 1659 1505 1700 re·

379 1765 450 1806 rum
476 1743 596 1808 habitis
623 1743 833 1808 certissimam
861 1741 1054 1808 sciscitando
1079 1744 1249 1808 veritatem
1282 1745 1505 1810 conscienciose

381 1851 617 1917 arbitrarentur
633 1853 717 1916 inter
734 1857 853 1934 partes,
869 1852 930 1916 hoc
954 1851 1046 1914 ambe
1072 1858 1180 1934 partes
1206 1857 1396 1916 tenerentur
1420 1875 1503 1918 acce·

379 1965 480 2042 ptare.
498 1961 649 2027 Ceterum
670 1983 766 2043 super
782 1959 930 2024 omnibns
956 1960 1060 2024 causis
1077 1966 1109 2022 et
1134 1959 1261 2023 iniuriis
1287 1960 1373 2024 inter
1390 1960 1502 2042 iobagi-

377 2089 454 2132 ones
479 2075 578 2152 atque
604 2069 742 2134 famulos
768 2069 914 2152 parcium
934 2067 1153 2149 predictarum
1179 2067 1218 2130 de
1244 2088 1359 2132 earum
1384 2089 1500 2150 posses-

378 2175 520 2240 sionibus
537 2176 732 2259 egrediendo
748 2175 893 2240 oriundis
918 2173 967 2237 vel
994 2173 1126 2238 cuilibet
1152 2175 1237 2257 parti
1254 2197 1312 2257 per
1329 2175 1454 2240 eosdem
1468 2177 1503 2238 ir-

378 2283 539 2366 rogandis,
556 2284 720 2348 Martinus
737 2283 823 2348 filius
839 2281 979 2346 Fabiani
1005 2280 1045 2344 de
1061 2281 1207 2346 Hermen
1233 2288 1265 2346 et
1290 2283 1410 2348 Petrus
1424 2281 1503 2346 filins

378 2391 496 2456 ,iacobi
512 2391 551 2456 de
568 2391 679 2456 eadem
708 2391 819 2456 famuli
844 2390 929 2454 dicte
955 2389 1091 2472 domine,
1117 2391 1192 2454 item
1219 2389 1316 2454 Denk
1343 2389 1425 2456 lilius
1445 2391 1502 2454 De-

378 2501 487 2566 metrii
503 2501 541 2565 de
559 2499 699 2566 Radiran
716 2505 750 2564 et
766 2497 944 2580 Gregorius
961 2499 1000 2562 de
1017 2496 1118 2562 Oioha
1128 2499 1302 2562 servientes
1319 2499 1500 2581 prescripto-

378 2631 449 2674 rum
467 2609 612 2674 Ladislai
637 2615 670 2674 et
695 2607 831 2691 Philpus
859 2607 908 2672 rel
934 2607 1006 2671 aliis
1032 2605 1219 2671 absentibus
1247 2605 1311 2670 duo
1328 2628 1367 2670 ex
1392 2606 1500 2670 eisdem

380 2716 533 2782 iudicium
550 2723 583 2780 et
599 2717 759 2781 iusticiam
785 2739 823 2780 ao
849 2713 1061 2778 sufficientem
1088 2714 1346 2779 satisfaccionem
1368 2713 1443 2778 dare
1458 2715 1501 2778 de·
1573 2709 1574 2735 ¹

378 2823 477 2890 beant
494 2832 593 2909 atque
609 2825 812 2910 impendere;
829 2827 854 2888 si
871 2845 944 2888 vero
962 2824 1135 2887 servientes
1152 2822 1288 2886 alicuius
1304 2823 1406 2904 partis
1421 2823 1501 2886 nobi·

377 2931 424 2996 les
460 2938 559 3013 atque
590 2933 825 3015 possessionati‚
857 2953 919 2995 non
951 2931 990 2994 de
1024 2929 1278 3012 possessionibus
1310 2931 1501 2994 dominorum
1570 2955 1571 2979 r

381 3061 491 3104 eorum
508 3039 563 3105 sed
581 3041 620 3106 de
637 3041 775 3124 propriis
791 3042 934 3124 ipsorum
959 3036 1213 3122 possessionibus
1239 3039 1327 3119 parti
1343 3037 1435 3102 alteri
1450 3037 1501 3101 ali·
1569 3035 1570 3061 ¹

378 3148 465 3232 quod
481 3149 635 3213 damnum
651 3149 700 3212 vel
717 3149 860 3230 aliquam
878 3146 1029 3210 iniuriam
1047 3145 1211 3222 inferrent,
1231 3151 1309 3208 tunc
1326 3167 1419 3230 super
1440 3165 1501 3210 ecs-

377 3257 450 3322 dem
466 3257 558 3322 iuxta
575 3258 666 3338 regni
684 3256 943 3322 consuetudinem
960 3255 991 3319 in
1009 3253 1175 3336 presencia
1194 3252 1310 3318 iudicis
1327 3275 1433 3320 eorum
1456 3275 1500 3316 or·
1566 3289 1567 3305 ἢ

377 3366 495 3432 dinarii
520 3373 800 3449 prosequerentur,
826 3366 954 3431 iusticia
980 3363 1142 3430 mediante
1159 3411 1189 3426 ..
1214 3363 1342 3428 Datum
1358 3361 1455 3438 Bude,
1471 3363 1498 3424 in
1564 3443 1565 3467 Χ

376 3475 459 3539 festo
475 3475 645 3539 beatorum
660 3473 801 3539 Fabiani
818 3479 851 3537 et
868 3473 1051 3538 Sebastiani
1075 3473 1257 3549 martirum,
1284 3492 1369 3535 anno
1387 3471 1497 3534 domini

376 3580 451 3644 M¹¹¹⁰
467 3579 588 3647 000¹”0
605 3583 871 3664 quinquagesimo
892 3579 1039 3646 secundo.
1562 3585 1563 3631 l

483 3744 635 3807 Httlapjtn
649 3743 957 3808 pecsettbredekeive13
978 3743 1108 3806 eredetije
1133 3759 1165 3792 az
1189 3757 1259 3791 orsa.
1274 3744 1306 3792 lt.
1320 3743 1495 3792 kincst'oszt.

377 3835 411 3884 Ν.
425 3836 458 3884 n.
471 3836 505 3884 A.
519 3838 580 3883 aas.
595 3839 619 3882 s.
639 3833 704 3896 dipl.
719 3825 786 3883 oizt.
801 3838 879 3883 4251.
899 3833 998 3882 Romi:
1019 3833 1126 3882 Kovacs
1139 3833 1172 3882 N.

905 4145 978 4204 336.

379 4303 473 4365 1352.
481 4307 557 4388 jau.
574 4303 626 4363 27.
645 4299 673 4363 A
691 4301 791 4366 budoc'
806 4303 965 4388 lrdptulan
991 4302 1062 4364 eldtt
1078 4301 1159 4386 Bepi
1185 4299 1295 4364 Isinda
1305 4300 1360 4378 fla
1377 4299 1496 4363 Malia.

377 4412 443 4474 Ke'r
459 4418 539 4473 afeor't
555 4410 656 4474 Heoes
671 4416 853 4499 udrmepyei
868 4411 1009 4474 bartolot
1033 4409 1177 4472 Haereat
1195 4406 1419 4494 Opbesfidnol·
1436 4409 1495 4470 Bu-

652 4520 787 4584 la'zsaok
802 4518 1094 4602 ketszdzforintefrt
1110 4517 1230 4602 eladja.

482 4679 669 4764 Capitulum
686 4679 846 4745 Budensis
862 4679 994 4744 ecclesie
1010 4728 1017 4742 .
1034 4727 1040 4741 .
1065 4677 1106 4742 ad
1126 4677 1349 4742 universorum
1365 4727 1371 4740 .
1388 4727 1394 4741 .
1419 4675 1496 4740 noti-

376 4789 458 4853 ciam
475 4838 504 4852 ..
530 4788 674 4852 volumus
690 4790 865 4873 pervenire,
890 4787 977 4872 qnod
1002 4785 1158 4852 Nicolans
1182 4784 1267 4850 filius
1285 4785 1438 4869 Stephani
1462 4783 1496 4844 de
