3180 5466
591 509 684 569 1352.
702 525 774 568 ara.
792 510 821 569 4.
1196 511 1257 572 567

126 707 184 748 rex
208 733 237 748 ..
262 687 370 750 comiti
388 686 435 750 vel
453 669 635 750 vicecomiti
656 691 688 749 et
712 684 872 749 iudicibus
897 684 1054 750 nobilium
1081 685 1261 752 Hontensis

127 793 304 858 comitatus
328 845 334 858 .
351 845 358 859 .
383 793 515 858 Dicitur
541 793 633 858 nobis
650 793 683 856 iu
699 793 843 875 personis
869 791 1010 878 Lypoldi
1026 795 1066 858 de
1082 793 1257 878 Dersenye,

125 901 301 967 Michaelis
318 909 351 966 et
366 901 513 967 Ladislai
532 901 671 966 filiorum
688 899 839 980 eiusdem,
866 903 952 983 quod
968 901 1108 966 universi
1125 903 1208 966 cives
1225 907 1257 966 et

124 1010 271 1094 hospites
287 1011 390 1075 nostri
404 1011 443 1075 de
460 1009 661 1092 Bakabanya
678 1014 710 1072 et
726 1008 764 1072 de
780 1009 890 1074 Baath
906 1031 944 1074 ac
961 1009 1145 1092 specialiter
1162 1008 1259 1074 Nico·
1357 1040 1362 1052 1

122 1120 196 1183 laus
222 1126 254 1184 ct
279 1118 448 1184 Fridricus
472 1117 593 1182 iudices
609 1117 648 1182 de
666 1118 721 1195 eis,
746 1117 827 1182 feria
850 1119 990 1183 secunda
1014 1120 1161 1202 proxima
1186 1125 1260 1202 post

122 1228 318 1292 dominicam
344 1227 463 1291 Letare
490 1225 633 1309 proxime
659 1226 846 1308 preteritam
873 1227 915 1292 ad
940 1227 1119 1310 predictam
1135 1247 1258 1310 posses·

123 1335 247 1400 sionem
265 1337 407 1418 ipsorum
424 1334 589 1417 Dersenye
602 1335 827 1416 potencialiter
838 1336 1008 1414 venientes,
1022 1335 1131 1400 domos
1148 1356 1258 1400 eorum

123 1443 275 1526 proprias
292 1449 325 1508 et
341 1442 548 1524 iobagionum
560 1442 743 1507 eorumdem
755 1441 1001 1525 confrangenda
1018 1443 1258 1528 quamplurima

123 1551 244 1616 damna
261 1551 380 1616 eisdem
405 1551 599 1627 intulissent,
627 1549 748 1614 talibus
775 1549 897 1615 illicitis
924 1550 1028 1616 verbis
1054 1572 1106 1616 eos
1132 1558 1256 1635 pertra·

123 1659 253 1737 ctand0,
270 1667 307 1724 nt
316 1658 378 1743 ipsi
389 1660 422 1723 in
433 1659 580 1723 domibus
594 1658 737 1742 ipsorum
754 1658 850 1740 fures,
866 1659 1008 1724 latrones
1019 1665 1052 1722 et
1062 1661 1143 1725 alios
1159 1659 1257 1726 mele·

121 1767 263 1832 factores
289 1772 540 1844 conservassent,
572 1767 627 1830 sed
653 1767 685 1830 iu
711 1766 857 1832 omnibus
883 1767 1047 1850 premissis
1072 1768 1257 1834 innocentes

120 1882 230 1940 essent
246 1876 374 1960 penitus
391 1883 422 1940 et
438 1876 614 1956 immunes;
631 1895 727 1958 super
745 1897 808 1958 quo
826 1925 856 1940 ..
879 1876 1078 1958 mandamus,
1096 1881 1255 1960 quatenus

120 2006 220 2049 uuum
240 1985 291 2048 vel
315 1983 395 2048 duos
412 2004 450 2048 ex
465 1983 554 2048 vobis
579 2034 607 2047 ..
631 1983 874 2062 transmittatis,
901 1985 956 2068 qui
980 2033 1009 2048 ..
1032 1985 1255 2069 investigando

122 2093 229 2158 sciant
246 2097 279 2156 et
294 2091 464 2174 inquirant
478 2091 693 2156 omnimodam
709 2093 887 2171 veritatem,
905 2099 1025 2176 etpost
1041 2093 1100 2156 heo
1117 2144 1123 2157 .
1140 2144 1146 2157 .
1163 2094 1256 2160 nobis

122 2199 264 2264 fideliter
289 2198 482 2265 rescribatis.
508 2199 633 2265 Datum
649 2199 752 2279 Bude‚
777 2199 859 2266 feria
885 2201 1000 2284 quinta
1016 2202 1163 2284 proxima
1180 2210 1255 2270 ante

119 2309 317 2374 dominicam
342 2307 471 2387 Judica,
502 2330 587 2373 anno
613 2309 733 2374 domini
755 2309 840 2372 -Mmo
866 2307 986 2374 00οΜο
1017 2309 1084 2374 Lm⁰
1110 2311 1255 2377 seeundo.

119 2418 190 2483 Nos
217 2419 327 2500 itaque
353 2418 465 2482 vestris
491 2418 651 2502 preceptis
668 2423 700 2481 et
715 2417 876 2481 mandatis
902 2417 1043 2482 volentes
1070 2417 1254 2485 satisfacere

121 2533 158 2591 ut
184 2531 341 2603 tenemur,
366 2525 446 2590 duos
471 2546 510 2589 ex
536 2524 626 2590 uobis
651 2525 691 2589 ad
717 2526 874 2608 premissa
899 2527 1124 2609 prosequenda
1149 2532 1253 2593 trans-

118 2636 277 2712 misimus,
309 2633 439 2698 tandem
470 2631 567 2698 iidem
599 2682 628 2697 ..
661 2633 850 2711 retulerunt,
881 2631 966 2715 quod
991 2619 1011 2697 a
1036 2633 1197 2700 nobilibus
1223 2643 1256 2702 et

117 2744 223 2807 eciam
240 2762 260 2805 a
275 2739 434 2806 iudicibus
459 2740 623 2818 nobilium,
650 2741 727 2804 item
744 2761 763 2804 a
780 2739 1003 2805 sacerdotibus
1019 2747 1051 2806 et
1077 2743 1150 2806 aliis
1170 2763 1253 2807 com·

118 2849 272 2914 munibus
285 2847 467 2915 hominibus
480 2849 651 2913 comitatus
662 2847 851 2926 Hunteusis,
870 2853 901 2912 et
917 2849 1100 2930 specialiter
1113 2850 1254 2916 avicinis

117 2963 151 3021 et
169 2956 407 3034 commetaneis,
431 2955 651 3038 supradictam
668 2955 901 3038 possessionem
925 2955 1092 3041 Dersenye
1108 2965 1254 3024 vocatam
1296 2971 1298 2976 '

116 3062 421 3128 circumiacentibus
452 3062 624 3146 diligenter
647 3063 876 3147 investigando,
902 3065 941 3130 de
966 3065 1123 3148 premissa
1148 3067 1252 3150 inqui-

117 3172 239 3236 sicione
256 3171 340 3235 hanc
360 3171 565 3235 rescivissent
589 3173 769 3251 veritatem,
795 3172 881 3255 quod
907 3173 990 3238 cives
1007 3179 1039 3237 et
1054 3173 1196 3257 hospites
1213 3176 1252 3240 de

114 3278 319 3362 Bakabanya
345 3285 378 3344 et
403 3279 442 3343 de
466 3279 585 3358 Baath‚
616 3281 801 3362 specialiter
832 3279 988 3348 Nicolaus
1020 3288 1052 3346 et
1084 3282 1251 3350 Fridricus

113 3389 238 3454 iudices
270 3386 309 3450 de
333 3387 462 3464 eisdem,
495 3387 576 3453 feria
607 3389 747 3454 secunda
778 3391 925 3473 proxima
955 3396 1028 3473 post
1059 3391 1251 3458 dominicam

113 3500 238 3564 Letare
254 3495 399 3578 proxime
415 3495 614 3579 preteritam,
641 3495 682 3560 ad
698 3501 903 3579 prenotatam
920 3499 1152 3582 possessionem
1168 3498 1251 3564 Der·

111 3625 209 3689 senye
219 3605 391 3682 venientes,
407 3603 440 3668 in
457 3602 604 3668 domibus
621 3603 722 3687 ipsius
739 3604 887 3688 Lypoldi,
903 3605 1043 3671 filiorum
1059 3611 1092 3670 et
1107 3607 1248 3692 iobagio-

111 3735 191 3778 num
217 3733 349 3776 suorum
379 3711 467 3776 fures
493 3717 524 3776 et
548 3713 629 3776 alios
654 3711 876 3778 malefactores
909 3714 1131 3794 quesivissent,
1161 3715 1248 3799 ipsos

110 3821 237 3886 illicitis
254 3819 359 3885 verbis
376 3825 612 3903 pertractantes
639 3827 671 3885 et
698 3842 736 3885 ex
761 3821 822 3886 hoc
846 3825 997 3904 magnam
1023 3823 1248 3889 verecundiam

113 3929 237 3995 eisdem
256 3928 290 3992 in
306 3927 426 4010 grande
446 3927 658 4009 preiudicium
684 3929 826 4012 ipsorum
851 3928 1026 4007 inserendo,
1051 3951 1122 3993 cum
1139 3937 1247 3996 tamen

110 4039 174 4123 ipsi
192 4039 275 4104 cives
293 4043 326 4100 et
341 4037 484 4119 hospites
501 4057 574 4100 cum
590 4037 752 4103 iudicibus
779 4059 888 4104 eorum
910 4037 1056 4122 superius
1072 4039 1246 4104 nominatis

110 4147 241 4212 nullum
257 4143 361 4209 furem
379 4150 411 4209 et
427 4143 667 4211 malefactorem
692 4145 779 4228 apud
803 4146 998 4228 sepedictum
1014 4144 1197 4230 Lypoldum
1213 4151 1246 4210 et

109 4255 195 4320 filios
213 4274 287 4317 suos
304 4257 335 4316 et
352 4250 537 4334 iobagioues
555 4253 738 4318 eorumdem
755 4256 897 4319 invenire
913 4255 1100 4337 potuissent.
1121 4253 1246 4320 Datum

109 4363 142 4426 in
160 4361 319 4446 Hydweg,
344 4361 425 4425 feria
451 4367 568 4444 quarta
593 4363 741 4445 proxima
757 4369 829 4446 post
844 4363 1035 4430 dominicam
1061 4362 1244 4447 Ramispal·

109 4491 247 4548 marum,
264 4489 347 4534 anno
364 4469 559 4552 supradicto.

220 4611 353 4661 Zarlattn
362 4611 460 4661 harom
473 4615 576 4678 gydrtts
587 4613 679 4676 pecset
692 4615 891 4678 teredekeiveh
905 4614 1036 4678 eredetije
1050 4630 1082 4664 az
1096 4629 1164 4665 orsa.
1175 4617 1243 4667 lttr·

109 4705 172 4768 bau,
187 4703 254 4766 dipl.
269 4707 336 4752 oszt.
352 4706 456 4766 24,423.
477 4703 576 4752 szli:
591 4703 699 4753 Koraos
713 4705 746 4753 N.
1236 4695 1237 4698 '

598 4865 758 4872 ...-.—.——.
