3138 5462
707 527 892 572 auuouxoru
909 512 1123 572 oxulurrlx.

889 853 939 913 53.

351 1031 445 1095 1347.
464 1053 536 1114 auo.
556 1030 605 1092 14.
624 1027 653 1092 A
670 1027 757 1091 ba'csi
781 1029 937 1115 kdplalao
963 1029 1033 1093 elau
1061 1029 1205 1092 Marathe·
1230 1029 1349 1094 Mittas
1366 1031 1396 1092 e‘s
1411 1039 1473 1092 lext-

347 1140 441 1218 correi,
454 1137 679 1222 Mopporruezh'
690 1139 719 1200 e'e
731 1136 875 1202 Konizlca
890 1135 971 1200 aevu
987 1135 1163 1201 birtolcolrot
1187 1136 1306 1201 Volitai
1315 1137 1474 1202 Murloooa

639 1245 670 1308 ds
688 1243 815 1309 Sdador
823 1245 954 1326 ficinale
970 1245 1183 1330 viazaadjak.

456 1423 525 1492 Nos
542 1425 719 1509 capitulum
736 1423 867 1490 ecclesio
883 1425 1076 1490 Bachiensis
1101 1423 1253 1489 memorie
1278 1423 1473 1489 commenda·

349 1554 420 1596 mus
437 1581 444 1596 .
461 1582 467 1596 .
485 1532 571 1614 quod
586 1531 743 1598 Nicolans
768 1532 912 1597 Michael
928 1539 961 1597 et
976 1533 1145 1598 dohannes
1161 1532 1219 1598 filii
1235 1532 1408 1598 Michaelis
1423 1532 1475 1596 filii

350 1639 507 1724 Stephani
524 1639 563 1704 de
579 1640 713 1705 Moroth
738 1641 771 1704 in
798 1646 884 1704 etate
909 1646 1022 1705 tenera
1047 1639 1212 1704 existendo
1238 1639 1280 1704 ab
1305 1661 1379 1722 una,
1404 1641 1475 1704 item
1565 1665 1566 1674 ¹

349 1747 503 1830 magister
528 1745 715 1830 Stephanus
741 1743 855 1831 (filius)
882 1745 1064 1812 Alexandri
1081 1755 1114 1813 et
1129 1747 1270 1814 Thomas
1290 1748 1376 1812 filius
1392 1748 1474 1813 Mor·
1565 1805 1566 1834 3

349 1863 445 1920 tunus
462 1855 502 1919 de
518 1854 667 1920 Wollrow
692 1861 785 1938 parte
810 1854 852 1920 ab
868 1854 972 1920 altera
997 1857 1031 1920 in
1051 1857 1154 1920 nostri
1180 1857 1347 1938 presencia
1373 1875 1474 1938 perso

350 1963 467 2028 naliter
483 1963 657 2040 constituti,
668 1963 820 2028 dixerunt
835 1963 927 2028 nobis
944 2013 950 2028 .
969 2015 975 2028 .
993 1964 1078 2044 quod
1098 1985 1168 2028 cnm
1189 1963 1405 2046 prenominati
1422 1961 1474 2026 filii
1565 2025 1566 2028 ,

349 2070 520 2136 Michaelis
536 2069 664 2134 eosdem
680 2069 882 2153 Stephanum
908 2077 940 2136 et
966 2071 1125 2136 Thomam
1151 2072 1279 2136 racione
1304 2071 1475 2152 reacquisi-

353 2179 453 2242 cionis
478 2179 714 2261 possessionum
738 2177 994 2262 Magyarmezew
1011 2186 1043 2245 et
1058 2179 1209 2244 Koninka
1235 2185 1422 2244 vocatarum
1437 2177 1475 2242 ad

350 2287 548 2368 presenciam
574 2335 605 2349 ..
630 2285 760 2351 Nicolai
778 2336 785 2349 .
802 2338 808 2351 .
825 2288 963 2370 palatini
989 2289 1022 2351 in
1047 2309 1177 2353 causam
1204 2288 1424 2362 attraxissent,
1448 2293 1478 2350 et

351 2394 427 2459 licet
442 2387 625 2458 huin'smodi
642 2416 741 2460 cansa
756 2395 841 2459 inter
857 2397 944 2478 ipsos
960 2396 1160 2482 aliquamdiu
1177 2395 1333 2461 ventilata
1349 2401 1479 2477 etpost

354 2501 484 2568 modum
519 2501 706 2567 adiudicata
745 2503 937 2584 exstitisset,
969 2509 1078 2568 tamen
1110 2503 1313 2585 postmodum
1339 2505 1373 2568 in
1398 2503 1477 2568 facie

351 2609 535 2674 earumdem
551 2609 593 2672 ad
608 2610 757 2694 perennis
772 2611 862 2693 pacis
881 2610 1126 2694 plenitudinem,
1151 2609 1368 2675 mediantibus
1393 2610 1479 2674 nobi·

351 2717 436 2782 libus
461 2723 492 2781 et
517 2717 627 2802 probis
643 2718 720 2782 viris
737 2769 743 2782 .
761 2770 766 2782 .
783 2717 986 2782 devenissent
1012 2767 1044 2782 ..
1070 2719 1132 2783 isto
1157 2717 1260 2800 modo,
1286 2717 1374 2799 qnod
1398 2718 1479 2783 idem

351 2825 508 2890 Nicolaus
524 2823 668 2890 Michael
683 2831 717 2889 et
731 2825 757 2889 J
758 2825 900 2890 ohannes
926 2825 985 2889 filii
1001 2825 1181 2904 Michaelis,
1207 2825 1336 2890 easdem
1361 2847 1480 2909 posses-

352 2934 457 2998 siones
482 2933 736 3016 Magyarmezew
753 2939 786 2997 et
800 2933 951 2998 Konizka
976 2939 1105 2998 vocatas
1131 2953 1193 3015 que
1220 2933 1297 2998 olim
1322 2933 1481 2998 Johannis

351 3040 408 3105 filii
425 3039 556 3123 Ompud
575 3041 782 3123 exstitissent,
798 3047 830 3106 et
845 3043 1047 3124 postmodum
1062 3063 1121 3126 pro
1138 3041 1280 3108 eiusdem
1297 3041 1392 3120 facto,
1409 3040 1477 3106 Ste-

350 3149 457 3232 phano
483 3148 619 3214 condam
644 3147 683 3213 de
708 3149 842 3215 Moroth
858 3171 916 3215 axo
932 3151 1076 3232 ipsorum
1092 3151 1229 3215 fuissent
1245 3149 1401 3226 deuolute,
1427 3170 1477 3214 ex·

353 3258 453 3340 ceptis
478 3255 550 3320 aliis
575 3255 829 3339 possessionibus
854 3257 933 3321 dicti
963 3257 1126 3322 dohannis
1157 3257 1217 3321 filii
1249 3255 1381 3341 Ompud
1412 3257 1482 3321 aliis
1566 3269 1567 3298 ¹

353 3363 535 3429 nominibus
550 3363 708 3442 vocitatis,
734 3345 806 3428 cum
823 3365 1004 3434 universis.
1022 3415 1029 3429 .
1046 3364 1300 3449 proprietatibus
1317 3413 1324 3428 .
1342 3414 1350 3428 .
1365 3364 1482 3430 eisdem

354 3471 520 3555 Stephano
537 3479 569 3536 et
590 3472 713 3536 Thomc
738 3473 892 3557 predictis
917 3473 1072 3538 heredum
1097 3494 1156 3557 per
1181 3472 1316 3538 heredes
1343 3473 1482 3555 ipsorum

354 3630 360 3644 .
378 3630 384 3644 .
401 3582 595 3644 remiserunt
611 3600 717 3644 coram
734 3580 834 3662 nobis,
859 3581 929 3646 iure
954 3589 1111 3665 perpetuo
1128 3629 1134 3645 .
1151 3631 1158 3645 .
1175 3580 1394 3664 possidendas.
1419 3581 1483 3645 Da·
1566 3619 1567 3668 3

354 3695 424 3752 turn
449 3689 481 3751 in
507 3685 620 3770 vigilia
635 3685 709 3750 festi
724 3685 948 3752 Assumcionis
974 3687 1068 3753 beate
1093 3690 1235 3771 virgime,
1256 3709 1340 3753 anno
1365 3688 1483 3752 domini

354 3797 406 3860 Μ0
430 3793 528 3862 000⁰
551 3791 656 3858 XLm⁰
673 3795 817 3876 septimo.

461 3955 612 4020 Hatlapjan
626 3957 717 4020 pecsdt
729 3957 932 4022 thretlekeivel;
951 3958 1082 4022 eredetije
1096 3975 1127 4008 aa
1142 3973 1210 4014 orez,
1233 3959 1264 4008 lt.
1287 3959 1387 4008 lrincst.
1410 3971 1478 4006 oszr.

356 4045 389 4094 N.
405 4045 437 4094 R.
453 4045 485 4096 A.
503 4051 578 4096 1508.
595 4051 636 4096 52.
650 4046 716 4110 dipl.
731 4053 798 4096 oszt.
813 4053 891 4098 3928.
911 4049 1011 4098 Khali:
1032 4049 1138 4099 Koraos
1152 4049 1185 4097 N.

841 4349 999 4360 *—
