3188 5470
540 527 634 592 1349.
650 545 718 594 son.
738 527 787 594 lo.

620 785 692 846 171.

103 944 187 1008 1349.
208 943 441 1030 Μιιόιινρ,]ἰιῐ.
461 943 510 1008 18.
530 941 636 1008 Gaiulo
656 945 764 1029 pdpai
786 947 923 1010 nundus
948 969 986 1009 az
1013 953 1045 1010 ot
1070 943 1223 1030 megilletrl

102 1052 255 1138 apesztela
280 1051 489 1117 didozatolctol
512 1075 533 1114 a
554 1053 704 1138 pozsoayi
728 1053 760 1114 a
783 1051 1018 1137 aogyszombati
1043 1054 1222 1138 opriozdloot

573 1158 734 1246 folmoati.

199 1304 309 1371 Guido
324 1305 534 1370 miseracione
559 1303 667 1368 divina
683 1303 772 1368 tituli
790 1309 900 1369 sanate
921 1302 1040 1370 Oeoilie
1057 1305 1224 1390 presbyter

101 1412 274 1490 cardinalis,
290 1411 464 1496 apostolice
475 1409 559 1476 sedis
569 1409 704 1493 legatus,
720 1409 846 1475 dilectis
862 1412 895 1476 in
912 1409 1044 1478 Christo
1057 1413 1222 1479 sorori-bus

102 1529 128 1584 et
140 1517 349 1584 oonventibus
365 1519 552 1584 monasterii
567 1519 600 1583 in
617 1517 756 1582 Posonio
766 1523 799 1582 et
808 1517 841 1582 in
852 1517 971 1603 Tyros,
988 1519 1222 1604 Strigoniensis

100 1628 255 1710 dioecesis,
265 1630 404 1694 salutem
414 1628 448 1692 in
458 1625 702 1700 dominoVobis
712 1635 848 1712 paterno
858 1631 1095 1712 compacientes
1105 1629 1222 1696 affectu

99 1759 131 1802 ao
158 1738 433 1822 contemplacione
464 1738 665 1802 serenissime
695 1737 885 1820 principissa
921 1738 1048 1804 domine
1073 1739 1223 1804 Elizabet

99 1847 200 1928 regine
216 1845 363 1929 Vngarie
387 1845 479 1911 nobis
496 1846 529 1908 in
544 1845 605 1910 heo
619 1851 712 1928 parto
728 1867 801 1911 oum
826 1845 984 1911 instancia
1000 1847 1223 1930 supplicantis,

100 1961 218 2036 portem
227 1953 497 2037 procurationum
506 1973 564 2037 per
573 1974 628 2017 vos
639 1950 730 2018 nobis
742 1953 932 2032 debitarum,
942 1976 997 2019 vos
1012 1976 1069 2038 pro
1080 1955 1222 2039 presenti

100 2082 175 2126 anno
184 2067 383 2145 tangentem,
393 2067 503 2125 tenore
513 2061 714 2144 presencium
725 2063 918 2140 relaxamus,
928 2084 1047 2146 vosque
1058 2063 1097 2127 de
1110 2063 1222 2130 eadem

98 2169 286 2234 absolvimus
303 2177 335 2234 et
351 2169 532 2252 quiete-mus
542 2169 604 2234 hae
619 2169 704 2251 vioe;
720 2169 912 2235 mandantes
930 2221 936 2234 .
954 2222 960 2236 .
978 2171 1221 2256 archiepiscopo

99 2275 318 2360 Strigoniensi‚
329 2277 479 2359 qnodvos
489 2276 616 2341 nomine
633 2283 743 2342 nostro
755 2278 886 2342 raoione
899 2278 1060 2362 porcionis
1076 2299 1130 2344 vos
1147 2299 1219 2344 oon·

97 2385 245 2468 lingentis
262 2385 301 2449 de
318 2383 602 2469 proonraoionibus
619 2386 697 2469 ipsis
708 2385 747 2450 de
757 2393 864 2452 oetero
883 2385 1054 2451 molestare
1065 2385 1224 2467 inquietet

98 2493 278 2560 nullatenus
305 2495 354 2560 vel
378 2493 534 2560 molestet.
568 2494 608 2559 In
635 2495 724 2559 errius
750 2496 797 2558 rei
819 2495 1038 2560 testimonium
1055 2503 1221 2579 presentes

100 2601 208 2668 literas
224 2601 294 2667 fieri
311 2602 443 2667 ieoimus
461 2609 493 2666 et
509 2601 607 2684 sigilli
628 2603 730 2666 nostri
746 2603 940 2686 appensione
956 2603 1084 2668 muniri.
1100 2601 1224 2668 Datum

98 2711 179 2793 apud
221 2709 435 2794 Neuburgam
486 2709 687 2776 Pataviensis
727 2709 880 2775 dioecesis
921 2709 1016 2778 XV⁸⁰
1069 2709 1225 2776 kalendas

97 2818 248 2902 Augusti,
263 2817 471 2904 pontificatus
491 2817 610 2882 domini
627 2815 804 2883 Clementis
824 2839 907 2901 pape
923 2817 984 2886 Vl.
1001 2839 1085 2884 anno
1102 2825 1223 2882 octavo.

207 2983 249 3031 Aa
263 2981 396 3031 elveszett
409 2981 500 3046 posset
513 2981 758 3044 hartyaszalagon
771 2981 899 3046 ffiggott3
919 2981 1050 3045 eredetije
1064 2997 1095 3031 oz
1109 2997 1179 3032 orsa.
1193 2984 1225 3032 lt.

97 3071 190 3123 kinost
205 3077 274 3122 oszt.
288 3071 395 3122 Monial
410 3072 529 3134 Tyrnav.
545 3076 568 3120 3.
583 3076 625 3120 44.
639 3071 707 3133 dipl.
722 3077 791 3120 oszt.
808 3075 886 3120 4061.
901 3071 1000 3121 Koali:
1021 3072 1129 3121 Kovtcs
1143 3071 1176 3122 N.

584 3251 741 3259 -—-.-·-·--

96 3577 191 3640 1349.
200 3573 265 3660 jul.
279 3576 329 3639 19.
347 3572 394 3638 ΑΖ
410 3577 476 3660 egri
491 3573 646 3661 kdptalaa
672 3573 742 3638 elota
760 3572 898 3638 Nekohoi
922 3574 1041 3638 Miletos
1055 3574 1108 3655 fio
1125 3575 1227 3655 Deak,

92 3708 111 3748 a
128 3683 279 3749 Demeter
294 3685 356 3747 loir.
374 3683 599 3748 ldmokmester
615 3683 645 3746 ts
661 3683 756 3746 euasit
782 3685 909 3746 testvire
934 3681 1061 3748 aanor
1076 3686 1154 3747 attin
1171 3687 1228 3748 reo

92 3791 380 3876 sacillottjavakbol
397 3791 521 3878 Megyos
538 3791 698 3877 Radodny
722 3791 754 3853 e‘s
778 3789 1005 3874 Loaohafoloa
1029 3798 1110 3854 aeoli
1133 3791 1227 3856 hirto·

91 3898 200 3980 solea
217 3899 339 3985 melyok
365 3899 493 3964 Komlos
517 3907 598 3964 aeoll
623 3899 721 3966 &tros
746 3899 926 3984 odrmepyei
942 3897 1139 3984 fobirokbol
1161 3923 1227 3964 sra-

191 4007 314 4072 kodtolr
330 4007 376 4086 ki,
389 4005 512 4072 Sooaosi
529 4005 657 4092 Gyorgy
670 4007 715 4086 fio
728 4006 830 4072 Jdoos
844 4007 928 4085 fiam
944 4007 1083 4070 ralozzo
1093 4009 1135 4072 cu.

201 4167 271 4234 Nos
298 4169 477 4252 capitulum
502 4166 635 4233 eoolesie
660 4165 833 4251 Agriensis
858 4167 1122 4250 significamus..
1141 4169 1228 4250 quod

90 4278 251 4361 magistro
265 4276 365 4342 Denlr
379 4273 446 4341 filio
462 4274 592 4341 Nioolai
608 4275 647 4341 de
664 4274 797 4342 Nekohe
822 4297 908 4340 nuno
933 4275 1006 4340 aule
1022 4277 1109 4358 regie
1125 4277 1227 4342 milite

89 4405 128 4449 ex
143 4408 224 4465 uns,
250 4390 284 4450 et
310 4385 467 4468 magistro
492 4383 647 4449 Ladislao
671 4383 738 4449 filio
763 4384 926 4449 Johannis
951 4383 1010 4448 filii
1031 4380 1166 4467 Georgii
1183 4383 1222 4448 de

89 4493 212 4560 Somrm
228 4514 287 4578 pro
304 4513 338 4558 se
354 4499 387 4558 et
402 4513 461 4576 pro
478 4491 621 4575 Georgia
646 4491 745 4558 Petro
771 4489 908 4556 Nioolao
932 4489 958 4554 J
960 4490 1085 4555 ohanne
1101 4490 1229 4556 Ivanka

88 4601 262 4687 Stephano
277 4605 311 4665 et
326 4601 431 4666 Paulo
446 4597 603 4665 fratribus
619 4599 687 4664 suis
703 4606 796 4682 parte
811 4598 853 4663 ab
869 4597 983 4676 altera,
1008 4618 1116 4663 soram
1133 4597 1225 4664 nobis

87 4709 310 4794 personaliter
325 4707 521 4787 constitutis,
544 4728 602 4792 per
619 4706 754 4772 eundem
779 4705 971 4792 magistrum
994 4704 1092 4771 Denlr
1109 4755 1115 4769 .
1132 4755 1139 4771 .
1155 4727 1227 4790 pro-

1069 4830 1119 4883 ao*
