3138 5462
520 419 614 480 1347.
631 433 701 480 eor.
719 421 770 482 18.
1129 419 1192 481 145

81 597 112 660 de
133 595 275 660 Wollrow
292 595 474 674 existentes
500 601 604 662 certas
630 603 662 660 et
686 617 779 662 veras
804 604 915 674 metas,
941 596 1193 680 presentibus..

80 701 244 768 homiuibus
260 703 383 768 domini
400 702 487 786 regis
504 707 536 766 et
552 703 745 768 testimoniis
762 703 839 768 dicti
856 704 991 786 capituli
1007 703 1193 786 Bonnensis,

81 831 130 894 que
145 831 200 894 per
214 811 322 892 ipsum
348 809 528 894 capitulum
542 809 584 874 ad
600 809 633 873 id
648 811 828 876 transmitti
853 810 1058 894 presentibus
1075 811 1193 876 amica·

80 918 171 983 biliter
185 918 396 1000 postulamus,
420 917 520 984 tercio
536 918 588 982 die
604 917 683 983 dicti
700 917 773 984 festi
789 919 877 984 beati
898 916 1033 1002 Georgii
1049 919 1193 984 martiris

80 1027 277 1092 ..ostendere
293 1033 326 1091 et
341 1027 522 1107 extradere,
533 1046 571 1091 ac
587 1027 678 1091 iuxta
694 1033 837 1091 veterum
854 1032 888 1091 et
903 1028 1112 1110 antiquarum
1128 1048 1193 1092 me-

79 1143 170 1200 tarum
194 1157 306 1200 cursus
332 1135 367 1199 in
391 1134 470 1199 locis
495 1135 686 1200 necessariis
711 1155 810 1200 novas
837 1141 940 1200 metas
966 1137 1137 1218 erigere..
1156 1156 1193 1199 ao

80 1244 227 1308 universas
243 1265 319 1308 suas
334 1243 447 1307 literas
464 1263 561 1326 super
586 1243 860 1326 impignoratione
881 1243 967 1308 dicte
984 1241 1193 1326 possessionis

79 1350 182 1417 Sumus
197 1352 359 1418 confectas
375 1353 408 1416 in
425 1372 539 1416 manus
555 1351 656 1434 ipsius
672 1351 820 1434 magistri
837 1350 970 1416 Andree
993 1351 1052 1417 filii
1063 1351 1193 1417 Nicolai

79 1460 119 1523 rel
132 1461 178 1523 sni
193 1460 414 1544 procuratoris
431 1459 542 1525 eodem
558 1459 611 1524 die
626 1461 660 1522 in
675 1459 757 1523 facie
776 1459 861 1524 dicte
877 1459 1096 1544 possessionis,
1114 1464 1193 1523 tem·

78 1588 142 1650 pore
156 1567 345 1632 statucionis
361 1568 514 1644 eiusdem,
531 1566 733 1650 presentibus
759 1567 838 1650 ipsis
864 1567 1046 1632 hominibus
1071 1567 1193 1632 domini

79 1675 149 1756 regis
165 1681 196 1739 et
211 1675 407 1741 testimoniis
422 1676 500 1740 dicti
512 1676 648 1759 capituli
665 1658 840 1758 assignare,
857 1681 889 1740 et
905 1677 1038 1758 insuper
1055 1675 1194 1757 quadra·

78 1785 155 1866 ginta
177 1805 303 1849 marcas
329 1786 469 1866 compoti
494 1783 653 1848 Budensis
671 1833 677 1846 .
694 1833 701 1847 .
717 1784 751 1846 iu
776 1782 900 1848 duobus
925 1785 1072 1849 terminis
1097 1783 1194 1848 infra·

78 1893 199 1974 scriptis,
232 1893 384 1958 videlicet
407 1893 522 1976 viginti
546 1913 674 1956 marcas
698 1891 732 1954 in
760 1892 932 1974 quindenis
957 1892 1094 1974 predicti
1120 1891 1194 1957 festi

76 1997 151 2063 beati
175 1995 310 2082 Georgii
334 2001 488 2082 martiris,
513 2000 688 2064 etiterum
718 1999 833 2081 viginti
864 2019 991 2064 marcas
1016 1999 1049 2062 in
1075 2000 1194 2064 octavis

78 2105 154 2170 beati
169 2107 286 2172 «iacobi
303 2108 442 2191 apostoli
457 2129 543 2173 nunc
561 2113 635 2191 post
660 2127 693 2172 se
713 2127 760 2172 se.
771 2107 916 2188 proxime
941 2107 1195 2187 succedentibus,

77 2215 248 2298 persolvere
265 2221 431 2282 teneretur
447 2237 556 2282 coram
572 2215 677 2296 nobis3
694 2215 814 2280 talibus
831 2214 1083 2298 obligationibus
1099 2218 1195 2281 intor-

77 2323 186 2407 positis,
201 2326 288 2408 quod
304 2328 332 2391 si
347 2327 450 2410 prime
474 2325 647 2390 solutionis
672 2326 846 2390 terminum
863 2325 1057 2403 obmitteret,
1074 2325 1193 2391 iudicio

77 2437 164 2499 trium
179 2457 362 2502 marcarum
377 2437 462 2501 idem
477 2439 633 2520 magister
658 2435 843 2520 Stephanus
869 2435 1059 2514 subiaceret,
1076 2437 1104 2500 si
1119 2455 1194 2500 vero

77 2545 242 2623 predictam
257 2548 489 2629 possessionem
506 2545 625 2612 Sumus
650 2546 712 2629 ipsi
738 2546 894 2629 magistro
912 2544 1045 2610 Andree
1061 2544 1119 2609 filii
1136 2544 1169 2609 N
1171 2545 1195 2607 i-

75 2653 152 2716 colai
178 2655 331 2738 premisse
362 2655 646 2738 impignoracionis
676 2655 772 2720 titulo
797 2653 884 2730 dare,
910 2659 943 2718 et
967 2674 1059 2718 veras
1091 2659 1195 2718 metas

74 2759 153 2826 dicte
177 2763 385 2844 possessionis
411 2763 573 2828 Zelenzad
597 2767 709 2828 vocate
735 2783 774 2826 ex
799 2769 891 2845 parte
908 2761 1118 2846 possessionis
1137 2783 1195 2826 sue

75 2867 279 2952 Dywanfolua
294 2877 406 2936 vocate
432 2871 612 2954 extradere,
639 2877 672 2936 et
696 2869 789 2935 iuxta
814 2876 959 2935 veterum
985 2892 1023 2934 ac
1048 2891 1195 2934 verarum

74 2983 224 3044 metarum
250 3001 365 3044 cursus
390 2981 424 3043 in
449 2981 528 3045 locis
553 2979 742 3044 necessariis
767 2999 859 3044 veras
884 2984 987 3043 metas
1007 2979 1130 3061 erigere
1146 2977 1196 3042 vel

73 3085 151 3166 erigi
165 3086 277 3166 lacere,
293 3108 332 3150 ac
347 3086 527 3171 predictam
552 3087 700 3152 nltimam
725 3086 919 3152 solucionem
944 3087 1057 3170 viginti
1073 3108 1196 3152 maroa-

73 3213 143 3256 rnm
165 3193 343 3275 persolvere
369 3194 402 3258 in
425 3193 572 3258 terminis
597 3195 808 3276 preaesumtis
834 3215 898 3258 non
924 3199 1061 3276 curaret,
1078 3199 1196 3258 extunc

72 3299 104 3362 in
121 3301 287 3366 succubitu
304 3301 405 3366 duelli
428 3301 506 3366 facti
522 3301 712 3384 potencialis
728 3303 972 3367 convinceretur
997 3322 1034 3366 eo
1062 3300 1148 3366 facto
1165 3351 1171 3366 .
1188 3349 1195 3364 .

71 3409 182 3472 seriem
197 3413 306 3474 autem
331 3410 521 3474 statucionis
537 3409 681 3493 predicte
706 3409 914 3492 possessionis
941 3408 1059 3474 Sumus
1085 3415 1197 3474 vocate

71 3523 102 3578 et
118 3521 275 3581 metarum
300 3518 501 3583 ereccionum
516 3539 555 3582 ao
570 3517 739 3582 metalium
763 3517 1010 3583 distinccionum
1036 3517 1196 3582 dictarum

70 3622 205 3688 ‹luarnm
221 3625 459 3707 possessionum
484 3623 647 3688 Zelenzad
662 3631 695 3688 et
710 3623 925 3708 Dywanfolua
951 3630 1137 3688 vocatarum
1154 3623 1195 3688 ad

70 3729 173 3795 dictas
195 3739 323 3797 octavas
347 3732 434 3796 beati
459 3731 577 3797 Jacobi
603 3731 750 3816 apostoli,
777 3738 886 3815 partes
910 3732 943 3795 in
968 3731 1071 3796 literis
1096 3731 1197 3814 ipsius

69 3839 201 3921 capituli
231 3839 409 3904 Bonnensis
439 3839 531 3904 nobis
569 3837 763 3904 tenebuntur
794 3844 969 3923 reportare.
1008 3839 1132 3904 Datum
1163 3841 1197 3903 in

69 3949 275 4033 Wyssegrad,
300 3949 488 4013 duodecimo
513 3947 564 4013 die
589 3953 776 4014 octavarum
801 3948 866 4012 diei
891 3947 1103 4014 Strennarum
1128 3969 1199 4030 pre-

68 4057 236 4138 dictarum,
263 4077 348 4122 anno
374 4057 495 4121 domini
519 4055 692 4123 Modum
714 4056 818 4122 ΧΠ10
843 4058 966 4139 quinto.
983 4054 1099 4118 -Tenor
1122 4074 1197 4118 vero

68 4164 236 4230 literarum
252 4163 388 4248 capitoli
403 4164 579 4229 Bonnensis
604 4167 663 4247 per'
678 4165 786 4228 omnia
801 4165 829 4228 is
845 4171 910 4228 est:
933 4162 1003 4228 Nos
1018 4162 1197 4245 capitulum

68 4273 202 4336 ecclesie
217 4273 407 4338 Bozniensis
424 4275 575 4338 memorie
586 4272 845 4338 commendamus
855 4293 913 4356 per
922 4277 1095 4356 presentes,
1112 4271 1199 4351 quod

67 4401 141 4444 cum
170 4382 341 4446 secundnm
366 4382 613 4445 continenciam‘
624 4380 794 4445 literarum
819 4379 982 4462 magnifici
997 4379 1057 4443 riri
1074 4380 1198 4443 comitis

69 4487 169 4552 Pauli
185 4487 297 4553 iudicis
313 4491 402 4554 curie
418 4490 538 4554 domini
554 4491 649 4573 regis,
666 4488 849 4572 Stephanus
874 4488 958 4553 filius
984 4487 1141 4571 Stephani
1159 4487 1199 4551 de

65 4595 226 4658 llorouth
251 4597 413 4678 quandam
437 4597 670 4682 possessionem
696 4595 815 4664 Sumus
832 4603 976 4662 vocatam
993 4597 1026 4659 in
1043 4595 1198 4660 comitatu

111 4727 267 4765 ascensori
283 4719 455 4766 ornlrrrls.
471 4731 497 4766 v.
514 4723 613 4774 xorsr,
1060 4726 1091 4772 lo
