3180 5470
557 518 651 582 1351.
669 523 739 580 nlo.
760 521 789 580 s.

629 700 703 760 284.

109 855 203 916 13:31.
222 854 325 935 Budo,
343 859 416 940 mdj.
433 857 462 918 8.
490 856 515 918 I.
537 857 627 942 Lujos
643 856 752 941 kirtly
766 854 855 920 Orous·
866 856 1035 923 Aodrdse‘s
1048 857 1238 938 Dc‘ucaflai-

102 965 167 1026 riola
184 966 379 1048 rrchduppju
396 965 476 1047 kopp
492 987 512 1026 α
529 965 773 1048 Marpit-sziqeti
788 967 928 1050 opdczu'ls
946 967 1084 1029 ceolnolct‘
1100 965 1238 1029 dirtolr-u'-

367 1074 429 1135 nole
445 1071 683 1156 elfoplolo'sdto‘l
697 1070 969 1156 tarldzlcodjaoalc.

213 1233 395 1300 Lodovicus
413 1283 419 1297 .
436 1286 443 1298 .
467 1255 546 1298 rex.
564 1284 570 1297 .
594 1233 739 1299 Johanni
756 1241 789 1298 et
803 1233 941 1300 Nicolao
957 1233 1031 1299 filiis
1048 1235 1181 1299 Andree
1201 1255 1239 1299 ae

101 1339 272 1424 Stephano
289 1343 356 1406 filio
372 1343 522 1427 Dionysii
538 1343 577 1407 de
594 1342 683 1409 Oheu
702 1393 708 1408 .
726 1394 732 1407 .
757 1345 888 1411 Dicitur
904 1347 996 1412 nobis
1012 1349 1045 1411 in
1062 1368 1236 1430 persona..

101 1451 397 1516 sanctimonialium
415 1451 454 1516 de
471 1453 584 1516 lnsula
601 1451 772 1535 leporum,
785 1455 871 1537 quod
895 1477 951 1520 ros
977 1456 1140 1536 quandam
1162 1477 1236 1539 par-

101 1557 239 1622 ticulam
256 1566 342 1624 terre
359 1561 502 1642 ipsarum
519 1562 561 1624 ad
577 1563 811 1642 possessionem
836 1582 948 1627 earum
974 1563 1123 1630 Gholnuk
1139 1564 1236 1645 perti·

99 1673 240 1748 nentem,
251 1689 323 1731 cum
341 1669 478 1750 quodam
491 1675 583 1751 prato
602 1671 828 1752 occupassetis‚
839 1691 915 1734 usus
932 1677 965 1734 et
981 1672 1141 1736 utilitates
1151 1671 1232 1738 eius-

99 1773 173 1836 dem
190 1775 414 1858 percipiend03
430 1776 540 1841 decem
555 1777 669 1858 iugera
685 1798 784 1841 avene
810 1799 868 1860 per
893 1800 967 1843 suos
987 1779 1171 1862 iobagiones
1196 1777 1234 1841 de
1298 1855 1301 1860 Ι

99 1881 254 1947 Cholnuk
270 1905 354 1947 enno
372 1884 404 1946 in
420 1883 561 1965 presenti
577 1884 736 1948 seminata
755 1905 812 1966 per
822 1904 938 1968 pecora
954 1885 1079 1950 destrui
1095 1892 1128 1950 et
1143 1887 1234 1968 peni·

99 1997 151 2054 tus
168 1992 346 2056 annihilari
363 1991 537 2063 fecissetis;
552 1991 637 2056 unde
653 2013 724 2055 cum
740 2013 798 2056 nos
823 1993 982 2057 neminem
1008 2015 1064 2058 suo
1080 1994 1150 2057 iure
1166 1993 1233 2076 pri-

98 2100 177 2175 vari,
188 2099 244 2163 sed
263 2100 439 2180 quemlibet
455 2102 488 2163 in
506 2101 572 2164 suis
590 2099 713 2163 iuribus
733 2099 928 2166 indemniter
954 2121 1143 2165 conservare
1159 2102 1235 2165 veli-

98 2228 219 2271 mus..
244 2205 392 2271 fidelitati
417 2213 521 2271 vestre
545 2205 637 2270 firmo
661 2208 750 2289 regio
775 2207 835 2271 sub
860 2207 963 2271 edicto
980 2207 1095 2272 damus
1112 2209 1145 2272 in
1161 2230 1232 2291 pre-

97 2314 211 2396 ceptis,
236 2303 397 2396 quate'nus
422 2315 601 2398 predictum
626 2315 823 2396 particulam
847 2321 932 2378 terre
958 2337 1030 2379 cum
1056 2323 1151 2398 prato
1172 2339 1231 2400 per

96 2443 151 2482 vos
168 2422 264 2485 modo
280 2423 435 2505 premisso
460 2428 659 2504 occupatam,
683 2423 857 2499 remittere,
881 2423 920 2486 de
937 2423 1126 2506 damnisque
1142 2425 1231 2489 iuba·

98 2528 250 2610 gionibus
267 2529 452 2594 earumdem
468 2530 671 2594 dominarum
688 2529 835 2593 similiter
851 2550 974 2612 perros
990 2537 1022 2594 et
1037 2531 1079 2594 ad
1094 2552 1149 2596 ros
1159 2553 1231 2615 per·

96 2639 239 2703 tinentes
257 2640 417 2722 irrogatis,
435 2639 622 2704 satisfacere
639 2637 791 2720 debeatis,
816 2660 836 2702 a
861 2639 955 2703 modo
975 2661 1089 2706 manus
1105 2649 1230 2707 vestras

97 2745 136 2809 de
154 2749 365 2829 percepcione
381 2747 560 2811 utilitatum
577 2745 719 2828 predicte
736 2745 896 2829 particule
911 2753 997 2811 terre
1014 2754 1046 2812 et
1061 2751 1148 2831 prati
1164 2770 1230 2813 om-

95 2841 173 2917 nino
199 2855 402 2932 retrahendo,
433 2854 522 2918 aliud
547 2854 630 2918 sicut
654 2860 798 2918 nostram
823 2855 946 2937 regiam
971 2856 1229 2939 indignacionem

94 2963 241 3042 graviter
262 2963 427 3026 incurrere
451 2961 641 3039 formidatis,
656 2982 720 3025 non
745 2961 869 3028 facturi.
901 2961 1026 3030 Datum
1052 2965 1153 3042 Bude,
1177 2967 1229 3030 die

94 3069 258 3134 dominico
273 3071 419 3152 proximo
436 3079 509 3153 post
523 3071 642 3134 festum
657 3069 863 3134 Invenoionis
880 3077 990 3134 sancte
1006 3073 1118 3150 erucis,
1144 3094 1229 3137 anno

95 3177 220 3241 domini
237 3179 311 3242 M¹¹¹⁰
328 3175 448 3245 Odon
466 3179 731 3260 quinquagesimo
747 3178 860 3259 primo.

204 3340 324 3402 Papiron
336 3339 482 3402 hatlapjsin
496 3355 512 3389 a
525 3341 616 3402 kirtly
635 3342 738 3404 gydrds
752 3338 933 3404 pecsetjdvel;
959 3341 1089 3405 eredetije
1103 3358 1135 3391 az
1158 3357 1227 3394 orsz.

93 3433 125 3478 lt.
150 3430 251 3480 kinost.
265 3436 332 3479 oszt.
346 3432 420 3479 Mon.
434 3431 467 3480 V.
480 3430 549 3478 Bud.
565 3435 588 3480 2.
606 3434 644 3478 15.
658 3430 725 3492 dipl.
739 3434 806 3478 oszt.
820 3435 898 3480 4191.
912 3431 994 3480 Kozli
1006 3448 1011 3480 :
1025 3432 1134 3480 Kovdes
1144 3433 1178 3481 N.

622 3723 695 3783 285.

98 3884 192 3946 1351.
210 3883 314 3960 Bada,
331 3886 404 3966 mail·
420 3883 450 3946 8.
481 3881 596 3944 Tomds
612 3881 790 3964 orszdpbird
809 3905 829 3944 a
847 3881 923 3944 Sods
946 3881 1059 3944 Miltlo'o
1083 3904 1096 3942 a
1115 3881 1225 3964 Kendy

96 3993 195 4054 (tl-os
211 3995 242 4054 e's
266 3993 368 4054 ltirsai
384 3991 451 4052 ludat
468 3991 570 4054 Sriodr
586 3991 615 4052 (ἴε
633 3989 664 4050 F
662 3989 784 4050 ollandi
808 3997 887 4050 nevit
913 3989 1052 4053 birtokot
1079 3990 1222 4072 datdlp'a‘·

374 4103 450 4161 rcisu
467 4099 552 4159 indul
559 4095 649 4180 folpt
660 4105 730 4179 pert
751 4095 941 4179 ollulasztja.

201 4260 271 4326 Nos
288 4261 429 4325 Thomas
445 4259 541 4322 iudex
557 4259 644 4322 curie
662 4306 668 4321 .
686 4307 691 4319 .
716 4264 750 4326 et
774 4277 878 4321 comes
904 4257 943 4321 de
960 4257 1094 4322 Turuch
1110 4256 1223 4321 damus

90 4389 149 4450 pro
166 4370 331 4444 memoria,
348 4367 431 4448 qnod
458 4387 588 4431 oausam
608 4387 706 4447 quum
723 4363 878 4430 Nicolaus
894 4363 979 4429 filius
995 4365 1121 4429 Detrici
1145 4365 1223 4428 dicti

90 4476 189 4554 Snus,
207 4497 265 4559 pro
282 4497 345 4557 quo
362 4475 517 4556 Mathyus
533 4473 617 4536 filius
628 4473 770 4537 Emerioi
788 4522 794 4534 .
811 4524 817 4536 .
843 4473 957 4553 astitit,
968 4478 1080 4536 contra
1091 4471 1222 4538 Leukus

92 4585 194 4649 lilium
214 4583 309 4664 Pons,
320 4583 510 4647 Ladisluum
528 4588 559 4646 et
570 4581 748 4646 Henric-um
760 4579 842 4644 filios
854 4579 1025 4645 Michaelis
1042 4581 1081 4646 de
1091 4579 1220 4665 Kendy,

90 4714 154 4774 quo
171 4691 300 4773 quidem
325 4691 451 4754 [reulus
469 4697 602 4766 mortuo,
621 4711 677 4771 pro
704 4695 796 4769 parte
823 4687 963 4750 eiusdem
991 4691 1023 4751 iu
1049 4687 1218 4750 Nicolaum

138 4827 292 4862 axoriuuour
310 4813 480 4859 oratoriis.
499 4825 523 4859 v.
542 4815 634 4856 ultre-1¹.
1079 4820 1112 4862 30
