3226 5462
572 490 667 552 1347.
684 493 754 552 uls.
774 491 802 551 7.
1212 491 1255 551 45

119 684 239 728 corone
257 665 344 750 regie
360 686 419 749 pro
435 668 596 732 communi
613 667 742 732 iusticia
758 666 999 742 observandam,
1031 673 1118 733 tacto
1135 667 1256 731 vivifice

119 773 227 838 crucis
238 772 326 856 ligno
336 775 506 857 prestitam
516 774 708 841 haberemus
719 777 910 857 requisitos;
928 774 1059 840 tandem
1075 776 1257 852 vicecomes,

119 879 246 946 iudices
262 879 419 946 nobilium
436 889 468 946 ct
485 883 582 946 iurati
599 903 776 948 assessores
801 883 844 947 ad
870 883 1005 947 eandem
1021 881 1118 947 fidem
1134 889 1165 947 et
1182 882 1254 947 fide·

119 987 249 1052 litatem
275 995 419 1072 tempore
445 991 593 1072 potencie
618 1011 715 1073 super
740 990 887 1074 predicta
912 991 1113 1075 possessione
1140 991 1257 1074 Icreny

120 1095 227 1178 ipsam
243 1097 450 1162 tributariam
462 1099 678 1194 ,exactionem
695 1119 728 1164 se
745 1100 826 1164 scire
852 1097 971 1164 factam
997 1099 1157 1163 exstitisse
1185 1120 1257 1162 oon-

119 1203 211 1267 cordi
228 1204 457 1271 testificacione
481 1204 693 1271 affirmarunt.
718 1205 842 1271 Datum
859 1205 909 1270 die
926 1213 959 1271 et
974 1207 1044 1272 loco
1071 1208 1258 1291 prenotatis,

120 1331 207 1374 amm
224 1311 346 1377 domini
362 1313 538 1378 Millesimo
555 1315 780 1380 trecentesimo
797 1314 1048 1399 cluadragesimo
1065 1316 1210 1398 septimo.

232 1443 317 1493 Garai
328 1444 428 1494 Miklos
442 1445 585 1494 uddornak
599 1451 674 1496 1419.
682 1443 743 1506 jun.
756 1445 819 1496 sen
830 1445 887 1493 kelt
900 1445 1045 1509 »nragister
1056 1445 1212 1508 Stephanus
1223 1444 1257 1494 de

121 1533 227 1582 Kamisa
241 1539 269 1582 et
283 1535 302 1584 J
303 1533 425 1582 ohannes
438 1534 512 1582 filius
525 1535 642 1583 condam
664 1533 772 1582 Nicolai
786 1533 819 1582 de
832 1535 927 1582 eadem
941 1535 1060 1584 Kanisa«
1076 1534 1200 1583 scamara
1213 1533 1256 1581 'ki-

121 1623 425 1684 boesatottiteletebbl,
448 1625 577 1686 melyuek
600 1623 730 1686 credetije
753 1638 870 1688 nregvan
892 1639 923 1676 az
947 1638 1016 1672 orsr..
1031 1625 1061 1672 lt.
1076 1625 1174 1674 kincst.
1189 1631 1258 1673 oszt.

121 1711 155 1760 N.
169 1713 205 1761 R.
218 1711 252 1761 A.
270 1718 346 1764 1017.
361 1717 402 1760 33.
416 1712 482 1774 dipl.
497 1714 527 1762 lt.
542 1718 635 1764 1o754.
656 1714 755 1762 Kozli:
775 1713 884 1762 Kovacs
897 1713 930 1762 N.

665 2025 719 2086 24.

132 2180 227 2244 1347.
247 2181 378 2260 Gtorbr,
397 2185 471 2265 mctj.
490 2185 518 2245 7.
539 2179 655 2248 Θόφηόν
670 2188 835 2271 cdrroepye
850 2185 1054 2271 uerapdujae‘s
1069 2183 1260 2269 azolqublra'i

123 2289 197 2352 elau
207 2287 538 2377 Szenrttrelyisimon
548 2291 637 2374 easta,
649 2291 889 2358 birtokre'szllket
903 2293 1116 2378 Szentlcirdlyi
1129 2292 1257 2356 Milrlo‘s·

411 2399 475 2464 calc
489 2401 519 2464 ts
541 2399 722 2465 Temesaea
739 2401 866 2486 zeloque
882 2402 990 2486 adjut.

235 2559 305 2625 Nos
321 2561 476 2645 magister
491 2561 643 2627 Andreas
660 2563 806 2646 magistri
817 2564 978 2629 Johannis
990 2565 1171 2629 vicecomes
1189 2585 1259 2646 pro·

125 2671 229 2736 sincie
247 2671 476 2740 Gumuriensis
492 2695 530 2737 ac
546 2680 687 2754 quatuor
703 2675 825 2739 iudices
844 2674 999 2740 nobilium
1016 2674 1177 2760 provincie
1194 2694 1258 2738 me-

124 2787 251 2844 morate
268 2829 274 2843 .
292 2829 299 2844 .
316 2779 540 2846 declaramus.
559 2831 565 2844 .
583 2780 669 2862 quod
685 2779 797 2848 Simon
822 2781 909 2848 filius
934 2781 1051 2847 Jacobi
1077 2780 1193 2846 nobilis
1219 2781 1259 2844 de

126 2885 313 2952 Scentkiral
330 2911 367 2953 ac
384 2889 541 2955 Nicolaus
557 2889 643 2954 filius
670 2890 811 2954 eiusdem
837 2911 876 2954 ex
903 2913 976 2969 una,
1001 2897 1095 2974 parte
1119 2911 1193 2953 vero
1219 2889 1260 2952 ab

125 2996 233 3060 altera
249 2995 406 3063 Nicolaus
422 2997 509 3062 filius
521 2997 629 3080 Bolug
639 3018 677 3062 ac
687 2997 829 3062 Thomas
845 2998 931 3063 lilius
947 2997 1120 3062 laurencii
1136 2995 1259 3062 nobiles

125 3103 166 3167 de
183 3103 295 3168 eodem
313 3103 505 3183 Scentkiral,
519 3105 733 3189 personaliter
758 3127 867 3170 coram
886 3105 977 3170 nobis
1002 3106 1177 3182 constituti,
1202 3127 1260 3188 per

126 3211 256 3276 eosdem
267 3209 429 3278 Simonem
441 3221 471 3279 et
482 3213 655 3278 Nicolaum
665 3212 805 3278 relatum
822 3263 829 3276 .
847 3264 852 3278 .
870 3213 1016 3280 exstitit.
1034 3266 1039 3278 .
1058 3213 1145 3294 quod
1162 3233 1260 3277 unam

125 3320 324 3402 particulam
341 3323 624 3404 possessionariam
634 3321 787 3405 ipsorum,
797 3320 881 3386 inter
897 3320 1075 3404 particulas
1090 3321 1260 3402 possessio·

126 3429 240 3493 narias
256 3429 475 3512 predictorum
491 3427 622 3494 Nicolai
633 3434 665 3493 et
675 3429 798 3496 Thomc
805 3429 966 3493 inclusam
983 3479 989 3492 .
1007 3477 1014 3492 .
1029 3449 1102 3492 cum
1113 3427 1261 3492 omnibus

126 3535 328 3601 utilitatibus
345 3537 413 3601 suis
429 3586 435 3600 .
453 3588 458 3600 .
476 3537 509 3601 in
525 3537 637 3601 eadem
654 3536 838 3603 Scentkiral
854 3537 1052 3618 existentem,
1068 3535 1150 3600 adie
1170 3535 1260 3599 ‹lata-

126 3667 202 3710 rum
217 3646 421 3729 presencium
437 3645 593 3728 incipiens
603 3666 705 3728 usque
721 3645 764 3710 ad
780 3645 913 3710 terciam
928 3629 1261 3710 revolucionem'eius-

126 3753 203 3818 dem
219 3755 349 3818 termini
374 3755 556 3834 annualem,
581 3774 640 3838 pro
665 3753 791 3819 duabus
816 3755 933 3818 marcis
958 3775 1142 3837 grossorum
1168 3752 1261 3836 plene

125 3861 377 3946 persolutorum,
386 3863 541 3945 predictis
550 3861 686 3927 Nicolao
699 3885 734 3927 er
744 3861 867 3928 Thome
883 3861 1010 3945 pignori
1027 3860 1260 3943 obligassent..

126 3990 165 4033 eo
176 3969 281 4046 modo,
298 3975 334 4033 ut
350 3971 376 4035 si
392 3970 426 4034 in
442 3971 512 4053 ipsc
528 3971 627 4035 tercio
643 3971 781 4034 termino
798 3990 895 4053 super
910 3969 988 4052 ipsis
1004 3967 1128 4032 duabus
1144 3968 1262 4032 marcis

127 4083 160 4142 et
176 4099 243 4142 non
259 4079 365 4143 miuus
382 4078 537 4143 redimere
553 4084 683 4162 possent
699 4077 780 4142 bene
797 4076 935 4158 quidem,
957 4075 1102 4156 alioquin
1126 4073 1262 4140 liberam

127 4185 289 4251 haberent
304 4185 490 4252 facultatem
510 4187 639 4267 quando
656 4191 795 4268 possent.
815 4185 939 4250 Datum
964 4186 997 4248 in
1022 4183 1099 4248 silla
1124 4181 1262 4262 Gumur,

128 4297 213 4361 seria
229 4295 372 4361 secunda
388 4297 535 4379 proxima
551 4302 627 4360 ante
654 4295 773 4360 festum
798 4293 1008 4360 Ascensionis
1024 4291 1152 4364 domini,
1177 4311 1262 4356 anno

127 4403 252 4469 domini
269 4403 321 4469 M⁰
346 4401 443 4472 000ο
467 4403 572 4468 XL²¹¹⁰
589 4407 733 4488 septimo.

238 4529 392 4596 Hatlapjan
405 4534 434 4582 ot
447 4535 550 4597 gyi'rrlls
561 4532 650 4595 peccet.
663 4531 831 4595 uyomairal.
844 4528 982 4592 Eredetije
996 4545 1027 4578 az
1041 4543 1110 4577 orez.
1121 4529 1152 4577 lt.
1163 4527 1262 4578 kinest.

128 4633 198 4674 oszt.
213 4624 248 4673 N.
262 4625 296 4673 R.
311 4624 344 4673 A.
359 4629 419 4674 694.
434 4629 458 4673 8.
472 4625 539 4687 dipl.
553 4625 583 4673 lt.
599 4629 677 4673 3904.
697 4623 795 4672 Kitzli:
816 4622 925 4670 Kordcs
938 4621 971 4669 N.

618 4748 658 4754 ...-
672 4746 737 4758 ,φ-
758 4747 778 4752 .-
