3188 5476
338 529 401 588 600
735 541 922 585 aurouuonr
941 527 1155 585 (instaurata.

338 704 486 769 videlicet
509 703 610 785 ipsius
636 703 758 784 piscine
791 701 1080 767 Salamonneteche
1112 723 1213 786 supra
1245 709 1381 766 meatum
1411 723 1461 766 seu

338 833 466 878 cursum
493 811 634 878 eiusdem
651 809 739 876 fluvii
755 833 857 894 usque
883 818 984 876 metas
1008 809 1193 894 Feyerthou
1209 813 1242 884 in
1258 810 1405 894 porcione
1420 833 1465 875 eo-

338 921 483 986 rumdem
509 919 634 984 Thorne
659 925 692 984 et
717 919 939 983 Bartholomei
964 918 1106 983 filiorum
1138 919 1228 983 Petri
1254 924 1286 983 et
1311 917 1465 984 Johannis

338 1029 398 1093 filii
423 1028 528 1106 Pauli,
554 1028 619 1091 alia
645 1047 720 1091 vero
743 1027 899 1091 medietas
916 1027 1065 1090 similiter
1082 1049 1152 1092 cum
1165 1033 1259 1094 terra
1275 1029 1307 1090 in
1324 1029 1465 1109 porcione

339 1134 467 1201 Nicolai
484 1142 516 1200 et
532 1135 627 1200 Pauli
646 1135 786 1198 filiorum
804 1132 937 1200 Andree
954 1134 1171 1216 predictorum
1186 1141 1397 1215 remanerent,
1413 1137 1466 1200 tali

341 1244 444 1322 mode,
476 1242 563 1326 qnod
595 1242 853 1326 quandocunque
885 1243 982 1308 iidem
1016 1243 1170 1308 Nicolaus
1203 1248 1235 1307 ot
1264 1243 1388 1307 Paulus
1414 1243 1468 1308 filii

340 1351 473 1419 Andree
489 1350 673 1434 ubicunque
689 1371 787 1433 super
803 1356 892 1414 terra
910 1351 942 1414 in
959 1350 1029 1434 ipso
1045 1348 1142 1414 fluvio
1160 1350 1272 1415 Draue
1289 1351 1339 1414 vel
1356 1351 1389 1415 in
1405 1353 1469 1434 ipsa

340 1461 464 1546 piscina
495 1455 793 1566 Abolmapneteebe
825 1458 942 1522 vadum
968 1479 1024 1522 seu
1051 1459 1226 1524 transitum
1259 1459 1366 1524 lacere
1396 1461 1470 1524 nite-

340 1572 463 1645 rentur,
502 1572 621 1631 extunc
652 1565 774 1647 absque
806 1567 892 1629 omni
923 1566 1153 1650 impedimento
1185 1587 1310 1649 semper
1341 1567 1470 1632 liberam

341 1675 508 1742 habebunt
533 1673 672 1738 faciendi
688 1672 739 1736 vel
754 1673 963 1737 conservandi
984 1674 1189 1755 facrdtatem;
1215 1681 1365 1757 preterea
1381 1675 1471 1740 iidem

343 1783 485 1849 Thomas
511 1787 545 1846 et
568 1781 818 1846 Bartholomeus
835 1780 893 1845 filii
910 1781 999 1846 Petri
1027 1803 1065 1847 ac
1091 1783 1259 1847 Jobannes
1278 1782 1366 1848 filius
1383 1784 1472 1848 Pauli

343 1897 500 1956 eteorum
517 1889 660 1966 heredes,
678 1910 773 1972 super
790 1891 930 1972 piscinis,
950 1889 1098 1959 videlicet
1115 1889 1380 1968 Mendenesfolra‚
1396 1891 1472 1956 Pen·

343 1999 485 2076 tulfoka,
510 1997 673 2074 Darooba,
699 2003 732 2061 et
758 1995 1132 2082 Abolmaynetecheloka
1149 2001 1281 2077 vocatis
1303 2021 1428 2084 semper
1444 2007 1474 2066 et

343 2109 377 2173 in
402 2107 488 2172 omni
513 2111 657 2188 tempore
682 2111 794 2188 pontes
825 2127 1013 2170 conservare
1045 2114 1240 2184 tenerentur,
1268 2107 1327 2172 tali
1353 2108 1474 2173 viuculo

345 2215 516 2291 mediante,
540 2214 625 2296 quod
642 2214 667 2278 si
685 2213 770 2280 idem
787 2214 928 2279 Thomas
945 2221 976 2278 et
992 2214 1242 2280 Bartholomeus
1259 2214 1318 2281 filii
1334 2216 1475 2280 Patriae

345 2324 371 2389 J
372 2324 514 2390 ohannes
538 2321 624 2387 filius
640 2323 737 2387 Pauli
757 2323 864 2388 omnia
881 2323 1039 2406 premissa
1055 2330 1089 2389 et
1105 2325 1233 2407 singula
1249 2325 1476 2408 premissorum

345 2434 378 2497 in
394 2437 461 2497 toto
477 2431 526 2496 vel
543 2431 576 2495 in
593 2436 687 2514 parte
704 2453 768 2494 non
784 2432 1000 2510 observarent,
1026 2437 1144 2496 extunc
1168 2433 1200 2495 in
1228 2433 1340 2515 viginti
1362 2433 1477 2498 marcis

346 2540 467 2624 absque
499 2539 613 2605 iudicis
653 2539 803 2622 porcione
836 2545 910 2603 ante
942 2539 1008 2604 litis
1039 2540 1220 2622 ingressum
1251 2540 1479 2624 persolvendis

346 2655 460 2713 contra
476 2653 669 2712 memoratos
685 2645 858 2712 Nicolaum
883 2653 917 2710 et
941 2647 1082 2712 Paulum
1101 2646 1186 2712 filios
1202 2645 1337 2712 Andree
1354 2651 1480 2714 convin-

347 2763 496 2823 cerentur
512 2777 548 2820 eo
566 2755 670 2834 fact03
694 2776 711 2818 e
728 2775 879 2819 converso
896 2760 1003 2819 autern
1020 2755 1117 2821 iidem
1133 2753 1289 2820 Nicolaus
1306 2761 1340 2820 et
1357 2757 1481 2822 Paulus

347 2863 544 2930 filiiAndree
555 2865 589 2928 in
600 2863 773 2945 aliqualem
783 2863 1199 2945 recompensacionemfacti
1209 2864 1483 2946 premissi,adata

348 2971 549 3058 presencium
575 2971 712 3054 singulis
738 2971 830 3035 annis
851 2970 994 3054 singulas
1010 2991 1122 3034 novem
1138 2993 1274 3050 marcas,
1301 2972 1483 3055 quamlibet

347 3101 490 3146 marcam
507 3101 578 3144 cum
604 3100 659 3143 sex
683 3079 791 3162 pensis
810 3079 952 3143 latorum
968 3079 1187 3143 viennensium
1204 3079 1245 3143 ad
1262 3081 1427 3144 racionem
1445 3081 1483 3144 de

348 3189 500 3270 Baranya
525 3187 748 3272 computando,
774 3186 806 3248 in
831 3185 955 3250 duobus
982 3187 1129 3252 terminis
1147 3186 1373 3270 infrascriptis,
1400 3189 1483 3254 vide-

348 3297 424 3361 licet
454 3295 657 3360 medietatem
688 3293 907 3377 predictarum
938 3315 1051 3360 novem
1082 3317 1264 3360 marcarum
1296 3295 1329 3359 in
1362 3297 1485 3360 oetavis

350 3403 535 3487 Epiphanio
546 3402 675 3480 domini,
693 3403 791 3467 aliam
807 3423 881 3468 vero
897 3402 1101 3468 medietatem
1120 3403 1151 3468 in
1169 3405 1290 3469 octavis
1307 3403 1373 3469 diei
1389 3405 1486 3470 medii

351 3509 606 3595 Quadragesime
632 3517 705 3593 post
734 3531 767 3576 se
794 3532 826 3575 se
853 3510 1120 3594 subsequentibus
1146 3531 1254 3576 coram
1279 3561 1308 3575 ..
1341 3513 1486 3596 capitulo

350 3619 482 3685 ecclesie
513 3617 865 3703 Quinqneecclesiensis
897 3619 1016 3684 eisdem
1048 3620 1171 3685 Thome
1197 3625 1230 3685 et
1255 3620 1488 3686 Bartholomeo

350 3725 425 3792 filiis
441 3727 531 3793 Petri
548 3749 586 3794 ac
602 3727 627 3792 J
628 3727 748 3792 ohanni
765 3726 829 3792 filio
846 3727 942 3792 Pauli
968 3735 1002 3794 et
1027 3749 1138 3793 eorum
1163 3727 1338 3794 heredibus
1358 3729 1438 3792 dare
1456 3737 1488 3794 et

351 3838 472 3903 solvere
489 3837 714 3900 assumsissent
731 3843 763 3901 et
778 3842 1002 3900 assumserunt
1017 3857 1125 3902 coram
1141 3837 1243 3916 nobis,
1259 3855 1379 3919 penam
1395 3835 1487 3919 dupli

352 3943 521 4022 incursuri,
546 3943 573 4009 si
589 3944 730 4028 aliquem
747 3945 891 4026 ipsorum
911 3946 1122 4010 terminorum
1136 3945 1170 4008 in
1187 3945 1296 4026 aliquo
1312 3963 1399 4008 anno
1415 3963 1488 4027 pre·

352 4055 488 4118 terirent
503 4053 699 4134 insolutum3
725 4055 891 4118 universas
918 4056 1018 4118 eciam
1044 4055 1157 4118 literas
1174 4075 1285 4118 eornm
1302 4053 1489 4135 inquisicio-

353 4161 442 4226 nales
468 4167 501 4224 et
525 4160 803 4244 prohibicionales,
826 4161 966 4243 exceptis
993 4161 1065 4225 aliis
1082 4162 1186 4226 literis
1202 4181 1299 4244 super
1316 4159 1490 4243 possessio-

353 4269 448 4334 nibus
473 4269 615 4352 ipsornm
641 4267 803 4346 confectis,
829 4268 1014 4351 specialiter
1038 4267 1230 4350 quibusdam
1247 4267 1353 4331 literis
1370 4267 1490 4330 nostris

354 4377 541 4462 patentibus
551 4376 769 4443 affirmatoriis
780 4397 818 4442 ac
827 4376 930 4442 literis
941 4377 1195 4461 privilegialibus
1211 4376 1333 4443 domini
1344 4374 1490 4440 Dionisii

355 4485 490 4551 condam
506 4483 651 4569 palatini,
667 4485 734 4569 ipse
751 4490 860 4567 partes
886 4506 906 4550 a
931 4484 983 4549 die
998 4485 1149 4550 datarum
1166 4483 1370 4568 presencium
1387 4505 1490 4566 nsque

354 4594 449 4659 modo
465 4599 630 4659 emanatas
647 4594 732 4657 inter
748 4614 781 4656 se
799 4593 1027 4657 commiserunt
1050 4601 1193 4658 mortuas
1210 4597 1242 4656 et
1257 4591 1381 4656 viribus
1398 4613 1491 4676 pror·

355 4723 409 4766 ans
425 4701 583 4766 carituras
607 4751 613 4764 .
629 4752 635 4764 .
658 4700 783 4766 Datum
800 4699 901 4778 Bude,
917 4699 997 4765 seria
1013 4705 1104 4764 sexta
1119 4699 1266 4784 proxima
1276 4703 1354 4763 ante
1366 4697 1489 4762 festum
