3192 5466
524 459 619 520 1349.
637 475 735 519 usar.
756 460 805 520 18.
1156 461 1219 522 269

91 635 201 701 eadem
217 634 348 700 domina
364 633 464 700 Clara
480 635 548 700 filia
563 636 725 702 Dominici
753 637 888 721 coniuge
913 637 1056 704 eiusdem
1075 639 1228 722 magistri¹
1279 687 1282 694 .

90 745 180 810 Petri
196 743 255 810 filii
270 745 432 808 ‹lohannis
449 745 488 808 de
505 743 622 810 Somne
638 795 645 808 .
663 793 670 807 .
687 766 725 808 ex
741 745 846 810 altera
867 747 970 810 nostri
995 747 1029 810 in
1055 747 1222 831 presencia

91 854 276 918 constitutis
292 859 325 916 et
342 853 503 918 iusticiam
528 852 589 918 sibi
613 854 771 936 impertiri
796 853 1045 937 postulantibus,
1069 876 1128 938 per
1152 876 1222 937 pre·

91 963 214 1028 dictum
242 960 368 1043 Joseph
392 960 495 1025 filium
511 960 640 1026 Nicolai
666 961 705 1025 (10
730 960 974 1046 Mathyasialua
999 983 1057 1046 pro
1082 963 1223 1028 tuicione

90 1072 192 1154 ipsius
209 1069 336 1135 domine
353 1070 450 1136 Clare
476 1069 587 1134 relicte
604 1069 765 1134 Dominici
794 1070 833 1134 de
858 1067 1002 1150 Nadasd,
1021 1071 1221 1155 protuicione

91 1179 169 1244 iuris
188 1179 330 1244 eiusdem
347 1177 474 1244 domine
491 1175 587 1242 (llare
603 1177 713 1243 relicte
733 1177 896 1242 Dominici
923 1185 955 1243 et
980 1180 1223 1246 conservacione

90 1288 329 1371 possessionum
354 1285 582 1369 predictarum,
607 1286 701 1350 litere
727 1287 862 1350 condam
887 1335 918 1350 ..
944 1287 1062 1352 Karoli
1087 1290 1173 1371 regis
1190 1337 1221 1352 ..

89 1401 218 1478 petente
236 1402 271 1460 et
285 1395 411 1460 volente
428 1395 573 1489 predicto
589 1395 689 1460 Petro
715 1393 781 1459 filio
797 1395 959 1460 dohannis
976 1397 1015 1461 de
1031 1397 1135 1481 Pollry
1150 1418 1224 1480 pro-

91 1509 240 1568 curatore
257 1504 358 1588 ipsius
374 1503 501 1567 domiue
519 1503 615 1570 Olare
632 1501 697 1567 filie
714 1503 876 1568 Dominici
902 1506 1059 1570 consortis
1075 1505 1223 1588 magistri

90 1613 180 1677 Petri
206 1611 265 1676 filii
291 1611 453 1676 lobannis
479 1610 518 1674 de
544 1609 669 1690 Somne,
702 1611 832 1676 fuerunt
856 1611 998 1677 exhibite
1024 1612 1110 1677 hunc
1136 1617 1224 1677 teno-

90 1743 156 1786 rem
184 1721 403 1785 continentes:
429 1719 574 1783 Karolus
601 1716 675 1802 (stb.
693 1719 795 1786 LIII.
813 1720 876 1786 ket.
896 1726 968 1786 349.
985 1719 1020 1804 l.)
1041 1721 1156 1804 quibus
1173 1742 1224 1785 ex-

93 1830 213 1908 hibitis,
240 1851 298 1912 per·
323 1829 458 1893 eundem
485 1829 619 1892 Petrum
644 1827 746 1892 filium
772 1829 934 1895 ‹lohannis
959 1830 998 1894 de
1023 1830 1128 1915 Polky
1153 1851 1225 1914 pro·

93 1944 274 2003 curatorem
292 1935 435 2020 predicte
449 1935 576 2000 domina
593 1936 689 2006 Olore
714 1936 779 2002 filie
795 1933 959 2002 Dominici
985 1945 1018 2002 et
1042 1938 1068 2004 J
1069 1939 1224 2022 osephnm

94 2046 195 2111 filium
221 2044 352 2110 Nicolai
378 2044 416 2108 de
442 2043 662 2127 Motyasfalua
694 2051 934 2126 procuratorem
960 2047 1087 2111 domine
1113 2045 1225 2110 relicte

91 2153 257 2218 Dominici
284 2153 437 2217 extiterat
462 2153 609 2234 petitum,
626 2158 662 2216 ut
688 2154 862 2218 seeundum
886 2160 1031 2218 tenorem
1056 2153 1225 2218 literarum

92 2261 252 2346 regalium
285 2261 504 2345 predictarum
535 2266 568 2324 et
600 2261 682 2326 alias
715 2262 826 2328 literas
853 2263 937 2327 inter
962 2264 1091 2328 easdem
1117 2271 1225 2346 partes

92 2371 258 2453 signanter
274 2371 308 2434 in
332 2391 483 2454 processu
508 2371 609 2454 ipsius
634 2391 730 2436 cause
747 2378 913 2437 emanatas
938 2371 1063 2436 iusticie
1089 2373 1225 2455 comple-

92 2484 236 2544 mentum
253 2479 493 2562 impertiremur
518 2481 603 2544 inter
619 2480 756 2544 easdem.
780 2479 827 2544 ut
841 2501 912 2544 cum
937 2479 1068 2545 tandem
1095 2501 1225 2546 oausam

90 2588 148 2652 sub
158 2609 216 2674 spe
226 2587 374 2653 habende
384 2589 482 2670 pacis,
492 2608 549 2672 per
559 2588 840 2671 interposicioncm
855 2589 1013 2656 baronum
1023 2595 1057 2654 et
1068 2589 1224 2654 nobilium

92 2697 259 2763 nobiscum
270 2696 460 2776 sedenciam,
477 2697 520 2761 ad
536 2698 713 2762 crastiuum
729 2699 871 2763 eiusdem
887 2697 1066 2764 volentibus
1077 2699 1224 2782 parcium

91 2803 357 2887 procuratoribus
383 2823 655 2887 prorogassemus,
679 2825 775 2888 porro
791 2803 943 2887 predictis
963 2805 1225 2888 procuratoribus

92 2917 238 2976 nostrum
254 2909 459 2974 iudiciariam
473 2916 677 2994 conspectum
688 2910 889 2992 adeuntibus,
906 2912 1104 2994 propositum
1121 2912 1227 2978 extitit

91 3041 150 3104 per
165 3020 296 3086 eosdem
312 3068 318 3081 .
336 3069 342 3082 .
359 3019 446 3100 quod
462 3019 538 3083 licet
547 3020 580 3084 in
591 3020 685 3086 lactis
696 3021 933 3103 possessionum
942 3021 1040 3085 sta
1049 3027 1082 3085 et
1092 3021 1227 3105 Obauay

90 3135 280 3192 vocatarum
296 3125 331 3189 in
344 3124 501 3190 comitatu
512 3126 552 3190 de
562 3124 749 3212 Abawyuar
765 3127 975 3193 existeneium
991 3133 1024 3192 01
1039 3127 1227 3193 habitarum

91 3234 349 3319 interpretatas
374 3233 520 3300 dominas
546 3241 726 3300 consortem
751 3236 868 3320 prefati
888 3237 1035 3320 magistri
1054 3235 1227 3302 Michaelis

90 3345 149 3410 filii
174 3344 199 3409 J
201 3343 339 3409 ohannis
365 3343 405 3406 de
429 3343 616 3427 Breznyche
640 3351 809 3428 tamquam
824 3345 985 3420 actricem,
1002 3351 1035 3410 01
1060 3345 1226 3428 coniugem

90 3454 243 3538 magistri
259 3451 352 3519 Petri
368 3451 427 3516 filii
442 3452 467 3519 J
469 3453 605 3518 ohannis
616 3453 655 3518 de
667 3453 783 3520 Somne
793 3475 851 3520 ceu
861 3455 894 3519 in
905 3475 1034 3520 eausam
1051 3459 1226 3519 attractam

90 3562 159 3626 litis
174 3562 316 3627 materia
331 3559 534 3643 litigiosaria
550 3581 588 3624 ao
604 3581 770 3642 processus
783 3560 960 3644 litigionari
977 3567 1064 3626 mota
1074 3567 1106 3624 01
1116 3567 1228 3625 exorta

89 3691 131 3735 ac
156 3670 284 3734 diucius
308 3668 464 3732 ventilata
490 3669 650 3734 extitisset
675 3691 782 3733 coram
808 3668 907 3747 nobis,
933 3675 1042 3734 tamen
1059 3669 1098 3733 (10
1115 3675 1227 3734 nostra

90 3777 228 3842 licencia
245 3776 418 3841 iudiciaria
443 3777 614 3855 mediante,
640 3777 680 3841 ob
697 3779 819 3842 sincere
845 3778 1028 3843 dileccionis
1054 3777 1225 3842 karitative

87 3885 285 3950 maternalis
301 3891 334 3949 et
349 3883 458 3950 filialis
475 3886 634 3950 naturalis
650 3885 872 3969 propagabilis
886 3907 1055 3963 connexus,
1072 3885 1227 3949 universis

88 3995 200 4058 causis
226 3992 451 4058 controversiis
476 3992 602 4057 iniuriis
623 3992 748 4058 damnis
767 3999 800 4058 et
816 3993 1014 4076 quibuslibet
1029 3993 1102 4058 aliia
1127 3993 1229 4062 eciam

87 4101 189 4166 lactis
205 4100 413 4185 potenciariis
430 4107 462 4165 01
478 4100 581 4165 literis
597 4100 897 4184 inquisicionalibus
914 4102 1044 4168 racione
1059 4101 1229 4186 premissa-

87 4231 169 4274 rum
185 4209 421 4292 possessionum
441 4229 498 4292 per
513 4207 625 4273 ambas
650 4215 759 4292 partes
784 4215 896 4274 contra
912 4231 980 4274 sese
996 4209 1141 4274 emanari
1157 4230 1229 4293 pro·

86 4318 236 4396 curatis,
268 4339 371 4399 usque
403 4315 512 4380 datam
544 4317 745 4398 presencium
770 4317 888 4382 habitis
914 4318 997 4382 inter
1022 4323 1141 4401 partes,
1173 4338 1230 4400 per

89 4425 366 4507 composicionem
382 4423 556 4508 proborum
575 4423 731 4489 nobilium
756 4425 897 4489 virorum
923 4426 1052 4490 omuino
1068 4425 1182 4508 sopitis
1198 4431 1230 4487 ct

86 4533 225 4610 sedatis,
243 4535 373 4618 penitus
384 4532 631 4598 concordassent
648 4585 653 4596 .
671 4585 677 4599 .
695 4555 731 4597 eo
742 4533 891 4614 modo,ut
904 4534 1092 4616 premissam
1110 4553 1230 4618 posses-

85 4642 217 4706 sionem
242 4639 331 4704 Ilsva
356 4645 501 4706 vocatam
528 4660 599 4703 cum
626 4639 774 4705 omnibus
796 4692 801 4705 .
820 4689 826 4702 .
844 4639 909 4703 suis
927 4692 932 4706 .
951 4692 956 4705 .
974 4641 1181 4723 pertinenciis
1199 4689 1229 4707 ..
