3188 5470
510 480 604 546 1351).
622 501 720 544 naar.
740 483 790 546 15.
1142 485 1204 546 365
1273 522 1277 532 ‚

86 659 274 746 quietatores
306 661 339 726 in
366 660 432 725 suis
458 661 662 743 porcionibus
686 663 946 746 possessionariis
971 663 1035 728 iam
1052 663 1162 728 divisis
1179 713 1209 726 ..

85 771 320 848 diminueretur,
337 777 454 837 extunc
474 771 579 837 altera
594 793 670 855 pars
686 773 849 838 tenebitur
866 775 1026 856 equaliter
1044 773 1084 838 de
1108 773 1210 857 porci-

86 901 136 943 one
154 899 213 943 sua
229 881 482 962 possessionaria
498 878 632 963 pacifica
648 880 682 944 id
698 879 919 946 fraternaliter
935 881 1113 960 emendare,
1123 883 1211 946 intra

87 989 295 1070 quantitatem
314 989 432 1054 amisse
448 988 650 1071 porcionnrie
676 991 893 1072 possessionis,
920 991 980 1056 nisi
996 991 1029 1055 id
1045 997 1119 1074 post
1134 990 1212 1056 divi-

87 1097 200 1161 sionem
217 1098 303 1162 inter
319 1119 373 1162 eos
389 1097 508 1162 factmn
524 1119 583 1181 pcr
600 1097 740 1179 aliquem
764 1098 908 1181 ipsorum
933 1100 1064 1182 proprio
1081 1121 1212 1164 excessu

88 1225 136 1269 seu
155 1205 282 1269 notorio
298 1205 432 1270 crimine
458 1207 583 1270 evenire
598 1225 655 1270 seu
671 1206 816 1271 accidere
848 1207 1037 1290 contingat.
1056 1258 1062 1272 .
1088 1209 1213 1273 Datum

85 1313 298 1377 indominica
329 1313 457 1391 Letare,
482 1333 566 1378 anno
583 1313 702 1377 domini
728 1313 780 1376 M⁰
809 1311 906 1382 000Ο
936 1317 1211 1399 quinquagesimo.

185 1492 339 1556 Hatlapjan
365 1493 457 1556 penset
482 1477 660 1559 ny'omaival;
681 1495 811 1558 eredetije
834 1512 867 1545 az
900 1510 968 1545 orsz.
992 1498 1022 1546 lt.
1046 1497 1112 1560 dipl.
1142 1505 1209 1548 oszt.

88 1588 178 1633 28905.
198 1583 283 1632 Kozli
295 1583 404 1634 Kovtcs
418 1585 452 1633 N.

567 1781 728 1788 ———--—-

607 1967 680 2026 215.

86 2120 177 2182 1350.
194 2131 288 2184 mart.
309 2123 358 2185 15.
377 2121 421 2186 Az
440 2123 780 2207 caacrqomilrdptulau
792 2124 908 2187 obulos
919 2126 1215 2210 nodomalojelenti.

84 2230 160 2310 bopy
180 2226 298 2291 Tamds
312 2229 503 2314 orszdpbr'ro't
519 2229 623 2293 robbek
640 2230 872 2294 albornonrla'sa
891 2232 1030 2296 dormire
1048 2233 1214 2317 Gysbrrqus

283 2345 363 2399 uenit
379 2337 479 2400 Heres
496 2339 676 2422 oa'rmepyei
691 2337 833 2401 birtokba
850 2337 1008 2403 bellatoria.

188 2499 327 2566 Nicolao
353 2547 382 2562 ..
416 2499 560 2582 palatino
586 2547 616 2562 ..
646 2499 823 2582 capitulum
849 2501 981 2565 ecclesie
1015 2501 1212 2585 Strigonieu·

82 2609 172 2672 sis..
197 2609 322 2672 noverit
356 2613 461 2672 vestra
501 2605 743 2688 magnificencia
775 2607 886 2672 literas
919 2615 1040 2674 vestras
1081 2611 1217 2674 formam

81 2716 192 2780 iudicii
212 2717 311 2780 vestri
328 2767 358 2782 ..
384 2715 581 2779 continentes
607 2737 664 2780 nos
690 2717 857 2797 recepisse,
883 2718 917 2780 in
934 2718 1050 2798 quibus
1067 2739 1215 2802 expresse

84 2824 277 2900 habebatur,
294 2829 331 2888 ut
347 2846 419 2889 cum
435 2823 588 2907 Philippo
605 2823 671 2886 filio
687 2823 815 2888 Nicolai
832 2823 890 2889 filii
907 2826 1026 2901 Zacba,
1043 2828 1093 2890 vel
1117 2827 1215 2890 Petro

80 2933 119 2995 de
136 2931 269 3008 Zerlou,
286 2937 344 2996 aut
361 2929 526 3014 Stephano
541 2929 607 2995 filio
624 2930 771 3006 Simonis,
791 2933 856 2996 sive
876 2932 1012 2999 Nicolao
1028 2955 1069 2998 an
1091 2935 1116 3000 J
1118 2935 1217 2998 acolio

81 3039 147 3103 lilio
165 3039 276 3102 Deseu
302 3037 484 3102 hominibus
508 3039 632 3114 vestris,
657 3044 802 3104 nostrum
828 3041 1029 3106 mitteremus
1056 3043 1216 3106 bominem

79 3167 139 3229 pro
155 3146 345 3210 testimonio
361 3145 422 3210 fide
439 3145 580 3229 dignum,
596 3167 704 3210 coram
730 3169 792 3228 quo
818 3148 901 3212 alter
921 3151 1137 3231 predictorum
1162 3151 1217 3214 ho·

78 3255 206 3318 minum
238 3259 416 3318 vestrorum
449 3261 551 3318 metas
585 3254 797 3337 quarumdam
827 3257 1061 3337 possessionum
1093 3259 1218 3322 comitis

80 3361 210 3426 Thome
226 3361 342 3426 iudicis
359 3361 446 3427 curie
463 3363 550 3444 regie
562 3361 716 3446 Gyongus
734 3369 767 3426 ct
782 3363 872 3427 Bene
882 3371 1067 3429 vocatarum
1079 3367 1113 3430 in
1124 3367 1219 3430 comi·

79 3477 155 3534 tatu
173 3469 288 3534 Heues
307 3469 432 3554 Wyuar
455 3471 672 3548 existencium,
691 3471 783 3535 iuxta
800 3473 1034 3538 continenciam
1051 3473 1218 3539 literarum

78 3579 213 3643 comitis
229 3577 327 3643 Pauli
345 3579 507 3661 quondam
523 3578 637 3644 iudicis
654 3579 741 3642 curie
760 3580 847 3663 regie
873 3581 1091 3646 reambularet
1106 3589 1139 3645 et
1154 3606 1219 3647 mc-

75 3695 128 3751 tas
173 3687 360 3752 destructas
395 3709 549 3752 renovare
580 3709 635 3752 seu
671 3688 794 3770 erigere
818 3689 966 3770 deberet3
1001 3711 1057 3755 nos
1084 3741 1090 3754 .
1117 3741 1123 3754 .
1147 3713 1219 3756 cum

75 3793 230 3877 predicto
264 3795 418 3880 Philippo
452 3795 519 3860 filio
559 3795 688 3861 Nicolai
719 3796 847 3860 homine
879 3803 983 3863 vestro
1013 3799 1157 3864 misimus
1189 3847 1219 3862 ..

75 3901 281 3968 Ladislaum
307 3905 428 3969 socium
453 3911 487 3968 et
522 3905 771 3969 concanonicum
796 3911 941 3970 nostrum
966 3906 1007 3972 ad
1030 3907 1220 3991 premissam

76 4009 380 4075 reambulacionem
411 4017 444 4075 ct
474 4013 668 4076 ereccionem
698 4018 859 4077 metarum
890 4012 1008 4078 ibidem
1040 4015 1220 4080 faciendam

77 4141 140 4202 pro
159 4118 357 4196 testimonio,
374 4120 429 4200 qui
447 4171 474 4184 ..
498 4121 540 4184 ad
562 4142 620 4186 nos
639 4119 818 4198 redeuntes,
834 4121 926 4186 nobis
941 4123 974 4185 in
991 4122 1076 4188 hunc
1091 4123 1220 4188 modum

75 4226 288 4292 retulerunt:
306 4226 391 4309 quod
407 4228 440 4292 in
456 4227 538 4293 festo
562 4229 649 4294 beati
666 4227 818 4311 Gregorii
842 4251 925 4312 pape
954 4229 995 4294 ad
1018 4229 1131 4295 facicm
1151 4253 1220 4314 pre·

76 4339 342 4398 memoratarum
366 4336 601 4417 possessionum
627 4341 659 4399 et
684 4341 769 4399 terre
794 4335 933 4419 litigiose
957 4340 1174 4406 accessissent,
1190 4345 1222 4404 et

73 4442 207 4508 ibidem
220 4443 333 4508 vicinis
350 4443 552 4525 presentibus
569 4450 601 4508 et
616 4445 843 4508 commetaneis
859 4442 945 4508 facta
961 4445 1220 4512 reambulacione

72 4554 175 4615 iuxta
196 4550 430 4615 continenciam
447 4552 614 4616 literarum
631 4551 707 4615 dicti
724 4553 849 4615 comitis
866 4553 970 4630 Pauli,
981 4555 1014 4617 in
1030 4553 1107 4618 locis
1121 4562 1221 4618 meta·

72 4660 166 4724 libus
185 4678 287 4722 novas
304 4665 408 4724 metas
424 4659 586 4734 erexisset,
607 4659 916 4725 contradiccionibus
933 4662 1149 4744 quorumlibet
1158 4685 1222 4728 non
