3138 5462
535 477 629 538 1347.
645 493 714 536 oor.
734 479 762 538 6.
1154 480 1217 541 135

103 652 263 730 Devecher,
281 657 377 735 prout
393 654 623 735 possessionem
642 654 763 737 publici
780 654 997 720 malefactoris
1014 656 1046 719 in
1064 658 1170 740 eapite
1186 664 1218 721 et

102 761 242 825 universis
267 761 523 844 possessionibus
549 764 615 828 suis
632 763 842 842 condemnati,
867 764 910 828 ad
934 783 1048 830 manus
1074 765 1215 830 eiusdem

105 867 247 952 Stephani
270 868 411 953 voyvode
428 868 523 935 velud
548 870 663 935 iudicis
693 873 754 936 rite
779 879 811 936 et
837 873 979 954 legitime
1004 871 1168 938 dedissent
1185 881 1218 938 et

102 977 314 1059 assignassent,
340 977 411 1042 ideo
437 977 521 1042 idem
548 975 732 1060 Stephanus
748 980 888 1064 royvoda
904 979 1010 1044 adhue
1026 982 1148 1046 cercius
1164 1003 1215 1045 vo·

101 1084 159 1147 lens
169 1084 205 1148 de
213 1083 273 1148 hoo
282 1085 431 1168 experiri,
447 1084 615 1150 scribendo
630 1086 775 1170 predicto
791 1087 936 1170 capitulo
952 1087 1084 1152 ecclesie
1095 1089 1215 1154 Trans-

101 1193 217 1270 silrauo,
233 1215 291 1276 per
307 1192 402 1258 Alius
417 1193 521 1259 lilium
537 1194 631 1279 Elley
655 1196 815 1260 hominem
832 1219 926 1261 sumn
952 1195 1010 1261 sub
1035 1197 1217 1262 testimonio

100 1301 227 1366 eiusdem
243 1301 378 1385 capituli
404 1301 443 1366 de
458 1301 543 1367 lacto
559 1303 645 1368 dicte
669 1307 880 1386 possessionis
897 1305 1063 1371 Devecher
1088 1306 1217 1371 lecisset

100 1411 330 1490 inquisicionem
348 1433 406 1493 per
422 1413 508 1476 hunc
523 1413 663 1494 modum,
688 1413 773 1496 quod
798 1414 882 1477 idem
908 1411 1002 1478 Alius
1016 1413 1105 1478 filius
1122 1413 1216 1497 Elley

102 1519 184 1582 homo
208 1517 310 1601 ipsius
336 1517 493 1602 Stephani
513 1520 650 1604 voyrode
667 1527 720 1584 et.
739 1572 745 1584 .
761 1519 933 1585 Ladislaus
950 1541 1087 1604 magnus
1104 1543 1215 1586 conca·

99 1627 219 1690 ironicus
235 1632 267 1689 et
281 1626 377 1690 homo
394 1626 473 1690 dicti
499 1627 633 1710 capituli
654 1627 785 1692 ecclesie
803 1628 1030 1692 Transsilvane
1047 1629 1099 1692 die
1115 1629 1216 1695 domi·

99 1732 162 1796 rriea
177 1735 320 1815 proxima
339 1741 413 1816 post
438 1733 555 1798 festum
571 1730 658 1799 beati
674 1735 821 1800 Barrabe
837 1736 975 1820 apostoli
992 1759 1077 1802 nuno
1093 1744 1215 1819 preter·

97 1842 178 1921 itum,
202 1842 234 1905 in
250 1841 401 1917 Turdam,
426 1841 480 1906 ubi
506 1844 647 1908 universi
672 1842 795 1907 nobiles
819 1843 956 1908 maiores
973 1850 1005 1908 et
1020 1846 1158 1909 minores
1176 1845 1215 1910 de

96 1953 205 2030 septem
222 1949 426 2013 comitatibus
451 1957 536 2014 terre
553 1949 782 2016 Transsilrane
807 1972 865 2034 per
881 1973 915 2015 se
931 1953 1214 2034 congregacionem

96 2055 279 2134 habuissent,
288 2057 411 2141 pariter
422 2059 639 2140 accessissent,
649 2065 681 2123 et
691 2057 735 2122 ibi
746 2059 908 2142 predictus
919 2057 1014 2124 Alius
1024 2058 1109 2123 filius
1119 2059 1215 2144 Elley

95 2165 181 2230 homo
197 2165 296 2248 ipsios
313 2164 470 2249 Stephani
489 2167 635 2251 voyvode,
646 2188 754 2232 eoram
766 2167 877 2231 eodem
893 2169 1051 2250 magistro
1061 2167 1214 2233 Ladislao

95 2273 212 2338 homine
227 2273 304 2338 dicti
321 2274 456 2357 capituli
472 2275 604 2339 ecclesie
621 2275 850 2343 Transsilvane
869 2275 993 2340 iudices
1009 2274 1164 2340 nobilium
1182 2283 1215 2342 et

94 2383 207 2447 iuratos
223 2404 261 2447 ac
277 2384 418 2448 seniores
435 2389 466 2448 et
483 2383 647 2448 universos
672 2383 795 2447 nobiles
811 2383 850 2446 de
867 2383 962 2448 dietis
978 2389 1101 2466 septem
1118 2385 1213 2448 comi·

92 2489 203 2556 tatibus
218 2497 305 2554 terre
322 2491 560 2566 Transsilvane,
585 2491 625 2554 ad
651 2490 746 2554 fidem
763 2499 796 2554 et
811 2489 999 2555 fidelitatem
1025 2511 1136 2578 eorum
1154 2492 1213 2555 deo

92 2605 120 2662 et
136 2619 220 2664 sacre
237 2620 353 2663 corone
369 2599 457 2680 regie
473 2599 616 2663 debitam
641 2599 680 2663 de
697 2600 861 2682 premissis
888 2606 920 2664 et
946 2599 1114 2664 veritatem
1139 2621 1211 2682 pre-

91 2708 250 2771 missorum
268 2706 459 2788 quesivisset
475 2714 508 2771 et
523 2708 761 2790 interrogasset,
787 2709 841 2790 qui
859 2708 981 2772 iudices
1006 2706 1162 2772 nobilium
1179 2715 1212 2774 ot

91 2816 180 2879 inrati
206 2837 244 2878 ac
275 2815 416 2878 seniores
442 2835 565 2878 necnon
592 2815 732 2878 universi
758 2813 880 2878 nobiles
906 2815 1065 2880 dictorum
1090 2823 1212 2899 septem

91 2921 292 2986 uimitatuum
307 2927 394 2986 terre
410 2921 639 2987 Transsilvane
656 2923 727 3003 pari
746 2921 911 2987 voluntate
936 2931 1164 3005 consurgentes
1181 2972 1187 2986 .
1205 2974 1211 2990 .

90 3029 235 3094 dixissent
251 3079 258 3091 .
275 3079 282 3092 .
299 3030 386 3110 quod
399 3030 478 3113 ipsis
494 3030 673 3094 certissime
683 3029 866 3107 scientibus,
879 3030 1044 3122 predictus
1055 3031 1212 3096 Nicolans

89 3137 166 3200 lilius
180 3134 313 3202 Andree
338 3137 377 3202 de
402 3137 569 3203 Devecher
593 3138 721 3202 diversa
745 3137 832 3202 furta
858 3145 889 3202 et
905 3139 1076 3203 latrocinia
1092 3161 1130 3204 ao
1146 3139 1211 3205 alia

90 3244 238 3309 maleficia
254 3251 472 3327 perpetrasset
488 3252 520 3310 et
536 3245 670 3323 lecisset,
687 3245 726 3309 de
744 3246 860 3326 quibus
878 3245 967 3310 furtu
993 3253 1025 3312 et
1041 3247 1210 3311 latrocinio

89 3374 122 3416 ac
145 3351 215 3417 aliis
240 3351 406 3418 meleficiis
431 3353 515 3418 idem
540 3351 695 3418 Nicolaus
720 3352 805 3418 filius
830 3351 963 3418 Andree
988 3355 1028 3418 de
1044 3354 1210 3421 Devecher

90 3467 149 3523 tum
175 3467 317 3543 tempore
343 3461 536 3546 voyvodatus
561 3460 692 3526 Nicolai
718 3461 852 3526 condam
877 3462 1015 3546 voyvode
1041 3464 1121 3526 etin
1138 3485 1210 3528 con-

91 3568 330 3651 gregaciouibus
361 3569 521 3634 eiusdem.
556 3577 624 3634 turn
657 3571 758 3633 eciam
789 3571 822 3634 in
849 3570 952 3635 tribus
987 3571 1210 3655 congregacio·

91 3676 177 3740 uibus
218 3677 424 3758 generalibus
464 3677 600 3760 predicti
636 3677 792 3761 Stephani
833 3679 971 3763 voyvode
1003 3701 1060 3762 per
1093 3681 1210 3747 multos

88 3785 165 3849 viros
181 3785 305 3850 nobiles
321 3791 354 3850 et
367 3786 523 3869 ignobiles
545 3793 713 3852 accusatus
738 3794 770 3851 et
795 3787 1006 3851 denunciatus
1032 3787 1153 3865 fnisset,
1179 3795 1212 3854 et

89 3892 124 3956 ob
135 3893 193 3960 hoo
209 3895 272 3976 ipsi
289 3895 411 3959 scilicet
427 3895 548 3960 iudices
564 3895 719 3960 nobilium
732 3903 764 3960 et
773 3896 872 3960 iurati
883 3917 921 3960 ac
931 3896 1071 3960 universi
1089 3897 1211 3963 nobiles

88 4002 182 4066 tocius
197 4008 285 4066 terre
304 4001 532 4066 Traussilvane
557 4002 717 4066 maliciam
745 4003 888 4066 eiusdem
913 4002 1043 4068 Nicolai
1069 4006 1209 4088 amplius

88 4108 240 4172 sustinere
257 4112 291 4172 et
307 4109 374 4190 pati
392 4129 454 4172 non
471 4109 622 4186 valentes,
648 4110 754 4192 ipsum
771 4108 943 4173 Nicolaum
959 4109 1060 4174 filium
1078 4110 1210 4177 Andree

88 4213 122 4278 de
137 4215 303 4281 Devecher
327 4216 422 4281 uelud
448 4217 611 4300 publicum
632 4216 735 4282 furem
753 4223 786 4282 et
801 4218 960 4284 latronem
985 4241 1024 4284 ac
1050 4222 1210 4286 notorium

88 4321 321 4388 malefactorem
337 4345 420 4407 penu
431 4325 565 4407 capitali
581 4325 776 4407 puniendum
794 4332 824 4389 et
842 4326 988 4392 omnibus
1006 4327 1071 4392 suis
1088 4350 1209 4412 posses-

88 4429 232 4510 sionibus,
249 4430 344 4496 rebus
355 4432 488 4498 ethonis
504 4434 704 4516 privandum,
729 4433 873 4517 predicto
891 4434 1054 4518 Stephano
1071 4436 1210 4520 voyvode

87 4543 246 4620 tamqnam
273 4538 371 4604 iudici
388 4540 478 4604 etad
494 4563 609 4605 manus
635 4541 778 4606 eiusdem
803 4542 1015 4607 tradidissent
1031 4549 1063 4608 et
1080 4546 1209 4609 statuis-

87 4652 168 4726 sent,
192 4654 225 4712 et
241 4647 289 4712 sic
304 4647 451 4730 predicta
466 4649 623 4732 possessio
649 4649 751 4733 ipsius
767 4647 897 4716 Nicolai
913 4648 1081 4716 Devecher
1097 4659 1210 4719 vocata
