3192 5466
549 487 643 558 1348.
662 494 733 558 uri.
752 488 801 556 rc.
1036 531 1039 537 ,
1123 471 1128 481 '
1159 485 1221 558 ree

102 667 264 757 Stephano
290 671 357 738 lilio
381 669 527 738 Ladislai
555 672 733 740 Sumrakus
751 723 757 736 .
775 723 781 737 .
798 672 839 738 ad
866 677 1009 738 nostram
1035 673 1224 739 accedentes

100 783 304 864 presenciam,
328 783 442 846 ‘literas
458 781 629 865 prescripti
647 781 782 864 capituli
799 781 931 846 ecclesie
946 782 1108 847 Budensis
1125 831 1131 843 .
1150 833 1155 846 .
1173 803 1227 844 no-

100 889 145 952 bis
161 889 422 954 demonstrarent
436 891 649 953 continentes:
667 889 750 972 quod
767 891 874 973 ipsum
889 889 1066 972 capitulum
1077 889 1227 954 Budense

101 1045 128 1060 ..
145 1019 219 1062 curu
235 995 372 1063 Andrea
388 998 427 1062 de
437 997 550 1062 Kezeu
562 1018 620 1080 pro
630 1004 724 1081 parte
741 999 968 1080 magistrorum
986 997 1133 1062 Ladislai
1150 997 1228 1061 dieti

101 1105 193 1184 Zaar,
218 1103 367 1189 Aynardi
392 1111 426 1169 et
450 1104 607 1187 Stephani
632 1103 689 1168 filii
714 1105 863 1170 Ladislai
897 1105 956 1172 filii
992 1105 1170 1171 Sum'rakus
1197 1113 1229 1170 et

100 1213 201 1276 Paulo
226 1213 312 1277 dicto
337 1213 425 1278 Zaar
451 1213 489 1276 dc
515 1211 603 1296 Wny
637 1234 695 1296 prc
721 1219 814 1296 parte
839 1214 931 1278 Petri
957 1212 1034 1278 dicti
1059 1211 1170 1278 Zudor
1196 1217 1229 1276 et

101 1319 259 1384 1iohannis
277 1319 491 1386 Guthuudorf
513 1321 591 1385 dicti
618 1320 801 1386 homiuibus
828 1321 933 1404 regiis,
950 1343 1059 1386 eorum
1084 1321 1229 1385 homines

101 1481 107 1491 .
122 1478 128 1490 .
143 1428 168 1492 J
170 1427 306 1493 acobum
323 1427 547 1494 subcustodem
564 1433 597 1492 et
613 1429 749 1494 Petrum
765 1430 950 1494 sacerdotes
969 1430 1009 1494 de
1019 1430 1115 1494 choro
1131 1429 1229 1493 eccle·

101 1537 142 1600 sie
159 1557 279 1616 eorum,
297 1537 338 1600 ad
355 1558 393 1602 ea
417 1557 479 1620 que
496 1536 581 1601 infra
606 1537 790 1602 dicerentur
808 1588 814 1602 .
831 1587 838 1602 .
856 1537 1045 1621 exequenda
1064 1560 1122 1622 pro
1139 1537 1230 1602 testi·

101 1645 213 1708 moniis
239 1645 407 1710 duxissent
432 1645 796 1728 t1·ansmittend08‚qui
822 1645 951 1710 deinum
976 1695 1007 1710 ..
1033 1645 1229 1722 retulissent,

101 1753 183 1833 quod
200 1753 234 1816 in
250 1753 371 1817 octaris
381 1753 456 1818 festi
466 1753 591 1818 Pasche
607 1753 727 1818 domini
738 1754 882 1836 proxime
892 1755 1049 1838 preteriti,
1061 1753 1103 1818 ad
1113 1753 1227 1818 faciem

101 1861 182 1926 dicte
193 1862 404 1944 possessionis
415 1861 539 1946 Tiunpc
550 1867 669 1944 vocate,
685 1861 797 1926 vicinis
807 1869 840 1926 et
849 1863 1074 1927 commetaneis
1088 1862 1230 1926 ciusdem

101 1970 256 2033 universis
272 1967 416 2052 legitime
426 1971 615 2048 convocatis,
631 1971 785 2053 predictis
801 1970 966 2052 magistris
976 1969 1131 2035 Ladislao
1144 1969 1231 2034 dicto

102 2076 196 2155 Zaar,
214 2076 370 2162 Aynardo
387 2084 421 2142 et
436 2078 521 2142 idem
537 2100 595 2161 pro
621 2077 786 2162 Stephano
810 2077 877 2142 filio
901 2077 1047 2144 Ladislai
1064 2077 1122 2144 lilii
1140 2078 1232 2143 Sum·

101 2187 197 2251 rnlms
215 2187 249 2250 in
266 2209 396 2252 causam
413 2189 571 2266 attractis,
595 2210 634 2252 ae
649 2185 786 2253 Nicolao
802 2187 868 2251 filio
884 2187 1046 2252 Jchannis
1062 2187 1102 2251 de
1112 2186 1233 2252 Wama

102 2317 158 2379 pro
173 2295 275 2359 Petro
291 2295 403 2360 Zudor
419 2303 451 2360 et
466 2295 491 2361 J
493 2296 618 2360 ohanne
644 2293 858 2361 Guthundorf
870 2295 964 2360 dictis
980 2345 987 2359 .
1005 2345 1011 2358 .
1028 2295 1233 2379 presentibus

102 2403 319 2482 accessissent,
343 2412 375 2470 et
391 2404 494 2488 ipsam
511 2425 568 2488 per
594 2426 686 2470 veras
711 2411 814 2470 metas
839 2426 858 2469 a
883 2405 1082 2488 possessione
1108 2403 1232 2468 Prebor

103 2511 334 2576 reambulando
351 2533 503 2594 separare
520 2563 526 2577 .
544 2565 550 2577 .
568 2519 600 2576 et
616 2513 730 2596 cuique
757 2512 903 2596 parcium
928 2533 987 2576 sua
1012 2513 1084 2576 iura
1101 2511 1232 2596 pacifice

101 2621 264 2702 possidere
289 2619 473 2702 relinquere
498 2622 690 2704 voluissent,
723 2620 861 2704 predicti
887 2619 1033 2704 magistri
1058 2619 1233 2684 Ladislaus

101 2729 205 2793 dietus
230 2728 327 2804 Zaar,
343 2727 516 2812 Eynardus
541 2730 754 2812 personaliter
771 2728 972 2806 adherentes,
998 2735 1031 2792 et
1062 2727 1147 2792 idem
1172 2751 1231 2812 pro

104 2835 269 2920 Stephano
294 2835 360 2900 filio
385 2826 532 2900 Ladislai
557 2835 614 2900 filii
640 2835 829 2914 Sumralrus,
853 2837 1016 2919 quandam
1041 2837 1234 2920 particulam

101 2945 387 3027 possessionariam
402 2943 435 3008 iu
453 2943 564 3008 eadem
582 2951 674 3025 parte
691 2945 881 3009 existentem
897 2943 1153 3021 contradicendo,
1171 2965 1233 3007 non

102 3051 396 3116 areambulacione
421 3052 475 3116 sed
492 3073 512 3116 a
528 3052 710 3117 statuoione
737 3052 892 3135 predictis
909 3053 1007 3116 Petro
1024 3051 1135 3116 Zudor
1151 3052 1236 3116 dicto

103 3165 135 3222 et
150 3158 299 3223 Johauni
314 3157 401 3223 dicto
420 3155 633 3223 Guthundorf
654 3159 810 3240 fascienda,
835 3160 962 3224 nomine
987 3160 1067 3224 iuris
1093 3160 1235 3242 ipsorum

105 3265 366 3350 prohibuissent3
400 3288 498 3350 quam
524 3267 718 3349 particulam
744 3273 830 3332 terre
860 3267 1070 3350 prohibitam,
1097 3289 1235 3332 unacum

108 3373 180 3438 aliis
197 3373 306 3457 probis
326 3373 402 3437 viris
422 3381 499 3438 tunc
524 3373 604 3438 inibi
630 3373 851 3450 existentibus,
876 3375 953 3456 quia
978 3374 1158 3438 mensurari
1173 3395 1237 3436 non

105 3481 289 3565 potuissent
314 3488 502 3564 opportune,
526 3483 595 3546 visu
621 3481 862 3561 considerando,
885 3483 926 3545 ad
943 3479 1110 3546 duodecim
1127 3489 1238 3546 aratra

104 3595 346 3672 computassent
361 3596 393 3653 et
409 3589 545 3672 triginta
570 3610 625 3653 sex
652 3589 769 3654 marcis
785 3591 1007 3670 estimassent3
1031 3590 1108 3654 item
1125 3589 1238 3654 silvam

105 3705 137 3762 et
153 3697 312 3779 quasdem
328 3697 437 3760 vineas
453 3696 600 3761 similiter·
626 3717 683 3780 per
708 3697 835 3761 eosdem
861 3697 1032 3780 magistros
1049 3697 1238 3761 Ladislaum

106 3803 230 3868 dictum
246 3803 336 3868 Zaar
351 3809 383 3867 ct
399 3803 589 3887 Eynardum
606 3825 626 3867 a
643 3805 821 3868 statucione
846 3803 999 3887 predictis
1016 3804 1115 3868 Petro
1132 3810 1164 3868 et
1180 3802 1205 3868 J
1207 3825 1236 3864 o-

106 3912 207 3975 hanui
223 3911 371 3976 facienda
397 3911 585 3994 prohibitas,
610 3932 647 3975 ac
673 3911 755 3975 alias
782 3911 940 3975 utilitates
967 3917 1095 3974 centum
1121 3910 1237 3974 marcis

107 4018 201 4082 iuxta
217 4019 309 4101 regni
325 4017 586 4082 consuetudinem
606 4019 819 4082 estimassent.
844 4019 890 4082 Et
905 4039 982 4086 ctum
993 4017 1146 4082 discussio
1162 4017 1240 4082 lina·

107 4127 213 4208 lisque
239 4125 470 4191 determinacio
506 4126 608 4210 ipsius
633 4147 728 4190 cause
753 4125 945 4210 quibusdam
971 4127 1237 4209 prorogacionum

108 4237 244 4301 cautelis
260 4237 302 4302 ab
318 4235 438 4301 eisdem
455 4237 573 4301 octavis
590 4237 663 4301 festi
679 4235 767 4301 beati
785 4233 919 4319 Georgii
938 4237 1081 4301 martiris
1097 4235 1137 4300 ad
1155 4243 1239 4299 octa-

110 4366 166 4408 vas
184 4345 257 4410 festi
273 4344 359 4408 beati
379 4344 551 4409 Michaelis
577 4344 763 4426 archangeli
789 4366 873 4407 nunc
897 4345 1041 4427 proxime
1067 4343 1239 4426 preteritas

108 4454 315 4536 prerogativa
331 4451 520 4532 devenisset,
545 4451 674 4515 tandem
691 4452 769 4534 ipsis
787 4451 906 4515 octavis
922 4449 996 4514 festi
1012 4449 1099 4526 beati
1117 4449 1241 4513 Micha-

109 4561 169 4624 elis
187 4559 371 4643 archangeli
388 4559 639 4637 adrenieutibus,
663 4579 721 4642 pro
739 4557 857 4622 eisdem
873 4557 971 4622 Petro
988 4557 1074 4621 dicto
1090 4556 1200 4620 Zudor
1211 4565 1242 4619 ct

109 4669 133 4734 J
135 4669 262 4732 ohanne
279 4667 493 4733 Guthoudorl
509 4667 602 4746 dicto,
619 4663 789 4732 iamdictus
800 4663 955 4730 Nicolaus
973 4665 1057 4729 lilius
1076 4664 1240 4729 dolrannis
