<?xml version="1.0" encoding="UTF-8"?>
<!DOCTYPE html PUBLIC "-//W3C//DTD XHTML 1.0 Transitional//EN"
    "http://www.w3.org/TR/xhtml1/DTD/xhtml1-transitional.dtd">
<html xmlns="http://www.w3.org/1999/xhtml" xml:lang="en" lang="en">
 <head>
  <title>
</title>
<meta http-equiv="Content-Type" content="text/html;charset=utf-8" />
  <meta name='ocr-system' content='tesseract 3.04.00' />
  <meta name='ocr-capabilities' content='ocr_page ocr_carea ocr_par ocr_line ocrx_word'/>
</head>
<body>
  <div class='ocr_page' id='page_1' title='image "./codexdiplomatic06nagygoog_0275.png"; bbox 0 0 3192 5466; ppageno 0'>
   <div class='ocr_carea' id='block_1_1' title="bbox 344 497 1130 558">
    <p class='ocr_par' dir='ltr' id='par_1_1' title="bbox 344 497 1130 558">
     <span class='ocr_line' id='line_1_1' title="bbox 344 497 1130 558; baseline -0.003 0"><span class='ocrx_word' id='word_1_1' title='bbox 344 499 407 558; x_wconf 73' lang='lat'>262</span> <span class='ocrx_word' id='word_1_2' title='bbox 711 511 900 557; x_wconf 73' lang='lat' dir='ltr'>asrousonr</span> <span class='ocrx_word' id='word_1_3' title='bbox 917 497 1130 556; x_wconf 74' lang='lat' dir='ltr'>onnlnrrln.</span> 
     </span>
    </p>
   </div>
   <div class='ocr_carea' id='block_1_2' title="bbox 341 671 1478 2145">
    <p class='ocr_par' dir='ltr' id='par_1_2' title="bbox 341 671 1478 2145">
     <span class='ocr_line' id='line_1_2' title="bbox 343 671 1477 756; baseline -0.001 -19"><span class='ocrx_word' id='word_1_4' title='bbox 343 673 455 738; x_wconf 81' lang='lat' dir='ltr'><strong>ordine</strong></span> <span class='ocrx_word' id='word_1_5' title='bbox 471 673 568 754; x_wconf 87' lang='lat' dir='ltr'>iuris;</span> <span class='ocrx_word' id='word_1_6' title='bbox 592 673 778 756; x_wconf 84' lang='lat' dir='ltr'>iobagiones</span> <span class='ocrx_word' id='word_1_7' title='bbox 805 673 906 738; x_wconf 87' lang='lat' dir='ltr'>eciam</span> <span class='ocrx_word' id='word_1_8' title='bbox 931 673 1074 738; x_wconf 90' lang='lat' dir='ltr'>eiusdem</span> <span class='ocrx_word' id='word_1_9' title='bbox 1100 671 1252 755; x_wconf 79' lang='lat' dir='ltr'>Gregorii</span> <span class='ocrx_word' id='word_1_10' title='bbox 1278 679 1311 737; x_wconf 87' lang='lat' dir='ltr'>et</span> <span class='ocrx_word' id='word_1_11' title='bbox 1337 674 1477 738; x_wconf 84' lang='lat' dir='ltr'>famulos</span> 
     </span>
     <span class='ocr_line' id='line_1_3' title="bbox 344 781 1477 865; baseline 0 -19"><span class='ocrx_word' id='word_1_12' title='bbox 344 782 654 865; x_wconf 87' lang='lat' dir='ltr'>impossessionatos,</span> <span class='ocrx_word' id='word_1_13' title='bbox 680 781 823 865; x_wconf 86' lang='lat' dir='ltr'>exceptis</span> <span class='ocrx_word' id='word_1_14' title='bbox 838 783 1002 864; x_wconf 87' lang='lat' dir='ltr'>premissis</span> <span class='ocrx_word' id='word_1_15' title='bbox 1028 781 1115 847; x_wconf 87' lang='lat' dir='ltr'>furto</span> <span class='ocrx_word' id='word_1_16' title='bbox 1135 781 1306 847; x_wconf 88' lang='lat' dir='ltr'>latrocinio</span> <span class='ocrx_word' id='word_1_17' title='bbox 1321 787 1354 846; x_wconf 90' lang='lat' dir='ltr'>et</span> <span class='ocrx_word' id='word_1_18' title='bbox 1369 783 1477 848; x_wconf 86' lang='lat' dir='ltr'>causis</span> 
     </span>
     <span class='ocr_line' id='line_1_4' title="bbox 348 888 1476 973; baseline 0 -19"><span class='ocrx_word' id='word_1_19' title='bbox 348 888 577 968; x_wconf 77' lang='lat' dir='ltr'>criminalibus,</span> <span class='ocrx_word' id='word_1_20' title='bbox 594 911 691 973; x_wconf 91' lang='lat' dir='ltr'>super</span> <span class='ocrx_word' id='word_1_21' title='bbox 716 889 788 955; x_wconf 92' lang='lat' dir='ltr'>aliis</span> <span class='ocrx_word' id='word_1_22' title='bbox 804 911 974 955; x_wconf 90' lang='lat' dir='ltr'>causarum</span> <span class='ocrx_word' id='word_1_23' title='bbox 1000 890 1147 956; x_wconf 73' lang='lat' dir='ltr'>articulis</span> <span class='ocrx_word' id='word_1_24' title='bbox 1173 890 1316 956; x_wconf 86' lang='lat' dir='ltr'>iudicare</span> <span class='ocrx_word' id='word_1_25' title='bbox 1342 912 1408 954; x_wconf 91' lang='lat' dir='ltr'>non</span> <span class='ocrx_word' id='word_1_26' title='bbox 1425 891 1476 954; x_wconf 88' lang='lat' dir='ltr'>de-</span> 
     </span>
     <span class='ocr_line' id='line_1_5' title="bbox 341 996 1478 1080; baseline 0.002 -18"><span class='ocrx_word' id='word_1_27' title='bbox 341 997 454 1075; x_wconf 87' lang='lat' dir='ltr'>beatis,</span> <span class='ocrx_word' id='word_1_28' title='bbox 479 1018 518 1062; x_wconf 88' lang='lat' dir='ltr'>ac</span> <span class='ocrx_word' id='word_1_29' title='bbox 542 1018 593 1061; x_wconf 88' lang='lat' dir='ltr'>res</span> <span class='ocrx_word' id='word_1_30' title='bbox 619 1003 652 1060; x_wconf 90' lang='lat' dir='ltr'>et</span> <span class='ocrx_word' id='word_1_31' title='bbox 677 996 761 1062; x_wconf 89' lang='lat' dir='ltr'>bona</span> <span class='ocrx_word' id='word_1_32' title='bbox 785 997 969 1062; x_wconf 91' lang='lat' dir='ltr'>eorumdem</span> <span class='ocrx_word' id='word_1_33' title='bbox 994 998 1165 1080; x_wconf 88' lang='lat' dir='ltr'>prohibere</span> <span class='ocrx_word' id='word_1_34' title='bbox 1190 1020 1253 1062; x_wconf 95' lang='lat' dir='ltr'>non</span> <span class='ocrx_word' id='word_1_35' title='bbox 1278 999 1430 1063; x_wconf 79' lang='lat' dir='ltr'>audeatis</span> <span class='ocrx_word' id='word_1_36' title='bbox 1447 1006 1478 1064; x_wconf 91' lang='lat' dir='ltr'>et</span> 
     </span>
     <span class='ocr_line' id='line_1_6' title="bbox 342 1105 1476 1190; baseline 0 -20"><span class='ocrx_word' id='word_1_37' title='bbox 342 1105 506 1189; x_wconf 84' lang='lat' dir='ltr'>prohiberi</span> <span class='ocrx_word' id='word_1_38' title='bbox 531 1125 595 1170; x_wconf 91' lang='lat' dir='ltr'>uon</span> <span class='ocrx_word' id='word_1_39' title='bbox 619 1105 826 1188; x_wconf 86' lang='lat' dir='ltr'>permittatis,</span> <span class='ocrx_word' id='word_1_40' title='bbox 860 1105 916 1170; x_wconf 89' lang='lat' dir='ltr'>sed</span> <span class='ocrx_word' id='word_1_41' title='bbox 941 1107 969 1170; x_wconf 93' lang='lat' dir='ltr'>si</span> <span class='ocrx_word' id='word_1_42' title='bbox 995 1108 1050 1189; x_wconf 93' lang='lat' dir='ltr'>qui</span> <span class='ocrx_word' id='word_1_43' title='bbox 1065 1105 1200 1190; x_wconf 85' lang='lat' dir='ltr'>aliquid</span> <span class='ocrx_word' id='word_1_44' title='bbox 1225 1107 1403 1172; x_wconf 75' lang='lat' dir='ltr'>occasionis</span> <span class='ocrx_word' id='word_1_45' title='bbox 1427 1107 1476 1170; x_wconf 85' lang='lat' dir='ltr'>vel</span> 
     </span>
     <span class='ocr_line' id='line_1_7' title="bbox 342 1211 1477 1298; baseline 0 -20"><span class='ocrx_word' id='word_1_46' title='bbox 342 1214 523 1297; x_wconf 91' lang='lat' dir='ltr'>quescionis</span> <span class='ocrx_word' id='word_1_47' title='bbox 539 1219 652 1278; x_wconf 86' lang='lat' dir='ltr'>contra</span> <span class='ocrx_word' id='word_1_48' title='bbox 671 1213 799 1278; x_wconf 84' lang='lat' dir='ltr'>eosdem</span> <span class='ocrx_word' id='word_1_49' title='bbox 824 1211 1008 1296; x_wconf 85' lang='lat' dir='ltr'>iobagiones</span> <span class='ocrx_word' id='word_1_50' title='bbox 1034 1220 1066 1278; x_wconf 89' lang='lat' dir='ltr'>et</span> <span class='ocrx_word' id='word_1_51' title='bbox 1093 1213 1231 1280; x_wconf 85' lang='lat' dir='ltr'>famulos</span> <span class='ocrx_word' id='word_1_52' title='bbox 1256 1215 1477 1298; x_wconf 88' lang='lat' dir='ltr'>impossessio·</span> 
     </span>
     <span class='ocr_line' id='line_1_8' title="bbox 343 1320 1476 1406; baseline -0.001 -19"><span class='ocrx_word' id='word_1_53' title='bbox 343 1327 437 1387; x_wconf 86' lang='lat' dir='ltr'>natos</span> <span class='ocrx_word' id='word_1_54' title='bbox 461 1321 585 1386; x_wconf 87' lang='lat' dir='ltr'>habent</span> <span class='ocrx_word' id='word_1_55' title='bbox 609 1321 659 1386; x_wconf 95' lang='lat' dir='ltr'>vel</span> <span class='ocrx_word' id='word_1_56' title='bbox 685 1321 866 1400; x_wconf 74' lang='lat' dir='ltr'>habuerint,</span> <span class='ocrx_word' id='word_1_57' title='bbox 891 1321 940 1386; x_wconf 93' lang='lat' dir='ltr'>illi</span> <span class='ocrx_word' id='word_1_58' title='bbox 966 1343 1073 1388; x_wconf 90' lang='lat' dir='ltr'>coram</span> <span class='ocrx_word' id='word_1_59' title='bbox 1100 1323 1211 1387; x_wconf 88' lang='lat' dir='ltr'>eodem</span> <span class='ocrx_word' id='word_1_60' title='bbox 1228 1320 1389 1406; x_wconf 81' lang='lat' dir='ltr'>Gregorio</span> <span class='ocrx_word' id='word_1_61' title='bbox 1407 1345 1476 1387; x_wconf 83' lang='lat' dir='ltr'>exe·</span> 
     </span>
     <span class='ocr_line' id='line_1_9' title="bbox 342 1427 1476 1516; baseline 0.003 -23"><span class='ocrx_word' id='word_1_62' title='bbox 342 1435 500 1513; x_wconf 74' lang='lat' dir='ltr'>quantur,</span> <span class='ocrx_word' id='word_1_63' title='bbox 525 1429 624 1512; x_wconf 90' lang='lat' dir='ltr'>quisi</span> <span class='ocrx_word' id='word_1_64' title='bbox 649 1429 810 1496; x_wconf 87' lang='lat' dir='ltr'>iusticiam</span> <span class='ocrx_word' id='word_1_65' title='bbox 835 1427 941 1494; x_wconf 88' lang='lat' dir='ltr'>facere</span> <span class='ocrx_word' id='word_1_66' title='bbox 966 1432 1172 1508; x_wconf 81' lang='lat' dir='ltr'>recusaverit,</span> <span class='ocrx_word' id='word_1_67' title='bbox 1197 1437 1275 1496; x_wconf 86' lang='lat' dir='ltr'>tune</span> <span class='ocrx_word' id='word_1_68' title='bbox 1298 1453 1362 1496; x_wconf 93' lang='lat' dir='ltr'>non</span> <span class='ocrx_word' id='word_1_69' title='bbox 1388 1432 1476 1516; x_wconf 87' lang='lat' dir='ltr'>ipsos</span> 
     </span>
     <span class='ocr_line' id='line_1_10' title="bbox 343 1536 1476 1622; baseline 0.002 -20"><span class='ocrx_word' id='word_1_70' title='bbox 343 1537 528 1621; x_wconf 83' lang='lat' dir='ltr'>icbagiones</span> <span class='ocrx_word' id='word_1_71' title='bbox 539 1545 572 1602; x_wconf 92' lang='lat' dir='ltr'>et</span> <span class='ocrx_word' id='word_1_72' title='bbox 581 1537 718 1602; x_wconf 84' lang='lat' dir='ltr'>famulos</span> <span class='ocrx_word' id='word_1_73' title='bbox 733 1539 1042 1622; x_wconf 87' lang='lat' dir='ltr'>impossessionatos,</span> <span class='ocrx_word' id='word_1_74' title='bbox 1059 1539 1114 1604; x_wconf 92' lang='lat' dir='ltr'>sed</span> <span class='ocrx_word' id='word_1_75' title='bbox 1132 1539 1268 1605; x_wconf 85' lang='lat' dir='ltr'>eundern</span> <span class='ocrx_word' id='word_1_76' title='bbox 1279 1536 1476 1622; x_wconf 80' lang='lat' dir='ltr'>Gregorium</span> 
     </span>
     <span class='ocr_line' id='line_1_11' title="bbox 342 1646 1475 1732; baseline 0.001 -21"><span class='ocrx_word' id='word_1_77' title='bbox 342 1648 376 1711; x_wconf 91' lang='lat' dir='ltr'>in</span> <span class='ocrx_word' id='word_1_78' title='bbox 391 1646 590 1729; x_wconf 86' lang='lat' dir='ltr'>presenciam</span> <span class='ocrx_word' id='word_1_79' title='bbox 606 1646 743 1729; x_wconf 81' lang='lat' dir='ltr'>predicti</span> <span class='ocrx_word' id='word_1_80' title='bbox 759 1646 883 1711; x_wconf 88' lang='lat' dir='ltr'>comitis</span> <span class='ocrx_word' id='word_1_81' title='bbox 903 1647 954 1712; x_wconf 92' lang='lat' dir='ltr'>vel</span> <span class='ocrx_word' id='word_1_82' title='bbox 979 1647 1172 1712; x_wconf 87' lang='lat' dir='ltr'>vicecomitis</span> <span class='ocrx_word' id='word_1_83' title='bbox 1197 1648 1380 1713; x_wconf 90' lang='lat' dir='ltr'>Borsiensis</span> <span class='ocrx_word' id='word_1_84' title='bbox 1398 1647 1475 1732; x_wconf 85' lang='lat' dir='ltr'>legi·</span> 
     </span>
     <span class='ocr_line' id='line_1_12' title="bbox 344 1753 1474 1839; baseline 0.002 -21"><span class='ocrx_word' id='word_1_85' title='bbox 344 1755 421 1819; x_wconf 90' lang='lat' dir='ltr'>time</span> <span class='ocrx_word' id='word_1_86' title='bbox 438 1760 578 1832; x_wconf 83' lang='lat' dir='ltr'>evocent,</span> <span class='ocrx_word' id='word_1_87' title='bbox 592 1755 646 1836; x_wconf 91' lang='lat' dir='ltr'>qui</span> <span class='ocrx_word' id='word_1_88' title='bbox 658 1753 806 1819; x_wconf 89' lang='lat' dir='ltr'>omnibus</span> <span class='ocrx_word' id='word_1_89' title='bbox 822 1753 1065 1837; x_wconf 85' lang='lat' dir='ltr'>querelantibus</span> <span class='ocrx_word' id='word_1_90' title='bbox 1080 1755 1208 1820; x_wconf 86' lang='lat' dir='ltr'>iusticie</span> <span class='ocrx_word' id='word_1_91' title='bbox 1224 1754 1321 1821; x_wconf 84' lang='lat' dir='ltr'>faciet</span> <span class='ocrx_word' id='word_1_92' title='bbox 1337 1757 1474 1839; x_wconf 85' lang='lat' dir='ltr'>comple·</span> 
     </span>
     <span class='ocr_line' id='line_1_13' title="bbox 342 1863 1471 1946; baseline 0.002 -18"><span class='ocrx_word' id='word_1_93' title='bbox 342 1870 485 1928; x_wconf 90' lang='lat' dir='ltr'>mentum</span> <span class='ocrx_word' id='word_1_94' title='bbox 512 1884 550 1927; x_wconf 85' lang='lat' dir='ltr'>ex</span> <span class='ocrx_word' id='word_1_95' title='bbox 575 1870 668 1946; x_wconf 87' lang='lat' dir='ltr'>parte</span> <span class='ocrx_word' id='word_1_96' title='bbox 694 1863 842 1941; x_wconf 86' lang='lat' dir='ltr'>eiusdem,</span> <span class='ocrx_word' id='word_1_97' title='bbox 867 1865 946 1929; x_wconf 90' lang='lat' dir='ltr'>iuris</span> <span class='ocrx_word' id='word_1_98' title='bbox 963 1865 1074 1930; x_wconf 88' lang='lat' dir='ltr'>ordine</span> <span class='ocrx_word' id='word_1_99' title='bbox 1100 1864 1267 1930; x_wconf 86' lang='lat' dir='ltr'>observato</span> <span class='ocrx_word' id='word_1_100' title='bbox 1287 1914 1319 1929; x_wconf 91' lang='lat'>..</span> <span class='ocrx_word' id='word_1_101' title='bbox 1345 1865 1471 1930; x_wconf 88' lang='lat' dir='ltr'>Datum</span> 
     </span>
     <span class='ocr_line' id='line_1_14' title="bbox 342 1970 1474 2054; baseline 0.004 -18"><span class='ocrx_word' id='word_1_102' title='bbox 342 1970 444 2054; x_wconf 79' lang='lat' dir='ltr'>sude,</span> <span class='ocrx_word' id='word_1_103' title='bbox 475 1973 509 2036; x_wconf 95' lang='lat' dir='ltr'>in</span> <span class='ocrx_word' id='word_1_104' title='bbox 540 1971 701 2037; x_wconf 89' lang='lat' dir='ltr'>dominica</span> <span class='ocrx_word' id='word_1_105' title='bbox 732 1971 960 2050; x_wconf 88' lang='lat' dir='ltr'>Reminiscere,</span> <span class='ocrx_word' id='word_1_106' title='bbox 991 1994 1075 2038; x_wconf 90' lang='lat' dir='ltr'>anno</span> <span class='ocrx_word' id='word_1_107' title='bbox 1107 1973 1229 2037; x_wconf 90' lang='lat' dir='ltr'>domini</span> <span class='ocrx_word' id='word_1_108' title='bbox 1260 1973 1337 2037; x_wconf 74' lang='lat' dir='ltr'>llmo</span> <span class='ocrx_word' id='word_1_109' title='bbox 1354 1971 1474 2041; x_wconf 82' lang='lat' dir='ltr'>OGO&#39;¹²⁰</span> 
     </span>
     <span class='ocr_line' id='line_1_15' title="bbox 343 2079 555 2145; baseline -0.005 0"><span class='ocrx_word' id='word_1_110' title='bbox 343 2079 448 2145; x_wconf 74' lang='lat' dir='ltr'>XLlm</span> <span class='ocrx_word' id='word_1_111' title='bbox 462 2100 555 2145; x_wconf 91' lang='lat' dir='ltr'>nono.</span> 
     </span>
    </p>
   </div>
   <div class='ocr_carea' id='block_1_3' title="bbox 343 2240 1473 2486">
    <p class='ocr_par' dir='ltr' id='par_1_3' title="bbox 343 2240 1473 2486">
     <span class='ocr_line' id='line_1_16' title="bbox 449 2240 1473 2308; baseline 0.002 -16"><span class='ocrx_word' id='word_1_112' title='bbox 449 2240 603 2306; x_wconf 73' lang='lat' dir='ltr'>Hatlapjdn</span> <span class='ocrx_word' id='word_1_113' title='bbox 627 2242 719 2306; x_wconf 75' lang='lat' dir='ltr'>pecset</span> <span class='ocrx_word' id='word_1_114' title='bbox 743 2245 911 2308; x_wconf 84' lang='lat' dir='ltr'>nyomaival,</span> <span class='ocrx_word' id='word_1_115' title='bbox 932 2245 1006 2307; x_wconf 84' lang='lat' dir='ltr'>mely</span> <span class='ocrx_word' id='word_1_116' title='bbox 1025 2247 1098 2294; x_wconf 86' lang='lat' dir='ltr'>alatt</span> <span class='ocrx_word' id='word_1_117' title='bbox 1122 2261 1137 2294; x_wconf 88' lang='lat' dir='ltr'>e</span> <span class='ocrx_word' id='word_1_118' title='bbox 1162 2246 1263 2295; x_wconf 80' lang='lat' dir='ltr'>szsvak</span> <span class='ocrx_word' id='word_1_119' title='bbox 1288 2244 1473 2295; x_wconf 83' lang='lat' dir='ltr'>olvashatok:</span> 
     </span>
     <span class='ocr_line' id='line_1_17' title="bbox 347 2332 1471 2397; baseline 0.002 -16"><span class='ocrx_word' id='word_1_120' title='bbox 347 2332 463 2382; x_wconf 62' lang='lat' dir='ltr'>»relacio</span> <span class='ocrx_word' id='word_1_121' title='bbox 477 2333 585 2383; x_wconf 87' lang='lat' dir='ltr'>comitis</span> <span class='ocrx_word' id='word_1_122' title='bbox 604 2333 714 2383; x_wconf 86' lang='lat' dir='ltr'>Nicolai</span> <span class='ocrx_word' id='word_1_123' title='bbox 735 2333 907 2384; x_wconf 65' lang='lat' dir='ltr'>Lauronem«</span> <span class='ocrx_word' id='word_1_124' title='bbox 927 2333 1068 2397; x_wconf 81' lang='lat' dir='ltr'>Ersdetije</span> <span class='ocrx_word' id='word_1_125' title='bbox 1087 2349 1119 2384; x_wconf 87' lang='lat' dir='ltr'>sz</span> <span class='ocrx_word' id='word_1_126' title='bbox 1140 2349 1208 2385; x_wconf 87' lang='lat' dir='ltr'>orsz.</span> <span class='ocrx_word' id='word_1_127' title='bbox 1229 2337 1260 2385; x_wconf 89' lang='lat' dir='ltr'>lt.</span> <span class='ocrx_word' id='word_1_128' title='bbox 1280 2335 1380 2384; x_wconf 83' lang='lat' dir='ltr'>kincst.</span> <span class='ocrx_word' id='word_1_129' title='bbox 1400 2341 1471 2384; x_wconf 81' lang='lat' dir='ltr'>oszt.</span> 
     </span>
     <span class='ocr_line' id='line_1_18' title="bbox 343 2421 1134 2486; baseline 0.005 -16"><span class='ocrx_word' id='word_1_130' title='bbox 343 2423 376 2472; x_wconf 83' lang='lat' dir='ltr'>N.</span> <span class='ocrx_word' id='word_1_131' title='bbox 390 2423 423 2472; x_wconf 80' lang='lat' dir='ltr'>n.</span> <span class='ocrx_word' id='word_1_132' title='bbox 437 2421 470 2472; x_wconf 75' lang='lat' dir='ltr'>A.</span> <span class='ocrx_word' id='word_1_133' title='bbox 487 2425 545 2472; x_wconf 83' lang='lat'><strong>113.</strong></span> <span class='ocrx_word' id='word_1_134' title='bbox 561 2427 584 2471; x_wconf 90' lang='grc'>7.</span> <span class='ocrx_word' id='word_1_135' title='bbox 598 2421 665 2486; x_wconf 86' lang='lat' dir='ltr'>dipl.</span> <span class='ocrx_word' id='word_1_136' title='bbox 680 2427 746 2472; x_wconf 84' lang='lat' dir='ltr'>oszt.</span> <span class='ocrx_word' id='word_1_137' title='bbox 761 2427 839 2475; x_wconf 86' lang='lat'>4030.</span> <span class='ocrx_word' id='word_1_138' title='bbox 860 2424 959 2473; x_wconf 82' lang='lat' dir='ltr'>Kozli:</span> <span class='ocrx_word' id='word_1_139' title='bbox 980 2425 1088 2474; x_wconf 78' lang='lat' dir='ltr'>Koraos</span> <span class='ocrx_word' id='word_1_140' title='bbox 1100 2423 1134 2474; x_wconf 85' lang='lat' dir='ltr'>N.</span> 
     </span>
    </p>
   </div>
   <div class='ocr_carea' id='block_1_4' title="bbox 872 2824 945 2884">
    <p class='ocr_par' dir='ltr' id='par_1_4' title="bbox 872 2824 945 2884">
     <span class='ocr_line' id='line_1_19' title="bbox 872 2824 945 2884; baseline 0 0"><span class='ocrx_word' id='word_1_141' title='bbox 872 2824 945 2884; x_wconf 89' lang='grc'><strong>136.</strong></span> 
     </span>
    </p>
   </div>
   <div class='ocr_carea' id='block_1_5' title="bbox 344 2978 1473 3393">
    <p class='ocr_par' dir='ltr' id='par_1_5' title="bbox 345 2978 1471 3067">
     <span class='ocr_line' id='line_1_20' title="bbox 345 2978 1471 3067; baseline 0.005 -24"><span class='ocrx_word' id='word_1_142' title='bbox 345 2981 441 3046; x_wconf 84' lang='grc'><em>1349.</em></span> <span class='ocrx_word' id='word_1_143' title='bbox 459 2992 552 3046; x_wconf 73' lang='lat' dir='ltr'>morl.</span> <span class='ocrx_word' id='word_1_144' title='bbox 575 2983 622 3045; x_wconf 74' lang='lat'>14.</span> <span class='ocrx_word' id='word_1_145' title='bbox 648 2978 901 3067; x_wconf 78' lang='lat' dir='ltr'>Asomoppcdri</span> <span class='ocrx_word' id='word_1_146' title='bbox 926 2993 1058 3048; x_wconf 82' lang='lat' dir='ltr'>convent</span> <span class='ocrx_word' id='word_1_147' title='bbox 1083 2984 1154 3048; x_wconf 78' lang='lat' dir='ltr'>etos</span> <span class='ocrx_word' id='word_1_148' title='bbox 1181 2985 1312 3049; x_wconf 68' lang='lat' dir='ltr'>Zaleuci</span> <span class='ocrx_word' id='word_1_149' title='bbox 1338 2985 1471 3067; x_wconf 82' lang='lat' dir='ltr'>Po&#39;lflo</span> 
     </span>
    </p>

    <p class='ocr_par' dir='ltr' id='par_1_6' title="bbox 347 3083 1472 3177">
     <span class='ocr_line' id='line_1_21' title="bbox 347 3083 1472 3177; baseline 0.004 -25"><span class='ocrx_word' id='word_1_150' title='bbox 347 3083 484 3172; x_wconf 75' lang='lat' dir='ltr'>Gerpclp</span> <span class='ocrx_word' id='word_1_151' title='bbox 501 3091 533 3153; x_wconf 77' lang='grc' dir='ltr'>έε</span> <span class='ocrx_word' id='word_1_152' title='bbox 550 3093 627 3174; x_wconf 71' lang='lat' dir='ltr'>troje,</span> <span class='ocrx_word' id='word_1_153' title='bbox 647 3089 853 3175; x_wconf 75' lang='lat' dir='ltr'>leduyulcnck</span> <span class='ocrx_word' id='word_1_154' title='bbox 871 3092 1078 3157; x_wconf 76' lang='lat' dir='ltr'>Erzsddetnelc</span> <span class='ocrx_word' id='word_1_155' title='bbox 1096 3089 1312 3177; x_wconf 71' lang='lat' dir='ltr'>Somoppcdri</span> <span class='ocrx_word' id='word_1_156' title='bbox 1330 3093 1472 3158; x_wconf 76' lang='lat' dir='ltr'>Bercczlc</span> 
     </span>
    </p>

    <p class='ocr_par' dir='ltr' id='par_1_7' title="bbox 344 3193 1473 3393">
     <span class='ocr_line' id='line_1_22' title="bbox 344 3193 1473 3287; baseline 0.005 -29"><span class='ocrx_word' id='word_1_157' title='bbox 344 3196 481 3280; x_wconf 69' lang='lat' dir='ltr'>rrcjdmb,</span> <span class='ocrx_word' id='word_1_158' title='bbox 512 3193 737 3281; x_wconf 74' lang='lat' dir='ltr'>Salpemszipet</span> <span class='ocrx_word' id='word_1_159' title='bbox 768 3205 850 3263; x_wconf 74' lang='lat' dir='ltr'>crecti</span> <span class='ocrx_word' id='word_1_160' title='bbox 884 3195 1022 3285; x_wconf 75' lang='lat' dir='ltr'>Somopp</span> <span class='ocrx_word' id='word_1_161' title='bbox 1048 3203 1232 3287; x_wconf 78' lang='lat' dir='ltr'>cdrmepyei</span> <span class='ocrx_word' id='word_1_162' title='bbox 1259 3201 1366 3265; x_wconf 70' lang='lat' dir='ltr'>his-rot·</span> <span class='ocrx_word' id='word_1_163' title='bbox 1387 3199 1473 3285; x_wconf 74' lang='lat' dir='ltr'>fele&#39;t</span> 
     </span>
     <span class='ocr_line' id='line_1_23' title="bbox 734 3308 1074 3393; baseline 0.006 -23"><span class='ocrx_word' id='word_1_164' title='bbox 734 3308 947 3393; x_wconf 79' lang='lat' dir='ltr'>bozomdsydl</span> <span class='ocrx_word' id='word_1_165' title='bbox 963 3309 1074 3392; x_wconf 71' lang='lat' dir='ltr'>sajet.</span> 
     </span>
    </p>
   </div>
   <div class='ocr_carea' id='block_1_6' title="bbox 340 3463 1479 4742">
    <p class='ocr_par' dir='ltr' id='par_1_8' title="bbox 340 3463 1479 4742">
     <span class='ocr_line' id='line_1_24' title="bbox 448 3463 1473 3553; baseline 0.005 -23"><span class='ocrx_word' id='word_1_166' title='bbox 448 3463 577 3548; x_wconf 75' lang='lat' dir='ltr'>Quarta</span> <span class='ocrx_word' id='word_1_167' title='bbox 602 3487 676 3531; x_wconf 89' lang='lat' dir='ltr'>vero</span> <span class='ocrx_word' id='word_1_168' title='bbox 701 3467 851 3532; x_wconf 88' lang='lat' dir='ltr'>similiter</span> <span class='ocrx_word' id='word_1_169' title='bbox 881 3469 982 3552; x_wconf 89' lang='lat' dir='ltr'>ipsius</span> <span class='ocrx_word' id='word_1_170' title='bbox 1007 3476 1183 3536; x_wconf 89' lang='lat' dir='ltr'>conventus</span> <span class='ocrx_word' id='word_1_171' title='bbox 1209 3468 1410 3553; x_wconf 82' lang='lat' dir='ltr'>Simigiensis</span> <span class='ocrx_word' id='word_1_172' title='bbox 1437 3473 1473 3535; x_wconf 91' lang='lat' dir='ltr'>in</span> 
     </span>
     <span class='ocr_line' id='line_1_25' title="bbox 340 3573 1472 3661; baseline 0.004 -21"><span class='ocrx_word' id='word_1_173' title='bbox 340 3596 425 3640; x_wconf 88' lang='lat' dir='ltr'>anno</span> <span class='ocrx_word' id='word_1_174' title='bbox 449 3573 570 3639; x_wconf 91' lang='lat' dir='ltr'>domini</span> <span class='ocrx_word' id='word_1_175' title='bbox 596 3573 928 3643; x_wconf 48' lang='grc' dir='ltr'>Μ”1000οΜΧΙΝ10</span> <span class='ocrx_word' id='word_1_176' title='bbox 953 3599 1045 3656; x_wconf 90' lang='lat' dir='ltr'>nono,</span> <span class='ocrx_word' id='word_1_177' title='bbox 1062 3577 1198 3644; x_wconf 86' lang='lat' dir='ltr'>sabbato</span> <span class='ocrx_word' id='word_1_178' title='bbox 1223 3580 1369 3661; x_wconf 86' lang='lat' dir='ltr'>proximo</span> <span class='ocrx_word' id='word_1_179' title='bbox 1393 3587 1472 3644; x_wconf 83' lang='lat' dir='ltr'>anto</span> 
     </span>
     <span class='ocr_line' id='line_1_26' title="bbox 341 3680 1474 3770; baseline 0.005 -24"><span class='ocrx_word' id='word_1_180' title='bbox 341 3681 533 3747; x_wconf 85' lang='lat' dir='ltr'>dominicam</span> <span class='ocrx_word' id='word_1_181' title='bbox 543 3680 639 3748; x_wconf 90' lang='lat' dir='ltr'>Oculi</span> <span class='ocrx_word' id='word_1_182' title='bbox 648 3688 798 3767; x_wconf 87' lang='lat' dir='ltr'>patenter</span> <span class='ocrx_word' id='word_1_183' title='bbox 814 3689 973 3764; x_wconf 85' lang='lat' dir='ltr'>emanata,</span> <span class='ocrx_word' id='word_1_184' title='bbox 983 3687 1067 3749; x_wconf 87' lang='lat' dir='ltr'>inter</span> <span class='ocrx_word' id='word_1_185' title='bbox 1083 3686 1149 3751; x_wconf 88' lang='lat' dir='ltr'>alia</span> <span class='ocrx_word' id='word_1_186' title='bbox 1158 3693 1369 3768; x_wconf 84' lang='lat' dir='ltr'>expresserat,</span> <span class='ocrx_word' id='word_1_187' title='bbox 1385 3687 1474 3770; x_wconf 90' lang='lat' dir='ltr'>quod</span> 
     </span>
     <span class='ocr_line' id='line_1_27' title="bbox 342 3789 1473 3873; baseline 0.003 -18"><span class='ocrx_word' id='word_1_188' title='bbox 342 3789 503 3873; x_wconf 81' lang='lat' dir='ltr'>Georgius</span> <span class='ocrx_word' id='word_1_189' title='bbox 520 3789 608 3855; x_wconf 88' lang='lat' dir='ltr'>filius</span> <span class='ocrx_word' id='word_1_190' title='bbox 624 3791 721 3855; x_wconf 89' lang='lat' dir='ltr'>Pauli</span> <span class='ocrx_word' id='word_1_191' title='bbox 738 3791 814 3856; x_wconf 91' lang='lat' dir='ltr'>dicti</span> <span class='ocrx_word' id='word_1_192' title='bbox 831 3791 870 3855; x_wconf 90' lang='lat' dir='ltr'>de</span> <span class='ocrx_word' id='word_1_193' title='bbox 886 3791 1002 3857; x_wconf 86' lang='lat' dir='ltr'>Zakan</span> <span class='ocrx_word' id='word_1_194' title='bbox 1018 3813 1157 3858; x_wconf 88' lang='lat' dir='ltr'>unacum</span> <span class='ocrx_word' id='word_1_195' title='bbox 1173 3793 1304 3858; x_wconf 88' lang='lat' dir='ltr'>domina</span> <span class='ocrx_word' id='word_1_196' title='bbox 1320 3794 1473 3860; x_wconf 77' lang='lat' dir='ltr'>Elisabet</span> 
     </span>
     <span class='ocr_line' id='line_1_28' title="bbox 341 3897 1475 3985; baseline 0.005 -24"><span class='ocrx_word' id='word_1_197' title='bbox 341 3903 453 3962; x_wconf 88' lang='lat' dir='ltr'>vocata</span> <span class='ocrx_word' id='word_1_198' title='bbox 470 3904 617 3962; x_wconf 89' lang='lat' dir='ltr'>consorte</span> <span class='ocrx_word' id='word_1_199' title='bbox 634 3919 701 3976; x_wconf 89' lang='lat' dir='ltr'>sua,</span> <span class='ocrx_word' id='word_1_200' title='bbox 718 3897 790 3963; x_wconf 86' lang='lat' dir='ltr'>filia</span> <span class='ocrx_word' id='word_1_201' title='bbox 805 3920 879 3963; x_wconf 91' lang='lat' dir='ltr'>vero</span> <span class='ocrx_word' id='word_1_202' title='bbox 895 3899 920 3964; x_wconf 90' lang='lat' dir='ltr'><strong>J</strong></span> <span class='ocrx_word' id='word_1_203' title='bbox 921 3900 1013 3966; x_wconf 87' lang='lat' dir='ltr'>acobi</span> <span class='ocrx_word' id='word_1_204' title='bbox 1027 3900 1089 3966; x_wconf 83' lang='lat' dir='ltr'>filii</span> <span class='ocrx_word' id='word_1_205' title='bbox 1106 3901 1227 3966; x_wconf 87' lang='lat' dir='ltr'>Panith</span> <span class='ocrx_word' id='word_1_206' title='bbox 1238 3900 1280 3966; x_wconf 87' lang='lat' dir='ltr'>ab</span> <span class='ocrx_word' id='word_1_207' title='bbox 1290 3923 1355 3967; x_wconf 87' lang='lat' dir='ltr'>una</span> <span class='ocrx_word' id='word_1_208' title='bbox 1370 3911 1475 3985; x_wconf 83' lang='lat' dir='ltr'>parte,</span> 
     </span>
     <span class='ocr_line' id='line_1_29' title="bbox 340 4004 1477 4091; baseline 0.004 -19"><span class='ocrx_word' id='word_1_209' title='bbox 340 4005 489 4072; x_wconf 90' lang='lat' dir='ltr'>Briccius</span> <span class='ocrx_word' id='word_1_210' title='bbox 503 4004 654 4072; x_wconf 87' lang='lat' dir='ltr'>literatus</span> <span class='ocrx_word' id='word_1_211' title='bbox 669 4006 758 4071; x_wconf 84' lang='lat' dir='ltr'>filius</span> <span class='ocrx_word' id='word_1_212' title='bbox 775 4007 948 4072; x_wconf 87' lang='lat' dir='ltr'>Laureneii</span> <span class='ocrx_word' id='word_1_213' title='bbox 966 4009 1005 4073; x_wconf 88' lang='lat' dir='ltr'>de</span> <span class='ocrx_word' id='word_1_214' title='bbox 1022 4008 1213 4091; x_wconf 85' lang='lat' dir='ltr'>Sumugvvar</span> <span class='ocrx_word' id='word_1_215' title='bbox 1239 4031 1276 4074; x_wconf 82' lang='lat' dir='ltr'>ex</span> <span class='ocrx_word' id='word_1_216' title='bbox 1303 4010 1405 4075; x_wconf 88' lang='lat' dir='ltr'>altera</span> <span class='ocrx_word' id='word_1_217' title='bbox 1423 4033 1477 4076; x_wconf 87' lang='lat' dir='ltr'>co-</span> 
     </span>
     <span class='ocr_line' id='line_1_30' title="bbox 340 4113 1478 4201; baseline 0.006 -23"><span class='ocrx_word' id='word_1_218' title='bbox 340 4134 411 4178; x_wconf 87' lang='lat' dir='ltr'>ram</span> <span class='ocrx_word' id='word_1_219' title='bbox 427 4115 496 4197; x_wconf 92' lang='lat' dir='ltr'>ipso</span> <span class='ocrx_word' id='word_1_220' title='bbox 513 4121 669 4180; x_wconf 88' lang='lat' dir='ltr'>conventu</span> <span class='ocrx_word' id='word_1_221' title='bbox 686 4113 871 4198; x_wconf 82' lang='lat' dir='ltr'>Simigiensi</span> <span class='ocrx_word' id='word_1_222' title='bbox 884 4116 1100 4200; x_wconf 89' lang='lat' dir='ltr'>personaliter</span> <span class='ocrx_word' id='word_1_223' title='bbox 1117 4117 1293 4200; x_wconf 88' lang='lat' dir='ltr'>constituti,</span> <span class='ocrx_word' id='word_1_224' title='bbox 1309 4119 1478 4201; x_wconf 87' lang='lat' dir='ltr'>predictus</span> 
     </span>
     <span class='ocr_line' id='line_1_31' title="bbox 343 4218 1478 4307; baseline 0.006 -22"><span class='ocrx_word' id='word_1_225' title='bbox 343 4218 503 4304; x_wconf 79' lang='lat' dir='ltr'>Georgius</span> <span class='ocrx_word' id='word_1_226' title='bbox 534 4221 574 4286; x_wconf 88' lang='lat' dir='ltr'>de</span> <span class='ocrx_word' id='word_1_227' title='bbox 599 4244 755 4288; x_wconf 89' lang='lat' dir='ltr'>consensu</span> <span class='ocrx_word' id='word_1_228' title='bbox 780 4229 813 4287; x_wconf 90' lang='lat' dir='ltr'>et</span> <span class='ocrx_word' id='word_1_229' title='bbox 838 4222 1039 4307; x_wconf 86' lang='lat' dir='ltr'>beneplacito</span> <span class='ocrx_word' id='word_1_230' title='bbox 1063 4223 1208 4289; x_wconf 88' lang='lat' dir='ltr'>eiusdem</span> <span class='ocrx_word' id='word_1_231' title='bbox 1233 4227 1390 4291; x_wconf 90' lang='lat' dir='ltr'>consortis</span> <span class='ocrx_word' id='word_1_232' title='bbox 1416 4249 1478 4292; x_wconf 82' lang='lat' dir='ltr'>sue</span> 
     </span>
     <span class='ocr_line' id='line_1_32' title="bbox 341 4327 1477 4418; baseline 0.007 -27"><span class='ocrx_word' id='word_1_233' title='bbox 341 4327 520 4414; x_wconf 87' lang='lat' dir='ltr'>predictum</span> <span class='ocrx_word' id='word_1_234' title='bbox 536 4329 699 4396; x_wconf 88' lang='lat' dir='ltr'>Briccium</span> <span class='ocrx_word' id='word_1_235' title='bbox 716 4331 880 4397; x_wconf 88' lang='lat' dir='ltr'>literatum</span> <span class='ocrx_word' id='word_1_236' title='bbox 907 4332 1069 4398; x_wconf 85' lang='lat' dir='ltr'>confessus</span> <span class='ocrx_word' id='word_1_237' title='bbox 1094 4331 1208 4398; x_wconf 78' lang='lat' dir='ltr'>fuisset</span> <span class='ocrx_word' id='word_1_238' title='bbox 1232 4334 1266 4397; x_wconf 92' lang='lat' dir='ltr'>in</span> <span class='ocrx_word' id='word_1_239' title='bbox 1291 4335 1477 4418; x_wconf 85' lang='lat' dir='ltr'>proximum</span> 
     </span>
     <span class='ocr_line' id='line_1_33' title="bbox 341 4434 1477 4522; baseline 0.009 -23"><span class='ocrx_word' id='word_1_240' title='bbox 341 4434 504 4501; x_wconf 82' lang='lat' dir='ltr'>etlilium</span> <span class='ocrx_word' id='word_1_241' title='bbox 530 4439 688 4522; x_wconf 87' lang='lat' dir='ltr'>recepisse</span> <span class='ocrx_word' id='word_1_242' title='bbox 714 4438 907 4522; x_wconf 88' lang='lat' dir='ltr'>adoptivum,</span> <span class='ocrx_word' id='word_1_243' title='bbox 939 4440 1095 4504; x_wconf 86' lang='lat' dir='ltr'>tradendo</span> <span class='ocrx_word' id='word_1_244' title='bbox 1121 4439 1225 4506; x_wconf 90' lang='lat' dir='ltr'>eidem</span> <span class='ocrx_word' id='word_1_245' title='bbox 1250 4440 1355 4507; x_wconf 86' lang='lat' dir='ltr'>liliam</span> <span class='ocrx_word' id='word_1_246' title='bbox 1379 4463 1477 4510; x_wconf 81' lang='lat' dir='ltr'>suam</span> 
     </span>
     <span class='ocr_line' id='line_1_34' title="bbox 342 4542 1477 4631; baseline 0.007 -23"><span class='ocrx_word' id='word_1_247' title='bbox 342 4542 493 4609; x_wconf 81' lang='lat' dir='ltr'>Elisabet</span> <span class='ocrx_word' id='word_1_248' title='bbox 509 4551 655 4610; x_wconf 85' lang='lat' dir='ltr'>vocatam</span> <span class='ocrx_word' id='word_1_249' title='bbox 672 4545 851 4629; x_wconf 86' lang='lat' dir='ltr'>legitimam</span> <span class='ocrx_word' id='word_1_250' title='bbox 876 4547 909 4611; x_wconf 92' lang='lat' dir='ltr'>in</span> <span class='ocrx_word' id='word_1_251' title='bbox 925 4567 1067 4630; x_wconf 82' lang='lat' dir='ltr'>uxorem,</span> <span class='ocrx_word' id='word_1_252' title='bbox 1093 4554 1242 4631; x_wconf 88' lang='lat' dir='ltr'>preterea</span> <span class='ocrx_word' id='word_1_253' title='bbox 1266 4549 1477 4616; x_wconf 86' lang='lat' dir='ltr'>medietatem</span> 
     </span>
     <span class='ocr_line' id='line_1_35' title="bbox 341 4651 1479 4742; baseline 0.011 -28"><span class='ocrx_word' id='word_1_254' title='bbox 341 4651 549 4736; x_wconf 90' lang='lat' dir='ltr'>possessionis</span> <span class='ocrx_word' id='word_1_255' title='bbox 567 4673 621 4717; x_wconf 87' lang='lat' dir='ltr'>sue</span> <span class='ocrx_word' id='word_1_256' title='bbox 639 4651 882 4740; x_wconf 83' lang='lat' dir='ltr'>Selyemnyketh</span> <span class='ocrx_word' id='word_1_257' title='bbox 902 4661 1048 4722; x_wconf 86' lang='lat' dir='ltr'>vocatam</span> <span class='ocrx_word' id='word_1_258' title='bbox 1064 4656 1097 4721; x_wconf 94' lang='lat' dir='ltr'>in</span> <span class='ocrx_word' id='word_1_259' title='bbox 1114 4656 1270 4722; x_wconf 84' lang='lat' dir='ltr'>comitatu</span> <span class='ocrx_word' id='word_1_260' title='bbox 1288 4655 1479 4742; x_wconf 80' lang='lat' dir='ltr'>Simigiensi</span> 
     </span>
    </p>
   </div>
   <div class='ocr_carea' id='block_1_7' title="bbox 0 0 1600 5460">
    <p class='ocr_par' dir='ltr' id='par_1_9' title="bbox 0 0 1600 5460">
     <span class='ocr_line' id='line_1_36' title="bbox 0 0 1600 5460; baseline 0 0"><span class='ocrx_word' id='word_1_261' title='bbox 0 0 1600 5460; x_wconf 95' lang='lat' dir='ltr'> </span> 
     </span>
    </p>
   </div>
  </div>
 </body>
</html>
