3192 5466
361 495 425 564 268
715 521 901 565 nuroononr
920 509 1134 568 onulnrrln.

360 680 507 762 magistri
525 679 691 764 Srcybery,
709 681 799 746 iuxta
815 703 966 764 magnam
983 685 1065 750 viam
1085 705 1142 767 per
1160 705 1255 766 quani
1282 685 1347 749 itur
1364 684 1404 748 de
1421 707 1498 768 pre·

360 790 447 855 dieta
463 789 594 854 civitate
613 787 818 855 Waradiensi
833 791 866 856 in
877 791 985 856 villam
1002 789 1035 856 N
1035 793 1173 876 yniglr,a
1190 799 1282 876 parte
1299 793 1497 858 occidentali

360 895 562 962 adiacentem
588 896 627 960 de
653 918 734 961 novo
750 898 932 977 invenisset,
958 920 1053 982 quern
1079 921 1099 965 u
1126 900 1217 966 nobis
1234 907 1270 965 ut
1286 902 1320 965 in
1336 901 1406 984 ipso
1423 901 1498 966 loco

360 1005 578 1070 molendinum
604 1027 662 1088 pro
687 1027 721 1071 se
744 1009 814 1091 ipso
831 1057 860 1072 ..
888 1015 1089 1073 construeret
1114 1009 1174 1074 sibi
1201 1010 1272 1074 dari
1298 1009 1498 1093 postulavit3

360 1114 541 1182 undenos.
559 1165 566 1180 .
583 1116 718 1181 eundem
743 1116 848 1182 locum
869 1139 928 1200 pro
944 1117 1126 1182 molendino
1153 1123 1264 1203 aptum
1292 1119 1393 1184 eidem
1410 1117 1498 1185 Gre-

361 1223 495 1305 gorio..
514 1225 708 1290 contulimus
733 1224 960 1307 possidendum
988 1227 1086 1290 ..ita
1112 1226 1268 1305 videlicet,
1294 1226 1381 1309 quod
1406 1227 1498 1292 idem

361 1329 539 1413 Gregorius
557 1339 589 1396 et
609 1334 660 1398 sui
685 1334 894 1417 posteritates
919 1333 958 1398 de
984 1335 1054 1417 ipso
1080 1335 1263 1399 molendino
1289 1336 1323 1399 in
1349 1335 1499 1418 quolibet
1591 1313 1592 1332 ἶ

362 1461 446 1505 onno
463 1441 495 1505 in
521 1440 603 1507 festo
628 1441 716 1507 beuti
742 1441 879 1507 Martini
905 1443 1093 1510 confessoris
1118 1443 1249 1508 racione
1273 1445 1500 1527 percepcionis

361 1549 523 1614 fruetuum
539 1557 572 1615 et
588 1551 767 1616 utilitatum
783 1551 884 1636 ipsius
901 1551 1084 1628 molendini,
1101 1551 1193 1618 nobis
1210 1558 1242 1616 et
1257 1551 1343 1617 dicte
1360 1553 1501 1618 ecclesie

361 1663 468 1723 nostre
484 1657 693 1723 Waradiensi
709 1658 823 1742 viginti
848 1659 997 1726 denarios
1016 1657 1149 1724 banales
1168 1658 1245 1724 dare
1262 1666 1295 1724 et
1309 1659 1499 1742 persolvere

361 1772 534 1832 teneantur
550 1774 582 1832 et
598 1767 723 1832 debent.
743 1767 866 1832 Datum
884 1767 966 1832 feris
985 1767 1126 1833 secunda
1142 1768 1289 1851 proxima
1305 1773 1381 1851 post
1396 1767 1501 1832 domi-

362 1876 467 1940 nicam
483 1874 587 1956 Oouli,
604 1895 689 1939 anno
705 1874 825 1940 domini
843 1873 895 1938 Μο
920 1868 1017 1940 000θ
1042 1873 1146 1940 xlm
1162 1895 1254 1940 nono.

467 2039 492 2087 A
514 2037 674 2102 pecsvtradi
698 2039 871 2088 conventuek
899 2043 972 2088 1358.
995 2037 1063 2100 maj,
1088 2037 1168 2088 lO-en
1193 2037 1304 2088 kisdott
1328 2038 1501 2098 stirnttbol,
1593 2057 1594 2080 2

363 2129 492 2191 inelynek
506 2128 635 2192 eredetije
661 2143 779 2194 megvan
791 2143 824 2178 az
839 2143 907 2178 orsz.
922 2130 953 2178 lt.
967 2129 1066 2179 kincst.
1087 2133 1154 2178 oszt.
1168 2128 1202 2177 N.
1215 2129 1249 2179 R.
1263 2129 1297 2177 A.
1312 2131 1374 2179 505.
1390 2134 1414 2178 7.
1427 2127 1501 2192 dipl.

361 2225 428 2269 oszt.
444 2223 521 2270 3683.
541 2219 639 2268 Kozli:
661 2218 769 2268 Korstcs
782 2219 815 2268 N.

892 2621 962 2680 139.

364 2781 458 2845 1349.
478 2781 587 2858 Budo,
605 2792 698 2844 morl.
721 2782 767 2843 lt.
791 2779 918 2860 Tenuis,
945 2780 1129 2864 orszdphiro'
1154 2783 1186 2845 e's
1212 2781 1335 2844 turdczi
1360 2777 1498 2863 stirpen

361 2892 434 2954 eto'tl·
463 2891 615 2954 Na'dosdi
640 2890 805 2954 Domokos
831 2900 961 2973 tzuepye
988 2887 1103 2966 Klu'ra,
1130 2887 1302 2972 lednydcol
1330 2885 1502 2952 Kidrdrul

363 2997 488 3063 Semoni
515 2999 708 3078 Peterne'vel,
736 2997 827 3064 Iloua
865 3003 897 3062 e's
923 2997 1044 3084 Csdocrj
1070 3004 1151 3061 eiecit
1176 2998 1288 3083 Abauj
1311 2999 1501 3080 odrmeppei

361 3106 506 3172 biv-rotet
524 3106 618 3192 ⁸fetent
643 3109 778 3192 kieppm,
803 3131 823 3170 o
848 3107 943 3190 leduy
970 3111 1171 3190 ineptortodn
1191 3105 1296 3170 Ilsvcit
1327 3107 1500 3170 hormines

363 3212 670 3298 rudrkejelit'lfizete‘s
687 3212 812 3292 meliert,
824 3238 862 3277 aa
872 3237 960 3298 onya
968 3215 1064 3300 pedip
1076 3210 1196 3298 Csauaj
1203 3212 1342 3276 biv-tolcot
1353 3213 1500 3296 kuproa'm

468 3375 537 3440 Nos
563 3373 703 3440 Thomas
735 3376 830 3439 iudex
857 3376 944 3440 curie
970 3373 1163 3438 serenissimi
1189 3372 1346 3457 principis
1374 3373 1499 3444 domini

362 3483 662 3566 Lodoviei..1·egis
688 3484 860 3567 Hungorie
892 3488 924 3546 et
957 3503 1061 3546 comes
1092 3481 1131 3546 de
1164 3481 1307 3558 Turueh,
1340 3481 1499 3546 memorie

360 3593 621 3658 commendamus
638 3644 643 3657 .
662 3641 667 3655 .
686 3592 860 3672 quodcum
877 3611 975 3656 cvausa
991 3591 1075 3656 inter
1091 3589 1213 3654 nobiles
1230 3588 1379 3653 dominas
1397 3587 1500 3654 Olore

359 3705 504 3764 vocatam
514 3700 649 3764 condam
665 3699 811 3764 relictam
827 3699 990 3764 Dominioi
1007 3699 1046 3763 (le
1062 3697 1095 3763 N
1097 3697 1198 3762 adasd
1209 3717 1293 3761 nunc
1309 3703 1498 3762 consortem

360 3808 508 3890 magistri
525 3807 696 3873 Michaelis
721 3807 780 3872 filii
805 3808 969 3872 Johannis
995 3807 1034 3872 de
1059 3805 1245 3891 Breznyehe
1271 3805 1429 3870 actricem
1456 3806 1501 3870 ab

361 3939 433 3994 uno,
450 3939 488 3983 ao
504 3917 640 3982 alteram
666 3915 797 3998 Claram
822 3916 922 3981 filiam
947 3915 1088 3980 eiusdem
1114 3914 1278 3980 Dominioi
1302 3911 1362 3977 filii
1381 3913 1503 3979 Lechk

360 4025 528 4109 coniugem
544 4025 691 4108 magistri
721 4025 812 4089 Petri
831 4025 888 4089 filii
912 4025 1075 4089 Johannis
1101 4023 1140 4088 de
1166 4022 1282 4089 Somus
1307 4021 1343 4085 in
1368 4041 1505 4087 causam

361 4139 543 4211 attractam,
559 4155 656 4216 super
672 4132 925 4218 possessionibus
942 4131 1040 4198 Ilswa
1051 4139 1083 4196 et
1093 4129 1227 4214 Ohauay
1243 4129 1366 4193 voeatis
1385 4137 1506 4195 exorta

360 4241 555 4307 iudicialiter
572 4263 679 4306 coram
695 4239 788 4305 nobis
804 4243 911 4323 vigore
937 4240 1105 4305 literarum
1130 4243 1311 4304 nostrarum
1341 4257 1506 4322 proroga-

360 4350 518 4415 toriarum
535 4351 578 4414 ad
593 4354 758 4432 presentes
783 4353 912 4412 octavas
929 4348 993 4412 diei
1010 4345 1163 4412 Oinerum
1180 4346 1294 4410 fuisset
1309 4355 1505 4429 prorogata.

361 4459 491 4523 tandem
508 4459 578 4541 ipso
602 4457 739 4522 termino
764 4461 960 4532 oecurrente,
976 4454 1102 4539 Joseph
1127 4455 1193 4520 filio
1219 4451 1349 4518 Nicoloi
1365 4452 1405 4518 de
1424 4453 1507 4520 Ma·

361 4565 545 4652 thyasfalua
571 4585 629 4648 pro
654 4565 801 4648 predicta
825 4563 925 4629 nobili
951 4563 1080 4628 domina
1106 4561 1206 4628 Clara
1237 4565 1353 4625 vocata
1379 4561 1506 4630 relicta

311 4695 318 4708 ·
360 4675 524 4742 Dominioi
551 4726 580 4740 ..
607 4674 648 4739 ab
675 4695 747 4752 una,
773 4696 811 4741 ao
827 4675 926 4739 Petro
951 4671 1018 4738 filio
1043 4673 1207 4738 Johsnnis
1233 4671 1272 4735 de
1300 4668 1404 4756 Polky
1441 4697 1507 4758 pro
