3138 5462
524 441 617 516 1347.
634 472 704 517 oum.
722 458 773 520 25.
1170 472 1211 532 97

82 619 182 688 dcbel
209 623 310 689 freter
335 647 411 692 suus
436 629 650 711 possessiones
674 633 725 700 rel
750 639 1019 718 possessionarias
1044 644 1211 726 porciones

82 730 250 818 thyntus
267 735 431 816 quondam
447 738 485 803 de
495 760 611 822 genere
628 742 710 807 Pese
727 743 848 826 ubique
859 747 966 830 ipsum
978 752 1210 838 contingentes,

82 861 140 922 que
155 843 245 924 ipsos
261 845 439 912 vicinanter
455 851 687 933 contingerent,
703 855 872 936 acquirere
898 863 931 922 et
946 881 1005 942 pro
1033 861 1111 944 ipsis
1137 885 1210 928 ven-

82 949 183 1014 dicare
200 959 342 1033 possent,
358 959 416 1019 aut
432 954 496 1020 alio
512 956 607 1022 titulo
623 958 665 1022 ab
680 959 828 1041 ipsarum
843 962 1065 1034 detentoribus
1083 971 1209 1050 quovis-

83 1059 171 1124 modo
189 1062 372 1145 reoptinere
388 1063 541 1144 valerent,
564 1067 597 1130 iu
622 1068 808 1134 eorumdem
833 1075 1069 1153 possessionum
1086 1083 1118 1142 et
1134 1099 1208 1160 pos-

82 1169 345 1234 sessionariarum
385 1173 573 1254 poroicnum
607 1174 686 1240 dicti
730 1173 897 1264 Achyntus
936 1184 1209 1264 acquisicionibus

82 1283 110 1340 et
125 1278 405 1361 reoptencionibus
421 1282 587 1346 annotatis
603 1282 702 1348 Petro
728 1284 808 1363 rulo,
825 1286 850 1350 J
852 1287 971 1354 obanmi
988 1289 1075 1356 dicto
1100 1289 1206 1358 thel

82 1384 169 1450 fratri
183 1385 337 1466 eiusdem,
354 1388 440 1453 circa
456 1395 559 1454 metas
575 1393 813 1473 possessionum
823 1394 1016 1478 ipsorum'et
1032 1404 1125 1465 extra
1139 1422 1207 1468 eas-

79 1496 144 1560 dem
160 1495 333 1561 dummodo
349 1495 388 1560 de
405 1497 658 1579 possessionibus
683 1519 794 1564 eorum
813 1523 971 1586 occupare
996 1505 1120 1572 nollent
1135 1529 1207 1593 pre-

79 1609 162 1670 textu
186 1604 364 1670 vicinitatis
380 1610 413 1670 et
428 1607 727 1690 commetaneitatis,
753 1609 877 1676 nullam
892 1610 1036 1680 facerent
1061 1617 1203 1698 probibi-

78 1716 194 1780 cionem
210 1720 269 1780 aut
285 1713 578 1780 contradiccionem
596 1715 796 1798 aliqualem.
814 1769 821 1782 .
837 1719 993 1786 Preteree
1008 1705 1205 1792 adiecerunt·

81 1825 175 1887 eciam
185 1823 271 1888 dicte
282 1828 401 1905 partes,
412 1828 447 1888 ut
457 1823 712 1907 superomnibus
722 1825 848 1891 &mnis
859 1831 1059 1894 nocumentis
1076 1832 1204 1899 iniuriis

78 1929 349 1996 verberecionibus
366 1937 399 1996 et
417 1931 696 1998 vulneraeionibus
712 1933 877 2000 bominum
893 1985 900 1999 .
917 1985 924 2001 .
941 1958 980 2003 ac
1004 1907 1199 2021 generaliter

77 2039 267 2120 quibuslibet
283 2039 515 2104 maleficiorum
531 2040 702 2124 generibus
722 2043 931 2124 quovismodo
956 2047 1041 2112 inter
1069 2049 1197 2114 casdem

76 2148 222 2213 hactenns
238 2147 358 2214 babitis
368 2149 539 2230 etexortis,
555 2147 703 2214 videlicet
719 2151 783 2215 iam
800 2153 913 2235 sopitis
929 2160 962 2218 et
977 2155 1107 2238 sedatis,
1133 2178 1200 2224 cas-

76 2259 146 2324 satis
179 2259 281 2324 eciam
316 2261 473 2326 universis
508 2259 611 2325 literis
645 2243 851 2327 iudicialibus
882 2269 995 2330 contre
1030 2287 1099 2332 sese
1132 2290 1201 2332 mu·

76 2377 125 2434 tuo
149 2369 318 2452 emanatio,
351 2389 474 2435 necnon
499 2369 627 2434 iudiciis
651 2420 682 2435 ..
707 2391 784 2454 pars
810 2393 875 2437 una
899 2379 1025 2456 partem
1058 2373 1196 2442 alteram

74 2475 304 2542 ..reddidisset
334 2475 539 2558 expeditam.
557 2528 563 2542 .
580 2477 705 2542 Datum
724 2473 832 2561 'Bude‚
862 2479 1014 2563 vigesimo
1030 2481 1081 2546 die
1098 2485 1192 2566 quin·

73 2585 218 2652 denarum
234 2584 307 2651 festi
322 2585 530 2650 Pentecostes
555 2583 783 2667 predictarum,
807 2607 892 2652 anno
918 2587 1038 2654 domini
1055 2590 1193 2658 Millcsi·

74 2717 121 2760 mo
136 2693 358 2762 trecentesimo
376 2693 623 2778 quadragesimo
639 2695 783 2777 septime.

171 2859 239 2910 zelo
252 2857 281 2908 es
295 2836 375 2923 ssr'ga
387 2860 491 2921 selyem
503 2855 633 2907 zsindron
646 2859 758 2923 fiiggbtt
770 2857 862 2922 peccet
874 2859 1041 2926 nyomaivcl,
1065 2861 1195 2927 eredetije
1265 2885 1269 2891 ·

77 2951 249 3016 Kdmnendcn,
263 2966 280 3001 a
292 2951 339 3016 hg.
353 2949 515 3013 Batthytny
529 2963 564 3000 cs.
577 2949 714 3000 ltardban.

76 3565 157 3628 1347.
173 3563 280 3642 Bada,
288 3565 362 3648 jac.
380 3562 472 3626 25.1.
490 3561 586 3644 Lcjos
602 3559 710 3645 kicdlp
726 3559 799 3624 eldtt
820 3559 938 3624 Tomos
962 3561 1088 3626 krossdi
1103 3561 1188 3649 ftis-

70 3679 129 3756 po'c
143 3674 171 3736 ds
184 3669 381 3757 pclcmbdozi
395 3673 537 3753 odmrcpy
552 3667 689 3732 alstede
705 3667 827 3753 kicdlyi
833 3671 956 3753 jepyzd,
973 3691 1051 3733 ozon
1067 3670 1188 3736 eclam-

74 3791 118 3844 tctt
131 3779 266 3858 berctae,
284 3777 342 3841 leik
356 3775 516 3842 Jecdtelclc
530 3775 561 3839 e'e
578 3775 755 3840 Bacboccd
779 3783 862 3839 acolt
888 3774 1029 3840 arctoe
1045 3777 1187 3864 boldrp'd·

292 3885 427 3950 rcisdcdl
441 3883 643 3970 kdzbecjcirni
649 3883 786 3969 fopoale,
803 3883 955 3968 kijeldlc‘lc.
984 3963 986 3968 Α

161 4047 228 4116 Nos
243 4047 431 4114 Ludovicus
448 4097 453 4111 .
471 4095 477 4111 .
495 4066 552 4112 rex
568 4095 592 4110 ..
610 4046 828 4130 significamus
845 4095 869 4111 ..
887 4045 974 4127 quod
990 4045 1181 4130 magnificus

73 4155 111 4220 vir
133 4157 270 4222 Thomas
296 4155 431 4222 condem
465 4153 605 4240 voyvoda
630 4153 879 4219 Transsilvanus
904 4175 990 4219 nunc
1014 4175 1118 4219 comes
1143 4155 1183 4219 de

72 4263 176 4330 Orasou
192 4273 224 4330 et
249 4262 445 4330 castellanus
461 4264 501 4328 de
518 4260 723 4329 Galambuoh
739 4261 780 4327 ab
796 4283 869 4341 una,
895 4267 926 4326 et
942 4262 1096 4346 magister
1113 4261 1182 4328 Ste-

71 4372 179 4454 phanus
195 4371 347 4456 specialis
357 4371 501 4436 notarius
518 4370 620 4436 nostri
631 4370 730 4454 sigilli
740 4369 906 4436 annularis
920 4375 1014 4452 parte
1024 4391 1063 4434 ex
1074 4369 1177 4435 altera

72 4501 163 4545 coram
178 4480 268 4547 nobis
284 4480 498 4565 personaliter
515 4479 690 4558 constituti,
715 4477 793 4543 fassi
813 4477 1006 4542 exstiterunt
1022 4527 1029 4541 .
1046 4528 1053 4542 .
1069 4484 1107 4543 ut
1122 4498 1181 4560 pro

71 4609 107 4669 eo,
120 4610 156 4653 ne
170 4589 246 4654 lesio
272 4596 306 4654 et
330 4587 542 4674 preiudicium
568 4589 749 4652 animarum
774 4587 807 4650 in
833 4585 996 4650 ereccione
1021 4593 1179 4650 metarum

107 4723 246 4762 ascensori
263 4711 436 4759 oxulnrrin.
453 4725 478 4758 v.
489 4715 585 4758 strum.
1056 4719 1070 4764 7
