3180 5470
334 469 400 530 400
685 483 872 529 eunounour
889 469 1103 528 ouulurmlu.

335 667 374 710 ex
390 667 464 724 una,
481 645 559 710 item
575 645 600 711 J
601 644 719 710 acobus
744 643 916 709 Barnabas
941 643 1114 711 Ladislaus
1137 651 1169 710 et
1191 643 1314 710 Paulus
1330 642 1389 707 filii
1406 643 1462 708 Mi·

335 753 454 819 chaelis
479 754 518 818 de
543 753 644 838 Isyph
668 759 761 836 parte
786 752 827 817 ab
851 753 965 831 alteru,
990 753 1067 818 item
1098 753 1285 818 Demetrius
1309 750 1461 818 Nicolaus

334 861 506 928 Barnabas
531 869 563 928 et
578 861 775 928 Benedictus
800 860 858 926 filii
883 861 1046 926 «Iohannis
1062 861 1120 926 filii
1139 860 1327 946 Markolphi
1344 859 1384 925 de
1401 859 1462 924 Ho

336 989 502 1053 syomeneu
518 991 557 1034 ex
571 972 672 1036 tercia
687 975 789 1056 parte,
805 970 839 1033 in
855 969 976 1033 octavis
992 967 1064 1032 festi
1087 968 1191 1034 sancti
1207 969 1293 1052 regis
1309 967 1461 1052 Stephani

336 1099 443 1142 coram
461 1079 552 1144 nohis
567 1079 617 1143 vel
632 1079 845 1162 personaliter
861 1076 910 1141 vel
928 1098 986 1160 per
1009 1077 1173 1160 legitimos
1190 1098 1265 1142 suos
1281 1083 1461 1160 procurato
1569 1111 1570 1144 ι

336 1207 387 1250 res
413 1207 607 1271 comparere,
623 1186 784 1269 iidemque
809 1184 867 1249 filii
889 1183 1061 1250 Michaelis
1086 1185 1125 1249 de
1150 1185 1250 1269 Isyph
1272 1183 1461 1250 Michaelem

336 1315 472 1379 puerum
487 1295 591 1360 filium
604 1295 775 1379 prescripti
791 1293 946 1374 Ladislai,
971 1294 1115 1358 annotati
1140 1313 1215 1358 vero
1231 1293 1290 1359 filii
1306 1293 1332 1358 J
1333 1293 1461 1358 ohannis

335 1401 393 1467 filii
419 1402 608 1487 Markolphi
632 1403 658 1468 J
659 1404 817 1468 ohannem
843 1402 992 1468 similiter
1017 1423 1151 1486 puerum
1176 1401 1279 1467 filium
1305 1403 1461 1485 pretaxati

336 1510 493 1576 Demetrii
510 1513 542 1576 in
566 1512 705 1596 propriis
730 1511 875 1594 personis
901 1510 1083 1578 eorumdem
1109 1515 1263 1588 statuere,
1283 1531 1462 1595 comparen-

336 1626 450 1703 tesque
466 1628 500 1686 et
514 1621 677 1705 predictos
693 1642 809 1705 pueros
826 1625 1004 1686 statuentes
1022 1619 1179 1704 quasdam
1198 1620 1417 1704 possessiones
1432 1623 1461 1681 et
1570 1641 1571 1664 ι

335 1730 502 1812 porciones
518 1729 785 1812 possessionarias
802 1727 1089 1812 infraspecificutas
1106 1749 1164 1811 per
1173 1727 1303 1792 modurn
1320 1723 1462 1791 similiter

336 1836 579 1920 infrascriptum
596 1836 656 1902 sibi
672 1837 806 1902 invicem
823 1835 1038 1900 mediantibus
1062 1835 1164 1900 literis
1189 1836 1307 1900 nostris
1331 1833 1462 1899 stabiliti

335 1945 457 2010 tenoris
473 1951 666 2028 perpetuare
683 1943 875 2022 debuissent,
885 1944 1016 2009 tandem
1026 1943 1120 2009 dictis
1130 1945 1251 2010 octavis
1262 1943 1365 2008 sancti
1381 1941 1462 2024 regis

336 2051 493 2136 Stephani
509 2053 761 2132 occurrentibus
777 2054 994 2137 prenominati
1019 2053 1215 2120 Benedictus
1240 2059 1273 2118 et
1297 2051 1462 2118 lohannes

334 2161 548 2244 personaliter
573 2168 803 2247 comparentes,
824 2161 1057 2228 dimidietatem
1083 2162 1293 2246 possessionis
1322 2162 1462 2245 ipsorum

335 2268 477 2354 Felsynlr
501 2277 620 2349 vocate,
645 2271 678 2336 in
702 2271 856 2336 comitatu
871 2270 1095 2356 Zemlenyensi
1120 2273 1212 2336 iuxta
1227 2269 1358 2336 fluvium
1373 2267 1463 2354 Lyka
1571 2333 1572 2350 ,

336 2383 373 2442 ut
396 2377 522 2458 dicitur,
533 2378 709 2456 existentis,
725 2399 784 2462 pro
800 2377 1007 2444 divisionaria
1022 2379 1190 2445 sanccione
1206 2384 1239 2445 et
1254 2379 1464 2462 complecione

336 2484 431 2550 simul
447 2508 520 2552 cum
536 2487 600 2552 alia
624 2486 824 2551 dimidietate
850 2486 1002 2566 eiusdem,
1027 2509 1126 2570 quam
1151 2493 1247 2552 antea
1272 2486 1375 2551 dictus
1391 2485 1462 2551 Bla·

336 2595 401 2660 sius
434 2601 529 2679 pater
562 2597 706 2680 ipsorum
730 2594 947 2661 mediantibus
981 2595 1083 2660 literis
1108 2594 1269 2678 quondam
1287 2643 1317 2658 ..
1348 2592 1463 2658 Karoli

335 2703 467 2786 regis..
492 2711 524 2768 et
552 2704 669 2770 nostris
694 2703 880 2787 patentibus
905 2723 942 2767 ac
968 2703 1027 2768 suh
1051 2703 1234 2769 testimonio
1259 2701 1397 2768 hominis
1413 2723 1463 2766 no

335 2812 394 2876 stri
410 2811 520 2876 metali
538 2811 746 2877 distinecione
772 2811 813 2876 ab
830 2811 895 2876 alia
920 2811 1119 2895 possessione
1145 2833 1204 2876 sua
1222 2809 1336 2876 Murra
1353 2815 1462 2874 vocata
1572 2873 1573 2888 ,

336 2921 515 3004 separando
531 2921 650 2986 eisdem
668 2918 775 3004 (filiis)
792 2919 964 2986 Michaelis
974 2919 1114 2985 dedisset
1130 2924 1163 2984 et
1177 2925 1255 2986 tunc
1270 2919 1463 2998 contulisset,
1572 2961 1573 2966 η

335 3028 381 3092 sic
399 3033 432 3092 et
447 3050 532 3093 nnnc
552 3027 614 3112 ipsi
641 3049 713 3093 cum
740 3029 806 3093 suis
824 3078 829 3092 .
847 3077 853 3090 .
877 3027 1092 3112 pertinenciis,
1109 3026 1168 3092 sub
1179 3025 1303 3091 eisdem
1319 3025 1463 3091 metisse

334 3133 586 3202 limitaciouibus
602 3158 660 3220 per
676 3135 811 3200 eundem
829 3136 1108 3219 patremipsorum
1127 3131 1198 3218 de(
1200 3183 1302 3200 .....
1304 3131 1319 3219 )
1336 3157 1350 3199 s
1374 3134 1463 3199 dede

335 3248 410 3306 runt
436 3249 468 3307 et
493 3243 701 3308 contulerunt
726 3243 911 3307 memoratis
936 3241 1088 3306 Barnabe
1114 3241 1138 3306 J
1140 3240 1240 3306 acobo
1255 3240 1412 3306 Ludislao
1435 3245 1463 3304 et

334 3349 438 3414 Paulo
455 3350 530 3415 filiis
547 3351 688 3415 eiusdem
708 3349 879 3415 Michaelis
899 3371 937 3416 ac
953 3351 1096 3434 ipsorum
1111 3348 1283 3414 heredibus
1299 3400 1306 3414 .
1325 3401 1330 3412 .
1355 3370 1464 3433 peren·

335 3457 402 3522 nali
436 3457 507 3522 iure
538 3458 762 3542 possidendam
790 3510 820 3525 ..
853 3457 978 3524 nullum
1013 3459 1063 3524 ins
1098 3506 1130 3522 ..
1154 3457 1232 3523 dicti
1268 3455 1327 3522 filii
1364 3455 1464 3522 Blasii

335 3565 474 3650 amplius
490 3588 549 3650 pro
566 3588 599 3632 se
616 3568 649 3632 in
666 3567 776 3632 eadem
802 3571 1021 3650 reservantem
1047 3589 1064 3631 e
1089 3587 1240 3632 converso
1263 3571 1373 3631 autem
1398 3584 1465 3650 pre·

336 3673 413 3740 tacti
429 3673 574 3738 Jacobus
591 3681 623 3738 et
638 3673 811 3739 Ludislaus
827 3673 886 3738 filii
902 3673 1075 3739 Michaelis
1092 3695 1163 3739 cum
1179 3673 1290 3738 eodem
1306 3669 1465 3738 Michaele

334 3801 434 3866 puero
450 3779 516 3844 filio
533 3781 633 3865 ipsius
649 3780 795 3846 Ladislai
812 3781 1033 3865 personaliter,
1049 3803 1108 3865 pro
1118 3781 1284 3847 annotatis
1299 3779 1464 3846 veroBar-

335 3888 419 3953 naba
436 3896 468 3953 et
483 3889 589 3955 Paulo
605 3888 761 3954 fratribus
778 3889 844 3954 suis
860 3889 944 3954 idem
970 3889 995 3954 J
996 3889 1115 3955 acohus
1141 3911 1212 3956 cum
1233 3887 1465 3954 sufficientibus

334 3996 436 4062 literis
452 3997 683 4080 procuratoriis
707 4047 737 4064 ..
762 4004 994 4080 comparentes,
1020 3999 1235 4082 possessiones
1252 3995 1377 4074 Morva,
1401 3997 1466 4060 Ra-

334 4101 459 4185 kolch(
471 4153 572 4172 .....
584 4104 597 4189 )
623 4103 736 4189 salu(
746 4155 871 4172 ......
884 4104 897 4189 )
924 4106 958 4170 in
983 4105 1093 4172 eodem
1113 4107 1269 4173 comitatu
1294 4105 1466 4187 Zemleny·

335 4213 402 4278 ensi
419 4219 452 4278 et
467 4214 558 4280 iuxta
574 4215 695 4280 dictum
713 4213 845 4280 fluvium
862 4215 955 4300 Lyka
971 4222 1008 4280 ut
1023 4215 1162 4280 refertur
1181 4214 1375 4292 adiacentes,
1395 4235 1466 4279 cum

335 4343 445 4388 earnm
462 4373 468 4388 .
487 4373 493 4388 .
516 4326 725 4410 pertinenciis
750 4347 787 4391 ac
814 4325 872 4391 sub
897 4327 1039 4407 antiquis
1056 4325 1151 4392 metis
1167 4374 1198 4394 ..
1223 4323 1341 4407 quihus
1357 4325 1467 4390 eedem

334 4431 492 4498 hactenus
508 4455 567 4518 per
583 4435 703 4500 dictum
729 4433 877 4498 Blasium
901 4431 1003 4498 filium
1028 4431 1200 4498 Michaelis
1216 4437 1249 4498 et
1264 4453 1340 4498 suos
1355 4431 1468 4516 prede-

335 4563 475 4608 cessores
491 4542 600 4608 habite
617 4542 752 4609 fuissent
769 4549 801 4608 et
816 4562 970 4626 possesse,
986 4546 1136 4626 exparte
1161 4541 1304 4626 ipsorum
1320 4542 1468 4626 reliquis·

335 4657 406 4716 seut
431 4657 463 4714 et
487 4672 611 4716 exnunc
635 4651 737 4716 nostri
756 4650 788 4714 iu
816 4650 1029 4733 presencia..
1052 4649 1256 4732 reliquerunt
1280 4651 1469 4716 memoratis
