3180 5466
532 535 625 610 1351.
642 566 711 610 rur.
728 551 757 609 8.
1147 550 1211 611 499

88 725 202 788 directe
227 725 270 788 ad
296 725 491 790 occidentem
523 728 610 790 venit
634 725 676 788 ad
701 731 821 788 metam
837 730 989 802 terream,
1014 725 1053 788 de
1081 746 1145 806 qua
1161 746 1217 807 pa-

89 855 213 916 rumper
230 839 357 898 contra·
368 833 478 898 villam
503 832 683 916 Sclabonya
708 839 854 898 vocatam
871 854 927 898 seu
943 839 1071 916 partem
1086 833 1215 898 meridi-

89 943 208 1007 onalem
224 944 311 1008 venit
328 944 369 1008 ad
395 942 558 1026 quoddam
583 943 690 1025 potul,
716 942 770 1007 ubi
803 949 994 1022 summoto,
1019 941 1137 1006 abhinc
1162 964 1220 1026 per

89 1051 188 1132 ipsum
206 1052 306 1134 potok
323 1057 437 1115 contra
452 1057 578 1133 partem
604 1050 764 1134 aquilonis
780 1051 866 1114 venit
882 1050 923 1114 ad
943 1050 1108 1132 quandam
1125 1051 1208 1114 riam

86 1179 138 1241 per
153 1181 252 1240 quam
266 1160 372 1241 ipsum
389 1159 487 1242 potolr
503 1161 680 1242 pertransit
705 1159 884 1224 admotam
908 1164 1058 1240 terream,
1084 1159 1122 1223 de
1149 1181 1216 1241 qua

87 1287 140 1348 per
156 1267 293 1332 eandem
310 1269 394 1332 viam
410 1273 523 1331 contra
547 1268 747 1332 occidentem
772 1267 859 1331 venit
884 1266 926 1330 ad
946 1266 1066 1330 bivium
1082 1265 1130 1330 rie
1146 1287 1211 1330 me·

88 1381 216 1454 mutate,
232 1375 288 1439 ubi
304 1383 354 1440 est
371 1383 466 1454 meta,
479 1375 593 1440 deinde
610 1397 668 1457 per
683 1375 847 1458 quandam
865 1377 1012 1440 semitam
1029 1395 1095 1458 qua
1110 1375 1176 1438 itur
1186 1375 1219 1438 in

87 1481 274 1567 Gpermath,
290 1486 379 1550 venit
395 1485 437 1550 ad
453 1484 553 1567 potok
568 1483 713 1548 Zelchau
725 1484 956 1567 supradictum,
967 1485 1058 1548 iuxta
1074 1483 1159 1565 quod
1170 1490 1220 1546 est

89 1599 171 1656 meta
187 1598 306 1672 terrea,
323 1590 431 1672 ibique
447 1590 671 1654 terminantur.
703 1590 745 1653 In
762 1589 851 1654 euius
868 1591 915 1654 rei
931 1589 1059 1654 evidens
1074 1590 1218 1654 testimo-

90 1701 173 1763 nium
206 1706 372 1783 presentes
404 1699 444 1764 ad
476 1698 651 1782 peticiones
687 1699 831 1780 parcium
872 1697 1045 1780 alphabeto
1076 1699 1219 1781 precisas

87 1810 299 1873 concessimus
315 1806 422 1890 sigillo
438 1811 547 1870 nostro
573 1805 736 1870 autentico
762 1827 782 1868 a
807 1811 899 1887 tergo
925 1805 1161 1888 consignand03
1185 1811 1218 1869 et

85 1915 156 1980 dum
173 1922 341 1999 presentes
357 1913 449 1978 nobis
476 1913 736 1996 reportabuntur,
753 1914 786 1976 in
805 1920 933 1976 nostras
958 1912 1071 1978 literas
1087 1913 1215 1996 privile-

83 2023 180 2104 giales
198 2073 204 2084 .
223 2073 230 2087 .
254 2021 387 2088 rescribi
415 2021 577 2087 faciemus,
604 2022 728 2086 Datum
743 2021 824 2086 feria
841 2022 955 2106 quinta
974 2023 1121 2105 proxima
1138 2027 1213 2086 ante

82 2130 196 2195 festum
213 2133 431 2214 Pentecosten,
448 2151 532 2195 anno
549 2130 669 2195 domini
686 2131 738 2194 M⁰
766 2128 864 2196 000⁰
892 2129 958 2195 ΗΜ
975 2129 1087 2215 primo,

187 2314 270 2363 Fortu
284 2313 574 2377 chyrographummal‚
589 2311 734 2374 httlapjtn
748 2309 840 2374 pecstt
851 2311 1028 2375 nycmaiva13
1048 2310 1179 2374 eredetije
1198 2327 1215 2360 a

81 2403 112 2450 N.
129 2403 325 2452 Muzeumban.

80 2959 177 3021 1351.
196 2958 303 3036 Bada,
313 2962 385 3042 jun.
401 2962 430 3021 8.
455 2957 570 3021 Ldazdd
592 2959 729 3020 csaamci
747 2959 876 3042 pre'poet
900 2959 931 3021 e'e
955 2958 1016 3022 loir.
1034 2959 1125 3022 titlcos
1141 2981 1212 3022 cuu-

76 3065 178 3129 celtu·
194 3065 266 3130 eldtt
292 3089 312 3128 a
340 3065 419 3130 Poto
443 3064 661 3149 uemzetsdqbd'l
681 3064 754 3128 eald
772 3066 896 3130 Luddcs
919 3065 965 3142 flu
982 3064 1072 3151 Aper
1087 3068 1118 3129 de
1133 3069 1212 3150 uey‘e,

82 3173 273 3238 'lbdekezdlld
304 3183 385 3238 rreott
413 3175 593 3238 birlolculcut
632 3199 653 3238 a
686 3176 816 3260 pertaesi
843 3173 1103 3258 paulinusolcuak
1138 3173 1211 3238 ade·

547 3285 744 3368 mduyozzdlc.

187 3444 258 3510 Nos
273 3445 448 3511 Ladislaus
465 3448 646 3530 prepositus
671 3445 802 3510 ecclesie
828 3444 1011 3511 Casmeusis
1032 3467 1137 3512 comes
1162 3468 1213 3512 ca-

73 3555 160 3638 pelle
188 3561 221 3618 et
245 3553 440 3621 secretarius
466 3555 678 3619 cancellarius
703 3554 825 3619 domini
850 3554 1005 3620 Lodorici
1021 3603 1051 3620 ..
1077 3558 1211 3638 regis..

72 3663 230 3726 memorie
247 3663 515 3741 commendamus
529 3663 614 3745 quod
638 3662 793 3744 magister
809 3661 902 3748 Apor
930 3661 1016 3726 filius
1032 3661 1212 3727 Luchacbii

72 3771 111 3834 de
129 3769 294 3836 Tadeuka
309 3771 348 3834 de
365 3765 480 3853 gedere
496 3771 583 3835 Poth
600 3775 631 3834 et
647 3770 765 3834 nobilis
783 3770 912 3834 domina
928 3790 1058 3834 consors
1076 3769 1211 3835 suafilia

70 3880 238 3963 magistrii
255 3878 429 3944 Laurencii
446 3879 486 3944 de
497 3879 633 3961 Korogh
643 3880 811 3944 acPetrus
827 3877 912 3942 filius
927 3898 1037 3942 eorum
1053 3900 1112 3961 pro
1129 3901 1162 3943 se
1179 3885 1212 3942 et

70 4009 130 4071 pro
147 3987 175 4052 ,J
177 3989 306 4052 ohanne
323 3988 470 4053 similiter
494 3987 560 4052 filio
586 3988 728 4071 ipsorum
753 4009 861 4052 coram
887 3985 978 4050 nobis
997 3987 1210 4069 personaliter
1255 4053 1259 4060 ,

69 4096 299 4180 comparendo,
314 4097 440 4160 vineam
455 4096 598 4178 ipsorum
614 4102 650 4160 ut
665 4101 875 4160 asseruerunt
898 4094 1069 4178 emticiam,
1085 4096 1118 4159 in
1134 4093 1211 4159 villa

70 4205 227 4270 Potbacb
243 4205 413 4268 comitatus
429 4203 468 4268 de
484 4204 637 4288 Baranya
660 4225 759 4288 prope
775 4204 954 4269 claustrum
969 4203 1062 4268 beate
1077 4204 1210 4286 virginis

68 4313 198 4376 ordinis
229 4313 333 4376 sancti
363 4311 459 4376 Pauli
485 4312 581 4394 primi
612 4311 803 4377 heremitea
829 4317 922 4394 parte
954 4311 1208 4394 septemtrionali

67 4422 286 4497 adiacentem,
302 4421 393 4484 iuxta
409 4441 522 4484 cursus
539 4441 671 4485 suarum
686 4422 852 4486 metalium
863 4420 1118 4499 distinccionum,
1134 4441 1207 4484 cum

66 4529 223 4594 omnibus
240 4529 307 4591 suis
323 4527 528 4610 utilitatibus,
546 4529 591 4592 nil
617 4529 677 4594 sibi
704 4531 745 4594 ab
762 4529 849 4594 intra
865 4527 1025 4592 dictarum
1041 4527 1208 4593 metalium

65 4637 322 4702 distinccionum
333 4659 463 4701 suarum
474 4638 673 4715 reservanda
685 4659 743 4720 pro
755 4639 860 4702 salute
871 4638 1055 4702 animarum
1065 4637 1207 4718 ipsorum

66 4745 232 4828 quamdiu
248 4745 473 4810 desiderantur
491 4746 532 4812 ab
548 4747 706 4810 altissimo
725 4747 878 4810 adlectant
895 4753 1040 4810 creatore
1066 4745 1206 4810 omnium

1050 4875 1099 4923 aa*
