3226 5462
354 446 393 523 16
704 460 891 522 intonsum
907 461 1121 522 otulnirltt

349 643 458 720 partes
467 637 688 704 maritimasin
698 637 803 702 stadio
813 635 934 702 literali
944 633 1128 722 machad)
1139 636 1263 718 absque
1272 629 1484 720 ipsorumque

350 748 578 812 interesscncia
593 767 690 829 super
714 745 800 812 facto
816 751 985 828 prenotato
1001 745 1171 812 Johannes
1195 743 1282 811 filius
1306 745 1484 830 Pangrscii

350 875 410 937 pro
425 854 511 920 dicto
527 855 682 938 magistro
692 853 716 919 J
719 853 844 918 ohanne
854 853 921 918 fflio
936 853 1058 919 Briccii
1074 905 1081 918 .
1097 907 1104 920 .
1120 854 1334 937 comparando
1345 852 1483 920 eundem

350 963 545 1048 respondere
554 984 618 1028 non
628 983 722 1047 posse
732 962 899 1048 allegerat,
915 984 974 1030 nec
990 963 1176 1033 eorumdem
1192 961 1332 1029 filiorum
1348 961 1483 1029 Leukus

345 1078 415 1138 etas
425 1073 606 1138 admistum
616 1093 651 1140 se
660 1077 851 1156 maturaret,
868 1078 1013 1156 utsuper
1023 1072 1108 1139 facto
1118 1074 1221 1157 ipsius
1231 1072 1483 1157 possessicnarie

345 1179 509 1247 divisionis
518 1187 597 1247 tunc
606 1201 665 1264 pro
675 1202 709 1246 se
718 1180 895 1247 valuissent
910 1183 1074 1247 commode
1083 1181 1285 1264 respondere,
1310 1201 1369 1264 pro
1386 1201 1423 1245 eo
1439 1180 1483 1245 ad

345 1291 479 1356 terciam
494 1277 728 1356 revolucionem
754 1289 928 1355 annualem
944 1295 1131 1356 octavarum
1147 1290 1220 1356 festi
1235 1289 1482 1356 Purificacionis

345 1398 479 1482 virginis
495 1397 633 1482 gloriose
648 1404 726 1464 tunc
741 1400 868 1464 venturi
884 1399 976 1464 iuxta
992 1400 1229 1464 continenciam
1248 1400 1394 1482 priorum
1409 1397 1481 1462 lite-

346 1525 457 1570 rarum
474 1513 657 1588 nostrarum
674 1505 921 1588 distuleramus3
937 1507 1149 1591 deinumipsa
1161 1509 1263 1573 tercia
1278 1506 1481 1573 revolucione

346 1614 480 1679 annuali
490 1619 675 1680 octavarum
688 1614 762 1682 festi
778 1613 1023 1681 Purificacionis
1034 1617 1168 1699 virginis
1178 1615 1316 1699 gloriose
1326 1614 1386 1680 sub
1396 1635 1481 1680 anno

346 1716 466 1787 domini
482 1723 557 1788 Μ’110
574 1719 694 1788 ΟΟΟῃὶιο
709 1723 815 1788 XL¹¹¹⁰
831 1725 968 1806 septimo
978 1723 1082 1789 habiti
1092 1730 1288 1806 occurrente,
1304 1744 1480 1806 prememo-

346 1832 410 1894 rati
427 1830 452 1896 J
453 1832 596 1897 ohannes
613 1838 645 1896 et
661 1831 805 1898 Michael
821 1830 881 1896 filii
897 1829 1031 1915 Georgii
1046 1831 1158 1898 fratris
1176 1833 1298 1897 Briccii
1308 1831 1348 1896 de
1364 1852 1481 1915 genere

347 1936 535 2004 Guthkeled
551 1939 592 2005 ab
607 1959 681 2022 una,
706 1941 854 2022 magistri
879 1940 904 2004 J
906 1940 1048 2005 ohannes
1073 1947 1105 2006 et
1130 1939 1287 2006 Nicolaus
1318 1939 1377 2004 filii
1402 1941 1481 2004 dicti

346 2046 468 2112 Briccii
484 2068 522 2112 ac
538 2047 734 2113 Benedictus
765 2046 851 2112 filius
867 2046 1009 2127 Leukas,
1034 2047 1093 2114 filii
1110 2045 1393 2114 eiusdem'Briccii
1409 2069 1482 2131 per-

347 2153 501 2220 sonaliter
526 2175 584 2238 pro
609 2174 652 2236 se,
670 2175 735 2236 ¹pro
760 2154 860 2219 Petro
884 2175 959 2220 vero
984 2155 1084 2221 fratre
1110 2177 1168 2222 sno
1203 2157 1331 2222 uterino
1357 2177 1480 2222 cum..

347 2263 452 2328 literis
479 2263 713 2347 procuratoriis
738 2295 768 2326 ;.
794 2269 887 2345 parte
918 2284 957 2327 ex
989 2264 1092 2329 altera
1117 2285 1228 2329 coram
1253 2265 1344 2330 nobis
1370 2283 1478 2346 perso-

347 2369 465 2436 naliter
480 2371 656 2466 constituti‚
672 2377 909 2453 proposuerunt
924 2423 931 2436 .
948 2421 955 2436 .
973 2371 1061 2454 quod
1075 2373 1139 2456 ipsi
1155 2375 1257 2439 nostri
1280 2373 1482 2456 palatinatus

347 2477 542 2544 reformandi
567 2479 760 2544 auctoritate
785 2479 960 2561 impetrata
986 2481 1076 2562 prius
1101 2485 1135 2544 et
1159 2480 1300 2559 obtenta,
1326 2480 1481 2563 composi-

348 2587 499 2652 cionariis
524 2584 809 2652 reformacionibus
832 2585 992 2651 baronum
1017 2589 1175 2670 regnique
1200 2587 1358 2654 nobilium
1382 2590 1481 2653 inter-

347 2695 601 2772 venientibus,ut
610 2693 724 2759 amodo
735 2692 922 2778 etdeinceps
933 2697 1087 2777 premisse
1096 2695 1292 2778 litigionarie
1299 2696 1481 2777 quescionis

350 2802 550 2869 discolcsitas
574 2802 702 2866 racione
719 2800 803 2867 dicte
834 2803 1085 2884 possessionamc
1109 2803 1276 2870 divisionis
1306 2805 1391 2870 inter
1423 2825 1478 2869 eos

350 2909 562 2995 usquemodo
578 2917 691 2975 exorta
706 2915 740 2974 et
754 2909 933 2976 diutissime
957 2911 1115 2977 ventilata
1140 2913 1230 2995 pacis
1246 2913 1358 2996 gracia
1374 2932 1480 2978 succe-

348 3023 442 3087 dente
459 3019 620 3103 sopiretur
636 3023 668 3082 et
683 3023 895 3102 evanesceret,
908 3019 1159 3100 sequeiraternc
1175 3021 1346 3086 charitatis
1356 3019 1480 3086 fervore

350 3129 502 3214 amplecti
517 3133 649 3211 possent
664 3132 697 3192 et
711 3126 827 3206 fovere,
845 3149 904 3193 nec
919 3128 1038 3195 abhinc
1053 3129 1140 3196 inter
1156 3152 1210 3196 eos
1225 3130 1275 3196 vel
1291 3129 1425 3198 heredes
1442 3151 1481 3194 ac

349 3257 549 3304 successores
559 3235 743 3302 eorumdem
753 3237 825 3318 ipsa
835 3238 1089 3320 posscssionaria
1098 3239 1211 3305 divisio
1223 3258 1388 3321 quoquam
1399 3241 1478 3303 tem-

348 3348 435 3430 poris
444 3349 478 3410 in
490 3352 604 3410 eventu
614 3365 697 3409 nova
706 3345 1087 3428 iurgiorumdiscrimina
1097 3353 1129 3411 et
1138 3346 1249 3412 licium
1260 3345 1414 3413 scandala
1422 3345 1480 3410 ali-

352 3463 512 3538 quatenus
529 3453 650 3520 valeret
670 3472 834 3536 generare,
848 3435 904 3518 sed
914 3454 978 3519 iam
994 3453 1130 3520 dicenda
1140 3455 1393 3538 possessionaria
1403 3435 1481 3519 divi·

347 3565 394 3628 sic
404 3560 672 3646 presentibusque
680 3559 851 3625 inserenda
860 3567 1015 3643 perpetue
1024 3561 1188 3627 firmitatis
1199 3615 1205 3627 .
1217 3612 1223 3627 .
1233 3562 1333 3627 robur
1350 3561 1474 3627 valeret

348 3673 502 3750 obtinere,
517 3669 627 3736 taliter
643 3721 650 3734 .
668 3721 673 3734 .
690 3669 926 3736 concordarunt
941 3691 1050 3736 coram
1065 3671 1173 3737 nobis:
1192 3671 1390 3753 quodtercia
1400 3692 1477 3754 pars

348 3779 507 3863 porcionis
523 3777 667 3860 ipsorum
682 3776 822 3843 filiorum
832 3777 951 3844 Briccii
960 3779 993 3843 in
1004 3779 1074 3844 iure
1084 3785 1275 3863 patronatus
1291 3781 1479 3845 monasterii

349 3890 483 3972 virginis
509 3886 648 3971 gloriose
673 3884 959 3954 Odonmonustura
984 3891 1162 3973 nuncupati
1187 3889 1383 3955 hereditario
1407 3889 1478 3953 iure

348 3995 527 4079 ipsosfilios
537 3995 657 4061 Briccii
667 3993 837 4061 etLeucus
853 3997 1076 4080 contingentis,
1092 3998 1125 4061 in
1136 3999 1319 4080 porcionem
1334 3999 1479 4080 ipsorum

349 4103 489 4170 liliorum
505 4101 640 4187 Georgii
657 4124 714 4186 per
729 4101 859 4168 modurn
876 4103 1039 4170 divisionis
1056 4103 1253 4185 devenisset3
1269 4105 1479 4186 possessionis

349 4218 458 4278 autem
475 4211 601 4278 Abram
618 4213 651 4276 in
676 4212 831 4277 comitatu
847 4211 1032 4278 Bihoriensi
1058 4213 1225 4278 existentis
1251 4233 1305 4277 eos
1330 4211 1479 4276 similiter

458 4393 484 4454 *l
497 4396 574 4444 Euan
585 4393 669 4444 Peter
682 4409 698 4444 a
712 4393 807 4444 varadi
821 4395 1012 4456 ktptalannak
1025 4391 1090 4458 maj.
1102 4394 1167 4444 tan
1183 4396 1318 4444 1347-ben
1331 4393 1390 4443 kelt
1403 4393 1478 4443 okle·

350 4483 410 4534 vele
423 4485 525 4534 szcrint
535 4483 631 4534 vtrsdi
640 4483 771 4534 kanonck
780 4486 848 4534 volt.
858 4486 889 4534 L.
904 4484 978 4533 Orsa.
991 4485 1035 4532 Lt.
1046 4483 1113 4546 dipl.
1128 4491 1196 4532 oszt.
1208 4489 1286 4534 4901.
1299 4483 1478 4549 Genealogiai

260 4577 261 4581 ’
352 4575 506 4625 rnunlstink
517 4575 602 4640 megia
615 4581 660 4624 ezt
681 4575 786 4638 tartjatk
799 4589 831 4624 az
845 4573 933 4624 ecsedi
955 4574 1117 4636 Betthoryak
1136 4575 1245 4624 tsenek.
1264 4575 1294 4623 L.
1306 4574 1386 4638 Nagy
1409 4574 1479 4625 Ivan

350 4667 387 4716 Μ.
402 4667 433 4715 0.
447 4666 574 4715 Osaladai
587 4668 608 4715 Ι.
624 4671 683 4716 218.
698 4667 715 4712 l.
