3188 5470
506 507 600 568 1349.
617 524 689 568 pov.
707 509 757 568 26.
1144 511 1204 572 341

81 702 138 766 que
155 684 284 763 iniquos
310 687 342 746 et
357 681 501 747 infideles
526 681 581 748 diu
606 686 719 765 nequit
744 687 903 749 sustinere
922 708 981 752 nee
998 689 1122 772 patitur
1139 689 1206 754 suis

80 791 217 874 peccatis
242 789 452 873 exigentibus,
477 791 602 856 exstitit
626 793 835 873 interemtum
859 795 950 859 cuius
970 797 1116 860 universe
1132 817 1203 880 pos-

81 901 235 964 sessiones
251 905 284 963 et
299 899 549 981 possessionarie
574 899 741 982 porciones
760 921 798 966 ac
813 902 885 965 iura
910 902 1029 984 ubique
1045 904 1079 968 in
1095 911 1205 970 nostru

82 1028 177 1089 regno
193 1009 375 1086 existentes,
392 1015 424 1073 et
440 1009 624 1092 specialiter
640 1009 783 1092 predicte
800 1007 957 1094 Galgoob,
974 1013 1104 1097 Wylok,
1120 1014 1207 1082 Vad-

81 1117 209 1192 rarnuk,
226 1114 313 1198 Saag
331 1125 363 1181 et
378 1116 501 1201 Dyweh
517 1125 627 1184 vocate
644 1120 677 1183 in
693 1120 847 1184 comitatu
863 1119 1008 1202 predicto
1025 1123 1207 1202 existentes,

80 1224 188 1288 habita
215 1231 346 1289 matura
374 1224 608 1290 deliberacione
639 1227 838 1310 prelatorum
870 1235 902 1291 et
932 1227 1089 1292 baronum
1115 1231 1206 1312 regni

80 1336 186 1412 nostri,
203 1337 273 1400 iure
298 1343 331 1400 ct
355 1335 497 1420 legitime
522 1336 671 1402 manibus
702 1337 800 1419 regiis
826 1337 989 1420 applicate
1020 1336 1153 1402 fuerunt
1179 1345 1210 1403 et

79 1443 230 1526 desolate,
248 1463 357 1508 omnes
372 1465 570 1509 successores
596 1447 629 1508 et
653 1443 860 1528 posteritates
886 1443 1038 1523 eiusdem,
1054 1465 1095 1508 ne
1111 1447 1208 1510 ceteri

78 1551 174 1617 simili
197 1553 373 1617 temeraria
406 1554 628 1635 presumoione
663 1552 837 1636 exemplati
868 1553 956 1636 regie
987 1561 1209 1636 presummant

80 1660 234 1726 insultare
250 1661 422 1738 maiestati,
439 1661 558 1726 eisdem
574 1661 721 1726 omnibus
746 1660 998 1746 possessionibus
1024 1667 1056 1725 et
1081 1661 1206 1728 iuribus

79 1768 240 1848 quibusvis
256 1769 405 1853 spoliatis
421 1776 453 1834 et
469 1771 612 1853 privatis,
629 1791 710 1852 quas
721 1770 806 1834 idem
816 1769 964 1834 dominus
982 1775 1075 1853 pater
1093 1776 1202 1835 noster

78 1883 106 1940 et
119 1877 250 1942 demum
267 1899 334 1960 nos,
351 1879 460 1943 divina
485 1879 660 1944 clemencia
685 1879 846 1943 mediante
871 1879 964 1960 regni
990 1879 1147 1961 regimine
1163 1879 1205 1942 ad

78 2005 128 2048 nos
154 1984 314 2063 devoluto,
331 1985 475 2069 legitime
499 1985 697 2069 possidentes
723 2006 957 2067 conservamus,
974 1985 1060 2050 omni
1082 1986 1121 2050 de
1137 1986 1207 2050 iure

77 2092 242 2157 collacioni
259 2099 368 2158 nostre
384 2094 471 2176 regie
487 2093 695 2178 pertinentes,
712 2115 784 2158 cum
795 2091 942 2158 omnibus
959 2097 992 2157 et
1009 2093 1208 2174 quibuslibet

76 2201 219 2281 ipsarum
245 2201 439 2267 utilitatibus
465 2207 498 2266 et
522 2202 730 2284 pertinenciis
755 2200 921 2290 universis,
948 2201 1007 2266 sub
1032 2203 1098 2268 suis
1124 2203 1208 2267 veris

76 2308 165 2372 ruetis
183 2315 216 2372 et
232 2311 384 2390 antiquis,
401 2309 518 2391 quibus
546 2309 702 2374 haetenus
726 2309 836 2373 habite
863 2311 1056 2376 exstiterunt
1080 2317 1112 2375 et
1136 2332 1208 2394 pos-

78 2437 169 2494 sesse,
180 2417 302 2482 eisdem
318 2420 482 2502 magistris
501 2417 637 2483 Nicolao
653 2425 686 2484 et
695 2418 834 2484 Lewkus
845 2421 882 2482 ac'
897 2439 955 2500 per
972 2439 1025 2482 eos
1035 2418 1207 2483 Bartholo

75 2545 142 2588 meo
158 2524 255 2589 fratri
272 2527 456 2591 eorumdem
472 2533 504 2591 et
519 2527 662 2608 ipsorum
676 2524 913 2591 suecessoribus
930 2547 968 2590 ac
984 2545 1205 2592 successorum

75 2632 277 2698 etheredum
294 2633 475 2699 eorumdem
492 2633 738 2718 posteritatibus
764 2633 928 2714 universis,
945 2633 984 2697 de
1000 2633 1201 2717 plenitudine

75 2747 180 2805 nostre
207 2741 315 2823 gracie
340 2741 379 2806 de
395 2740 664 2823 beneplacitaque
683 2741 848 2807 voluntate
872 2740 999 2806 domine
1026 2742 1136 2824 regine
1152 2764 1204 2827 ge·

74 2849 203 2914 neb-icis
219 2857 328 2914 nostre
344 2850 521 2927 karissime,
537 2848 736 2932 prelatorum
755 2857 787 2914 et
811 2849 969 2914 baronum
995 2851 1086 2934 regni
1102 2851 1205 2916 nostri

74 2957 204 3022 consilio
221 2963 408 3040 prematuro
426 3007 431 3019 .
449 3007 455 3020 .
472 2957 661 3022 donavimus
678 3009 683 3021 .
702 3007 708 3019 .
725 2959 789 3021 imo
805 2978 885 3022 nove
906 2958 1091 3023 donacionis
1107 2959 1205 3023 titulo

74 3068 185 3132 (lamus
202 3073 235 3132 et
261 3065 454 3132 conserimus
479 3073 635 3150 perpetuo
661 3073 692 3130 et
717 3065 1205 3151 irrevocabiliterpossidendas,

73 3225 78 3236 .
95 3225 101 3237 .
119 3175 216 3239 saleis
232 3175 358 3239 iuribus
369 3175 490 3254 alienis,
501 3177 737 3240 committentes
747 3175 969 3241 universorum
985 3197 1205 3242 successorum

73 3284 118 3348 rel
134 3284 364 3368 posteritatem
381 3283 458 3348 dicti
475 3282 552 3349 Aba
574 3285 680 3368 magni
707 3285 811 3349 nostri
837 3284 984 3363 infidelis,
1010 3286 1060 3351 ius
1085 3283 1145 3350 sibi
1171 3284 1204 3348 in

72 3392 166 3457 (lictis
182 3390 438 3475 possessionibus
455 3392 660 3472 aliquatenus
677 3391 845 3456 vendicare
862 3393 1073 3475 cupiencium,
1089 3391 1203 3457 literas

71 3499 343 3583 inquisicionalcs,
359 3500 614 3584 protestatorias,
638 3499 687 3564 vel
713 3500 822 3582 aliquo
847 3501 945 3565 titulo
970 3502 997 3566 si
1023 3521 1104 3582 quas
1121 3521 1204 3566 ema·

70 3609 141 3672 nari
156 3606 266 3673 iacere
292 3612 505 3690 procurarent
520 3607 569 3672 vel
590 3617 819 3689 procurassent
842 3614 955 3672 eontra
979 3608 1121 3692 prefatos
1137 3627 1203 3672 ma·

70 3717 189 3797 gistros
214 3714 389 3780 Nicolaum
414 3715 547 3780 Leukus
564 3721 597 3778 et
613 3715 882 3780 Bartholomeum
908 3721 940 3780 et
964 3736 1075 3780 eorum
1099 3723 1204 3798 poste-

70 3824 194 3904 ritates,
210 3837 321 3887 carere
337 3821 459 3886 viribus
476 3823 641 3904 strigem,
657 3823 721 3886 imo
737 3821 846 3886 eedem
856 3821 949 3887 litere
969 3821 1203 3888 exhibitoribus

68 3931 215 4014 ipsarum
239 3929 328 3994 velut
357 3929 539 3994 infidelibus
564 3928 728 4012 regalibus
754 3933 895 3994 existant
910 3949 969 4013 per
985 3930 1092 3994 omnia
1116 3931 1203 3995 noci-

69 4047 152 4114 ture,
176 4039 414 4122 promittentes,
437 4043 474 4102 ut
498 4037 736 4124 quamprimum
768 4043 932 4119 presentes
966 4035 1058 4100 nobis
1082 4035 1204 4102 fuerint

69 4153 244 4230 reportate,
262 4146 391 4212 easdem
407 4145 590 4210 informem
609 4146 710 4210 nostri
727 4145 887 4227 privilegii
912 4146 1014 4228 redigi
1040 4145 1202 4212 iaciemus.

68 4255 194 4322 Datum
219 4257 323 4334 Bude,
346 4258 380 4321 in
406 4258 525 4321 octaris
550 4256 623 4322 festi
649 4255 742 4321 beate
768 4255 947 4334 Elisabeth,
971 4277 1056 4321 anno
1081 4257 1202 4322 domini

69 4365 119 4429 ,Ψ
145 4362 268 4433 000Π10
284 4361 390 4429 XL¹¹¹⁰
405 4385 498 4429 nono.

178 4527 332 4591 Hatlapjen
345 4543 362 4577 a
374 4542 449 4592 nagy
461 4526 600 4589 lejedelmi
613 4527 704 4590 peoset
727 4526 895 4590 nyomaival,
915 4527 1045 4588 melynek
1069 4528 1201 4593 kbzepen,

68 4620 208 4669 reilarnint
220 4635 253 4669 az
268 4618 377 4668 oklevel
390 4617 449 4667 alst
468 4617 560 4667 szeltn
573 4633 588 4666 e
601 4619 703 4667 szavak
726 4616 909 4666 olvashatbk:
936 4617 1053 4666 »relacio
1075 4618 1201 4683 magistri

68 4711 198 4760 leutos«
213 4707 353 4771 Eredetije
367 4723 399 4758 aa
413 4721 481 4756 orez.
495 4708 527 4756 lt.
541 4707 640 4757 kinost.
664 4711 731 4756 oszt.
754 4706 788 4755 N.
802 4707 835 4756 a.
850 4705 882 4755 A.
905 4711 961 4756 178.
986 4711 1028 4756 26.
1051 4707 1117 4770 dipl.
1132 4711 1199 4758 oszt.
