3138 5462
342 483 383 542 96
698 493 885 538 aurounoar
902 478 1116 537 cnuturrta.

341 658 558 722 confectarum
575 655 792 720 continentias
802 675 910 719 coram
921 659 1031 718 nostro
1047 653 1216 718 iudiciario
1230 651 1342 715 ordine
1352 649 1471 714 diversi

337 765 432 831 modo
447 764 611 842 ventilata,
636 785 674 828 ao
699 764 826 828 demum
852 763 893 828 ad
918 767 1083 846 presentes
1100 760 1280 844 quindenas
1296 763 1371 844 post
1386 759 1470 823 Pen-

340 879 479 939 tecostes
516 877 692 956 prorogata
726 873 903 952 extitisset,
935 870 1067 934 tandem
1097 869 1174 952 ipsis
1202 867 1372 951 quindenis
1397 865 1470 931 testi

339 983 546 1048 Pentecosten
573 979 811 1056 adherentibus,
834 977 979 1062 prefatus
995 978 1113 1042 Petrus
1138 975 1229 1040 rufus
1255 975 1470 1058 personaliter

340 1097 372 1157 et
396 1111 455 1175 pro
481 1094 635 1154 annotato
660 1088 685 1152 J
687 1088 812 1152 ohanne
836 1085 929 1158 dioto
949 1084 1058 1152 Achel
1083 1086 1184 1152 fratre
1209 1084 1353 1150 eiusdem
1378 1083 1470 1148 Petri

339 1198 402 1264 rufi
418 1197 586 1262 Johannes
602 1195 707 1261 dictus
733 1196 772 1260 de
797 1194 990 1260 Debrechen
1016 1216 1088 1259 oum
1112 1193 1343 1276 procuratoriis
1368 1191 1469 1256 literis

339 1308 459 1372 nostris
475 1306 516 1370 ab
532 1327 607 1382 una,
623 1311 657 1370 et
673 1305 810 1388 predicti
835 1303 991 1370 Nicotaus
1016 1303 1101 1368 filius
1126 1302 1278 1367 Marcelli
1302 1300 1469 1366 Emerious

339 1415 428 1479 filius
445 1414 588 1479 Emerici
604 1420 637 1478 et
652 1412 806 1478 Nicolaus
823 1413 911 1478 iilius
937 1410 1067 1478 Seffridi
1083 1432 1142 1494 pro
1158 1431 1192 1474 se
1210 1409 1425 1493 personaliter
1442 1415 1470 1473 et

340 1544 399 1606 pro
417 1521 578 1605 prelibato
594 1521 756 1587 Michaele
782 1521 852 1584 filio
879 1520 1025 1586 Ladislai
1051 1519 1112 1584 filii
1138 1519 1217 1587 dicti
1243 1516 1375 1583 Seffridi
1400 1537 1468 1581 cum

341 1630 573 1714 procuratoriis
590 1630 693 1694 literis
708 1635 882 1712 conventus
898 1628 937 1692 de
954 1627 1101 1694 Demenlr
1127 1633 1219 1710 parte
1245 1649 1284 1690 ex
1309 1627 1415 1690 altera
1431 1623 1469 1688 ad

342 1745 485 1803 nostram
498 1737 687 1802 accedentes
698 1737 905 1819 presenciam,
921 1738 1119 1820 propositum
1130 1735 1255 1799 exstitit
1270 1755 1327 1818 per
1345 1733 1468 1798 eosdem

342 1896 348 1911 .
366 1898 371 1912 .
389 1845 475 1928 quod
492 1845 554 1929 ipsi
570 1866 608 1908 ex
625 1849 737 1910 nostra
752 1845 921 1909 iudiciaria
946 1844 1080 1908 licencia
1096 1851 1128 1907 et
1145 1843 1365 1926 permissione,
1390 1862 1469 1907 com·

345 1954 545 2038 positivaque
561 1953 801 2035 quamplurium
812 1952 1011 2036 prelatorum
1027 1959 1060 2016 et
1068 1952 1235 2028 baronum,
1251 1949 1402 2015 videlieet
1417 1947 1468 2012 do-

342 2062 423 2126 mini
449 2059 632 2126 Ohanadini
657 2061 889 2144 archiepiscopi
909 2057 1139 2142 Strigoniensis
1163 2059 1303 2140 looiique
1329 2057 1469 2123 eiusdem

348 2169 472 2234 comitis
498 2168 657 2252 perpetui,
682 2166 841 2251 Stephani
866 2167 929 2232 filii
953 2166 1067 2232 Lachk
1084 2167 1225 2250 voyuode
1251 2165 1468 2231 Transsilrani

343 2283 376 2340 et
391 2275 537 2358 magistri
553 2275 726 2340 Laurencii
744 2274 822 2339 dicti
838 2273 948 2340 Touth
973 2273 1098 2339 comitis
1115 2273 1347 2357 supruniensis
1364 2279 1396 2337 et
1411 2271 1467 2338 Oa·

346 2381 504 2448 striferrei
521 2382 740 2462 comitatuum,
765 2403 888 2448 necnon
904 2382 1041 2446 aliorum
1058 2401 1226 2466 procerum
1242 2381 1333 2464 regni
1350 2380 1470 2444 ordina-

343 2492 433 2556 cione
449 2491 689 2575 interveniente,
706 2498 743 2556 ut
758 2513 778 2555 a
793 2491 888 2555 modo
904 2497 937 2554 et
953 2489 1102 2573 deinceps
1127 2491 1230 2554 omnis
1247 2488 1469 2552 discolositatis

344 2607 376 2665 et
391 2599 516 2664 dissidii
532 2599 632 2664 fornes
649 2600 810 2665 demedio
834 2601 977 2683 ipsorum
1002 2599 1160 2664 radicitus
1185 2599 1377 2662 evelleretur
1394 2649 1400 2660 .
1417 2647 1423 2660 .
1439 2596 1468 2660 in

349 2707 448 2772 talem
466 2707 559 2790 plene
586 2709 674 2792 pacis
700 2713 733 2772 et
757 2707 924 2773 concordie
949 2707 1150 2771 devenissent
1174 2707 1347 2771 unionem.
1365 2705 1470 2786 .quod

344 2819 481 2900 preteeti
507 2817 626 2882 Petrus
651 2816 742 2880 rufus
768 2824 800 2880 et
824 2816 992 2881 Jolrannes
1017 2815 1123 2880 dictus
1148 2813 1253 2880 Achel
1279 2813 1382 2878 frater
1398 2835 1469 2878 suus

343 2924 502 3008 prefatam
518 2925 750 3009 possessionem
760 2923 889 2990 (lulach
900 2924 959 2988 sub
970 2924 1036 2988 suis
1047 2924 1140 2988 metis
1151 2930 1183 2987 et
1193 2924 1339 2988 terminis
1357 2922 1469 3005 quibus

343 3053 401 3122 per
417 3054 491 3098 suos
507 3033 630 3116 priores
646 3053 843 3117 possessores
868 3032 1047 3116 possedisse
1073 3032 1259 3109 dinoscitur,
1285 3053 1383 3113 quam
1410 3051 1469 3094 rne-

344 3141 461 3206 morati
487 3140 643 3206 Nicolaus
669 3140 755 3204 filius
781 3139 910 3206 Seffridi
936 3148 968 3204 et
992 3139 1075 3204 alter
1099 3138 1256 3204 Nicolaus
1281 3139 1368 3205 filius
1384 3138 1469 3202 Mar-

345 3248 417 3313 celli
451 3269 489 3312 ac
514 3249 682 3314 Emericus
716 3247 801 3313 filius
826 3249 968 3314 Emerioi
994 3271 1014 3313 a
1037 3247 1198 3313 nobilibus
1224 3249 1264 3312 de
1280 3249 1422 3314 Telukus
1437 3255 1471 3311 et

344 3359 449 3425 Paulo
474 3359 539 3424 lilio
570 3357 700 3426 Gulach
717 3357 878 3442 quondam
903 3359 942 3422 de
968 3359 1079 3422 eadem
1106 3357 1235 3423 Gulach
1266 3357 1472 3422 validissimo-

345 3489 418 3532 rum
441 3468 729 3533 instrumentorum
754 3467 922 3532 roboribus
953 3465 1088 3550 capituli
1114 3463 1321 3530 Oastriferrei
1348 3486 1473 3548 compa·

346 3597 435 3640 rasse
466 3577 672 3656 asserebant,
711 3578 807 3641 iuxta'
833 3577 958 3659 vigores
990 3582 1023 3640 et
1053 3575 1271 3640 continentias
1288 3573 1470 3639 eorumdem

346 3685 642 3780 instrumentorum,
668 3685 854 3750 memoratis
870 3683 1006 3750 Nicolao
1023 3683 1088 3749 filio
1100 3683 1238 3766 Sell'ridi,
1255 3680 1392 3748 Nicolao
1408 3681 1471 3745 filio

346 3792 505 3872 Marcelli,
522 3790 676 3858 Michdeli
692 3793 759 3859 filio
776 3792 921 3858 Ladislai
946 3791 1004 3857 filii
1029 3793 1106 3857 dicti
1133 3791 1262 3858 Seffridi
1279 3799 1311 3855 et
1326 3791 1471 3856 Emerico

345 3901 411 3966 filio
436 3901 580 3968 Emerici
604 3921 642 3965 ao
667 3901 809 3983 ipsorum
833 3899 1069 3967 successoribus
1094 3901 1359 3982 perennaliter..
1383 3899 1472 3963 resti·

345 4016 505 4080 tuissent.
523 4020 701 4100 perpetuo
735 4013 968 4097 possidendam,
1000 4013 1125 4078 nullum
1150 4013 1200 4078 ius
1225 4013 1275 4076 vel
1300 4012 1472 4076 dominium

347 4123 374 4187 si
392 4123 477 4207 quod
495 4123 535 4188 ad
552 4144 682 4206 presens
699 4130 732 4187 et
757 4124 788 4186 in
815 4123 959 4186 futurum
986 4143 1019 4185 se
1045 4120 1164 4185 habere
1180 4126 1373 4204 sperassent,
1397 4117 1471 4202 ipsis

346 4230 538 4295 reservando
565 4230 603 4294 de
628 4230 758 4311 eadem3
792 4251 808 4294 e
834 4251 984 4294 converso
1013 4235 1122 4293 autem
1147 4229 1293 4292 annotati
1318 4225 1472 4292 Nicolaus

346 4338 433 4403 filius
474 4336 609 4403 Seffredi
650 4345 682 4402 et
713 4338 797 4402 altor
828 4336 983 4402 Nicolaus
1023 4335 1108 4400 filius
1139 4335 1300 4412 Marcelli,
1331 4331 1472 4399 Michael

345 4443 431 4509 filius
456 4444 602 4508 Ladislai
627 4451 659 4508 et
683 4445 852 4509 Emerious
877 4444 962 4508 filius
988 4444 1138 4522 Emerici,
1164 4442 1349 4508 memoratis
1375 4442 1472 4506 Petro

350 4550 422 4614 ruso
439 4558 471 4616 et
486 4551 631 4616 ‹lohanni
652 4552 738 4616 dicto
754 4549 861 4617 Achel
871 4553 904 4616 id
915 4551 1105 4616 annuissent
1121 4603 1127 4615 .
1145 4601 1151 4614 .
1168 4557 1204 4615 ut
1221 4550 1472 4633 quandocunque

348 4679 498 4746 processu
530 4666 708 4744 temporum
740 4660 823 4723 idern
855 4661 973 4724 Petrus
1005 4659 1094 4723 rursus
1120 4665 1153 4723 et
1177 4658 1347 4723 Johannes
1372 4658 1472 4721 dictus
