3226 5462
698 496 883 544 nuJouaonr
900 482 1114 544 cattinaria.

886 768 937 830 25.

349 929 443 994 1347.
461 935 534 1017 ardj.
551 933 580 994 8.
608 927 655 993 Aa
671 928 738 1014 egri
762 925 916 1012 kdptclrn
932 951 953 991 α
979 926 1163 1014 Bottpa'ayi
1181 927 1320 994 Zabracb
1336 929 1482 1016 a-rrokdja

348 1039 452 1103 Pc'ter-
471 1041 502 1102 ὁ(
533 1037 658 1124 1.ιῇΐαίὐὶ
685 1037 810 1101 Lubrica
835 1033 934 1098 tonora
950 1033 1040 1120 folpt
1058 1035 1177 1120 perdere
1203 1061 1224 1100 (ι
1248 1037 1350 1103 raddon
1365 1036 1481 1101 taetra

346 1149 549 1234 capr-ebujtja,
565 1149 596 1210 ὁ(
616 1144 880 1210 Scaldis-&danseri
910 1143 987 1208 Tire‘t
1012 1145 1042 1206 έ(
1065 1141 1179 1229 Uffdlu
1196 1152 1277 1209 narrt
1295 1143 1481 1210 Mnokokba

512 1253 639 1342 llJ'J‘alvi
658 1253 811 1318 Lollio-rot
831 1253 1016 1336 tornaturas
1032 1250 1148 1315 melleet
1161 1251 1319 1337 beibtotjo.

461 1469 466 1482 .
484 1470 490 1483 .
514 1417 692 1502 capitulum
709 1415 840 1481 ecclesie
867 1413 1076 1496 Agricnsis..
1097 1414 1139 1479 ad
1155 1415 1376 1480 universorum
1392 1413 1481 1478 noti-

346 1527 444 1592 ciam.
461 1578 467 1592 .
494 1526 642 1591 volumus
658 1524 833 1609 pervenire,
860 1522 1034 1606 quodcum
1051 1543 1109 1588 nos
1133 1523 1225 1588 iuxta
1241 1522 1479 1587 continenciam

347 1634 516 1700 literarum
533 1633 783 1719 privilegialium
807 1638 840 1696 (1
855 1632 1117 1714 petitor-iarum..
1140 1631 1283 1699 Nicolai.
1300 1685 1306 1698 .
1331 1631 1480 1715 palatini,

347 1765 409 1828 que
426 1765 484 1808 nos
501 1744 533 1808 in
550 1741 698 1827 pluribus
723 1738 869 1824 partibus
897 1747 1030 1823 tangere
1048 1740 1265 1820 dinoscuntur,
1289 1742 1368 1805 duos
1391 1739 1481 1804 viros

346 1852 477 1918 idoneos
494 1851 642 1917 videlicet
661 1850 851 1943 magistrum
863 1847 1088 1914 Alexandrum
1102 1849 1252 1914 clericum
1269 1850 1358 1914 chori
1375 1848 1481 1912 nostri

348 1980 408 2044 pro
417 1966 511 2042 parte
525 1959 672 2043 magistri
683 1957 774 2022 Petri
784 1955 842 2020 filii
853 1954 1024 2021 Michaelis
1034 1955 1093 2022 filii
1104 1956 1250 2022 Zalouch
1266 1957 1305 2022 de
1314 1957 1480 2040 Bathyan‚

347 2077 379 2135 et
396 2067 559 2132 dominum
583 2065 608 2130 J
610 2066 768 2130 ohannem
794 2063 993 2128 sacerdotem
1018 2065 1208 2147 magistrum
1234 2064 1348 2129 altaris
1373 2065 1480 2129 sancti

274 2207 276 2212 v
347 2175 475 2242 Mathai
490 2173 627 2259 apostoli
643 2172 682 2236 de
699 2171 810 2237 eadem
836 2170 970 2237 ecclesia
994 2177 1104 2236 nostra
1127 2194 1187 2256 pro
1210 2179 1303 2255 parto
1328 2171 1480 2255 magistri

347 2282 503 2349 Lucachii
519 2279 577 2346 filii
594 2279 758 2348 Gabriclis
775 2279 814 2343 (1(
830 2279 973 2363 Wyfalu,
990 2302 1062 2345 cum
1078 2280 1246 2346 Demetrio
1262 2279 1329 2345 filio
1354 2278 1480 2346 Oliveri

347 2389 386 2455 (1(
399 2389 536 2473 Bagdan
561 2395 593 2454 (1
616 2387 753 2453 Nicolao
778 2387 844 2452 filio
869 2389 1011 2473 Petenye
1037 2388 1076 2454 de
1102 2389 1269 2456 Thereche
1294 2388 1478 2454 hominibus

347 2500 450 2582 ipsius
466 2498 586 2564 domini
603 2497 748 2582 palatini,
767 2482 995 2562 adridendum
1014 2497 1306 2564 reambulacionem
1323 2497 1477 2563 statusic·

347 2627 420 2672 nem
438 2613 471 2671 (1
486 2611 645 2672 metarum
663 2605 858 2669 e1·ecci0nem
878 2605 1112 2688 possessionum
1129 2605 1236 2671 Theth
1261 2612 1293 2670 et
1317 2605 1478 2672 Zalouch-

348 2712 485 2780 Samson
510 2719 696 2778 vocatarum
722 2713 755 2776 in
781 2712 986 2778 comitatibus
1011 2713 1050 2778 de
1076 2713 1230 2779 Zabouch
1254 2719 1286 2777 (1
1302 2712 1341 2777 (1(
1365 2711 1479 2796 Byhor

348 2822 566 2902 existendum,
593 2843 674 2904 quas
699 2821 784 2886 idem
809 2822 964 2906 magister
994 2821 1113 2887 Petrus
1145 2821 1289 2905 predicto
1319 2821 1477 2904 magistro

347 2929 510 2994 Luchasio
526 2929 586 2993 sub
601 2929 692 3012 penis
709 2934 741 2993 et
757 2927 1011 3011 obligacionibus
1027 2929 1060 2994 in
1076 2928 1172 2996 dictis
1196 2929 1299 2994 literis
1315 2928 1476 3012 privilegi-

349 3037 453 3103 alibus
469 3039 570 3122 ipsius
587 3038 708 3102 domini
736 3038 873 3120 palatini
890 3059 971 3120 quas
987 3045 1020 3103 et
1035 3059 1093 3103 nos
1109 3037 1171 3102 fide
1196 3038 1332 3103 vidimus
1348 3037 1477 3102 oculata

347 3145 477 3210 insertis
503 3151 655 3230 statuere,
672 3167 710 3212 ac
735 3147 836 3212 eciam
856 3146 1082 3212 adridendum
1102 3147 1355 3230 resignacionem
1372 3145 1477 3210 cuins·

348 3253 423 3319 dam
439 3253 647 3337 possessionis
672 3252 783 3318 Dobos
807 3266 916 3318 vocate
935 3255 969 3318 in
994 3254 1151 3320 comitatu
1177 3241 1416 3320 Zathmariensi
1440 3257 1479 3316 ut

349 3361 466 3427 dicitur
491 3361 666 3442 existentis,
691 3384 788 3444 quam
804 3367 969 3445 protactus
993 3362 1176 3427 Luchasius
1201 3361 1286 3428 filius
1312 3359 1479 3427 Gabrielis

349 3470 441 3535 iuxta
466 3471 701 3537 continenciam
727 3471 911 3536 earumdem
927 3471 1097 3536 literarum
1121 3472 1223 3554 ipsius
1249 3471 1369 3535 domini
1387 3469 1480 3554 pala-

348 3576 409 3642 tini
425 3578 539 3644 indicis
565 3579 711 3662 parcium
736 3578 892 3644 ordinarii
918 3585 1072 3645 annotato
1096 3579 1250 3662 magistro
1276 3578 1375 3643 Petro
1399 3579 1482 3643 resi-

349 3705 458 3767 gnare,
474 3708 599 3752 necnon
615 3687 716 3752 eciam
732 3681 962 3752 adridendum
978 3687 1156 3752 erecciones
1175 3692 1334 3751 metarum
1350 3683 1480 3767 prefate

349 3795 557 3876 possessionis
582 3794 718 3880 Wyfalu
742 3795 776 3859 in
792 3795 902 3860 eodem
919 3797 1073 3861 comitatu
1098 3794 1252 3860 Zabouch
1277 3801 1314 3860 ut
1338 3793 1482 3860 refertur

350 3899 535 3986 adiacentis,
552 3925 632 3986 quas
649 3904 741 3968 ambe
757 3910 868 3988 partes
885 3905 1098 3969 communitor
1122 3904 1245 3987 erigere
1270 3905 1303 3968 in
1329 3903 1480 3968 terminis

349 4008 563 4095 infrascriptis
589 4010 783 4092 debuissent,
809 4011 960 4096 legitimis
977 4020 1010 4077 et
1033 4013 1182 4096 congruis
1201 4009 1480 4096 postulacionibus

350 4118 487 4200 predicti
512 4119 632 4184 domini
658 4120 795 4203 palatini
811 4141 849 4186 ac
864 4120 989 4185 iusticie
1016 4127 1193 4204 annuentes
1210 4143 1269 4204 pro
1284 4119 1480 4186 testimoniis

349 4225 615 4308 destinassemus3
641 4226 771 4292 tandem
798 4227 972 4312 predicti..
996 4227 1133 4312 palatini
1149 4236 1181 4294 et
1206 4229 1307 4294 nostri
1331 4229 1479 4294 homines

350 4331 391 4398 ad
407 4354 464 4400 nos
489 4337 617 4414 reuersi⁷
642 4335 842 4418 presentibus
867 4342 898 4400 et
922 4335 1124 4401 audientibus
1149 4335 1305 4401 ambabus
1329 4335 1479 4419 partibus

349 4446 428 4507 tunc
443 4443 657 4524 personaliter
674 4464 782 4508 coram
801 4442 894 4509 nobis
917 4442 1184 4528 comparentibus,
1208 4443 1337 4509 nobis..
1360 4441 1480 4508 retule-

350 4557 428 4614 runt
452 4551 513 4616 isto
537 4551 648 4616 modo:
674 4551 759 4635 quod
775 4553 845 4645 ipsi
871 4553 973 4636 primo
997 4553 1079 4618 feria
1103 4554 1204 4618 tercia
1232 4552 1379 4636 proxima
1403 4555 1480 4634 post

350 4656 542 4724 dominicam
581 4659 769 4724 Palmarnm
808 4711 813 4724 .
839 4660 1069 4725 accessissent
1117 4659 1159 4724 ad
1199 4659 1313 4725 faciem
1352 4677 1477 4744 posses-
