<?xml version="1.0" encoding="UTF-8"?>
<!DOCTYPE html PUBLIC "-//W3C//DTD XHTML 1.0 Transitional//EN"
    "http://www.w3.org/TR/xhtml1/DTD/xhtml1-transitional.dtd">
<html xmlns="http://www.w3.org/1999/xhtml" xml:lang="en" lang="en">
 <head>
  <title>
</title>
<meta http-equiv="Content-Type" content="text/html;charset=utf-8" />
  <meta name='ocr-system' content='tesseract 3.04.00' />
  <meta name='ocr-capabilities' content='ocr_page ocr_carea ocr_par ocr_line ocrx_word'/>
</head>
<body>
  <div class='ocr_page' id='page_1' title='image "./codexdiplomatic06nagygoog_0119.png"; bbox 0 0 3138 5462; ppageno 0'>
   <div class='ocr_carea' id='block_1_1' title="bbox 358 425 1123 489">
    <p class='ocr_par' dir='ltr' id='par_1_1' title="bbox 358 425 1123 489">
     <span class='ocr_line' id='line_1_1' title="bbox 358 425 1123 489; baseline 0.007 -5"><span class='ocrx_word' id='word_1_1' title='bbox 358 425 420 486; x_wconf 86' lang='grc'>106</span> <span class='ocrx_word' id='word_1_2' title='bbox 708 441 893 488; x_wconf 77' lang='lat' dir='ltr'>uuroouoru</span> <span class='ocrx_word' id='word_1_3' title='bbox 911 430 1123 489; x_wconf 71' lang='lat' dir='ltr'>onuturrsu.</span> 
     </span>
    </p>
   </div>
   <div class='ocr_carea' id='block_1_2' title="bbox 353 601 1479 2437">
    <p class='ocr_par' dir='ltr' id='par_1_2' title="bbox 353 601 1479 2437">
     <span class='ocr_line' id='line_1_2' title="bbox 353 601 1474 688; baseline 0.004 -23"><span class='ocrx_word' id='word_1_4' title='bbox 353 603 605 684; x_wconf 81' lang='lat' dir='ltr'>possessionsris</span> <span class='ocrx_word' id='word_1_5' title='bbox 620 603 653 667; x_wconf 92' lang='lat' dir='ltr'>in</span> <span class='ocrx_word' id='word_1_6' title='bbox 670 601 769 682; x_wconf 88' lang='lat' dir='ltr'>Beke,</span> <span class='ocrx_word' id='word_1_7' title='bbox 785 626 857 669; x_wconf 91' lang='lat' dir='ltr'>cum</span> <span class='ocrx_word' id='word_1_8' title='bbox 869 604 1016 670; x_wconf 88' lang='lat' dir='ltr'>omnibus</span> <span class='ocrx_word' id='word_1_9' title='bbox 1033 604 1232 672; x_wconf 79' lang='lat' dir='ltr'>utilitatibus</span> <span class='ocrx_word' id='word_1_10' title='bbox 1248 608 1323 688; x_wconf 89' lang='lat' dir='ltr'>suis,</span> <span class='ocrx_word' id='word_1_11' title='bbox 1335 607 1474 671; x_wconf 83' lang='lat' dir='ltr'>videlieet</span> 
     </span>
     <span class='ocr_line' id='line_1_3' title="bbox 354 711 1476 796; baseline 0.005 -22"><span class='ocrx_word' id='word_1_12' title='bbox 354 711 423 777; x_wconf 90' lang='lat' dir='ltr'>loco</span> <span class='ocrx_word' id='word_1_13' title='bbox 440 711 607 777; x_wconf 85' lang='lat' dir='ltr'>sessionsli</span> <span class='ocrx_word' id='word_1_14' title='bbox 623 718 656 776; x_wconf 88' lang='lat' dir='ltr'>et</span> <span class='ocrx_word' id='word_1_15' title='bbox 671 711 744 776; x_wconf 84' lang='lat' dir='ltr'>aliis</span> <span class='ocrx_word' id='word_1_16' title='bbox 764 714 791 778; x_wconf 88' lang='lat' dir='ltr'>si</span> <span class='ocrx_word' id='word_1_17' title='bbox 808 732 870 794; x_wconf 88' lang='lat' dir='ltr'>que</span> <span class='ocrx_word' id='word_1_18' title='bbox 897 719 982 792; x_wconf 87' lang='lat' dir='ltr'>sunt,</span> <span class='ocrx_word' id='word_1_19' title='bbox 1006 715 1138 796; x_wconf 78' lang='lat' dir='ltr'>provido</span> <span class='ocrx_word' id='word_1_20' title='bbox 1164 714 1231 780; x_wconf 81' lang='lat' dir='ltr'>viro</span> <span class='ocrx_word' id='word_1_21' title='bbox 1256 713 1393 780; x_wconf 86' lang='lat' dir='ltr'>Nicolao</span> <span class='ocrx_word' id='word_1_22' title='bbox 1418 714 1476 780; x_wconf 92' lang='lat' dir='ltr'>filio</span> 
     </span>
     <span class='ocr_line' id='line_1_4' title="bbox 355 819 1476 906; baseline 0.004 -22"><span class='ocrx_word' id='word_1_23' title='bbox 355 819 380 884; x_wconf 86' lang='lat' dir='ltr'>J</span> <span class='ocrx_word' id='word_1_24' title='bbox 382 819 473 884; x_wconf 80' lang='lat' dir='ltr'>scobi</span> <span class='ocrx_word' id='word_1_25' title='bbox 489 819 550 884; x_wconf 82' lang='lat' dir='ltr'>civi</span> <span class='ocrx_word' id='word_1_26' title='bbox 567 820 766 902; x_wconf 88' lang='lat' dir='ltr'>Posoniensi,</span> <span class='ocrx_word' id='word_1_27' title='bbox 794 822 850 901; x_wconf 89' lang='lat' dir='ltr'>qui</span> <span class='ocrx_word' id='word_1_28' title='bbox 876 821 978 886; x_wconf 85' lang='lat' dir='ltr'>eciam</span> <span class='ocrx_word' id='word_1_29' title='bbox 1003 843 1135 904; x_wconf 77' lang='lat' dir='ltr'>presens</span> <span class='ocrx_word' id='word_1_30' title='bbox 1151 823 1286 888; x_wconf 83' lang='lat' dir='ltr'>aderet.</span> <span class='ocrx_word' id='word_1_31' title='bbox 1306 873 1312 887; x_wconf 94' lang='lat'><strong><em>.</em></strong></span> <span class='ocrx_word' id='word_1_32' title='bbox 1328 845 1388 906; x_wconf 90' lang='lat' dir='ltr'>pro</span> <span class='ocrx_word' id='word_1_33' title='bbox 1405 843 1476 905; x_wconf 85' lang='lat' dir='ltr'>qua-</span> 
     </span>
     <span class='ocr_line' id='line_1_5' title="bbox 353 927 1476 1014; baseline 0.004 -22"><span class='ocrx_word' id='word_1_34' title='bbox 353 928 506 1011; x_wconf 75' lang='lat' dir='ltr'>draginta</span> <span class='ocrx_word' id='word_1_35' title='bbox 518 927 652 993; x_wconf 84' lang='lat' dir='ltr'>tslentis</span> <span class='ocrx_word' id='word_1_36' title='bbox 672 927 877 994; x_wconf 85' lang='lat' dir='ltr'>denariorum</span> <span class='ocrx_word' id='word_1_37' title='bbox 887 929 1008 994; x_wconf 84' lang='lat' dir='ltr'>usualis</span> <span class='ocrx_word' id='word_1_38' title='bbox 1018 936 1144 995; x_wconf 89' lang='lat' dir='ltr'>monete</span> <span class='ocrx_word' id='word_1_39' title='bbox 1154 931 1343 1014; x_wconf 87' lang='lat' dir='ltr'>viennensis,</span> <span class='ocrx_word' id='word_1_40' title='bbox 1353 931 1476 996; x_wconf 85' lang='lat' dir='ltr'>talentis</span> 
     </span>
     <span class='ocr_line' id='line_1_6' title="bbox 353 1036 1476 1123; baseline 0.002 -23"><span class='ocrx_word' id='word_1_41' title='bbox 353 1036 488 1118; x_wconf 81' lang='lat' dir='ltr'>inquom</span> <span class='ocrx_word' id='word_1_42' title='bbox 504 1037 641 1120; x_wconf 89' lang='lat' dir='ltr'>singulis</span> <span class='ocrx_word' id='word_1_43' title='bbox 651 1057 709 1120; x_wconf 91' lang='lat' dir='ltr'>per</span> <span class='ocrx_word' id='word_1_44' title='bbox 719 1057 775 1101; x_wconf 87' lang='lat' dir='ltr'>sex</span> <span class='ocrx_word' id='word_1_45' title='bbox 785 1037 893 1120; x_wconf 89' lang='lat' dir='ltr'>pensis</span> <span class='ocrx_word' id='word_1_46' title='bbox 903 1039 1097 1122; x_wconf 80' lang='lat' dir='ltr'>computatis</span> <span class='ocrx_word' id='word_1_47' title='bbox 1113 1088 1120 1103; x_wconf 93' lang='lat'><strong>.</strong></span> <span class='ocrx_word' id='word_1_48' title='bbox 1137 1091 1143 1103; x_wconf 94' lang='lat'>.</span> <span class='ocrx_word' id='word_1_49' title='bbox 1161 1039 1268 1104; x_wconf 81' lang='lat' dir='ltr'>adata</span> <span class='ocrx_word' id='word_1_50' title='bbox 1283 1041 1476 1123; x_wconf 88' lang='lat' dir='ltr'>presencium</span> 
     </span>
     <span class='ocr_line' id='line_1_7' title="bbox 355 1144 1476 1230; baseline 0.004 -23"><span class='ocrx_word' id='word_1_51' title='bbox 355 1163 412 1227; x_wconf 94' lang='lat' dir='ltr'>per</span> <span class='ocrx_word' id='word_1_52' title='bbox 429 1144 538 1210; x_wconf 82' lang='lat' dir='ltr'>decern</span> <span class='ocrx_word' id='word_1_53' title='bbox 555 1165 656 1209; x_wconf 84' lang='lat' dir='ltr'>annos</span> <span class='ocrx_word' id='word_1_54' title='bbox 674 1197 680 1209; x_wconf 94' lang='lat'>.</span> <span class='ocrx_word' id='word_1_55' title='bbox 697 1197 703 1209; x_wconf 95' lang='lat'><em>.</em></span> <span class='ocrx_word' id='word_1_56' title='bbox 720 1147 748 1209; x_wconf 86' lang='lat' dir='ltr'>si</span> <span class='ocrx_word' id='word_1_57' title='bbox 764 1165 823 1229; x_wconf 95' lang='lat' dir='ltr'>pro</span> <span class='ocrx_word' id='word_1_58' title='bbox 839 1145 959 1211; x_wconf 92' lang='lat' dir='ltr'>eisdem</span> <span class='ocrx_word' id='word_1_59' title='bbox 976 1146 1194 1230; x_wconf 76' lang='lat' dir='ltr'>quadraginta</span> <span class='ocrx_word' id='word_1_60' title='bbox 1208 1147 1340 1212; x_wconf 80' lang='lat' dir='ltr'>talentis</span> <span class='ocrx_word' id='word_1_61' title='bbox 1357 1154 1476 1212; x_wconf 82' lang='lat' dir='ltr'>monete</span> 
     </span>
     <span class='ocr_line' id='line_1_8' title="bbox 355 1253 1476 1337; baseline 0.001 -19"><span class='ocrx_word' id='word_1_62' title='bbox 355 1259 387 1318; x_wconf 91' lang='lat' dir='ltr'>et</span> <span class='ocrx_word' id='word_1_63' title='bbox 403 1253 556 1336; x_wconf 87' lang='lat' dir='ltr'>ponderis</span> <span class='ocrx_word' id='word_1_64' title='bbox 572 1254 790 1337; x_wconf 88' lang='lat' dir='ltr'>predictorum</span> <span class='ocrx_word' id='word_1_65' title='bbox 806 1254 965 1319; x_wconf 80' lang='lat' dir='ltr'>redimere</span> <span class='ocrx_word' id='word_1_66' title='bbox 981 1256 1101 1337; x_wconf 88' lang='lat' dir='ltr'>poterit</span> <span class='ocrx_word' id='word_1_67' title='bbox 1126 1255 1167 1320; x_wconf 79' lang='lat' dir='ltr'>ab</span> <span class='ocrx_word' id='word_1_68' title='bbox 1193 1255 1313 1334; x_wconf 89' lang='lat' dir='ltr'>eodem,</span> <span class='ocrx_word' id='word_1_69' title='bbox 1338 1255 1476 1336; x_wconf 83' lang='lat' dir='ltr'>alioquin</span> 
     </span>
     <span class='ocr_line' id='line_1_9' title="bbox 355 1361 1477 1448; baseline 0.002 -22"><span class='ocrx_word' id='word_1_70' title='bbox 355 1362 443 1427; x_wconf 83' lang='lat' dir='ltr'>ultra</span> <span class='ocrx_word' id='word_1_71' title='bbox 459 1361 531 1428; x_wconf 91' lang='lat' dir='ltr'>illos</span> <span class='ocrx_word' id='word_1_72' title='bbox 547 1362 657 1428; x_wconf 91' lang='lat' dir='ltr'>decem</span> <span class='ocrx_word' id='word_1_73' title='bbox 667 1384 768 1429; x_wconf 82' lang='lat' dir='ltr'>annos</span> <span class='ocrx_word' id='word_1_74' title='bbox 782 1363 916 1443; x_wconf 84' lang='lat' dir='ltr'>tamdiu,</span> <span class='ocrx_word' id='word_1_75' title='bbox 932 1365 1032 1430; x_wconf 89' lang='lat' dir='ltr'>donec</span> <span class='ocrx_word' id='word_1_76' title='bbox 1047 1364 1119 1448; x_wconf 85' lang='lat' dir='ltr'>ipsa</span> <span class='ocrx_word' id='word_1_77' title='bbox 1129 1365 1345 1448; x_wconf 80' lang='lat' dir='ltr'>quadraginta</span> <span class='ocrx_word' id='word_1_78' title='bbox 1361 1365 1477 1430; x_wconf 75' lang='lat' dir='ltr'>talento</span> 
     </span>
     <span class='ocr_line' id='line_1_10' title="bbox 356 1469 1477 1557; baseline 0.002 -22"><span class='ocrx_word' id='word_1_79' title='bbox 356 1469 417 1535; x_wconf 89' lang='lat' dir='ltr'>sibi</span> <span class='ocrx_word' id='word_1_80' title='bbox 441 1470 492 1536; x_wconf 84' lang='lat' dir='ltr'>rel</span> <span class='ocrx_word' id='word_1_81' title='bbox 517 1493 574 1537; x_wconf 91' lang='lat' dir='ltr'>suo</span> <span class='ocrx_word' id='word_1_82' title='bbox 601 1472 776 1538; x_wconf 77' lang='lat' dir='ltr'>successori</span> <span class='ocrx_word' id='word_1_83' title='bbox 799 1471 922 1554; x_wconf 81' lang='lat' dir='ltr'>reddet,</span> <span class='ocrx_word' id='word_1_84' title='bbox 945 1472 988 1538; x_wconf 83' lang='lat' dir='ltr'>ad</span> <span class='ocrx_word' id='word_1_85' title='bbox 1006 1472 1257 1557; x_wconf 89' lang='lat' dir='ltr'>possidendum.</span> <span class='ocrx_word' id='word_1_86' title='bbox 1275 1523 1281 1537; x_wconf 93' lang='lat'><strong>.</strong></span> <span class='ocrx_word' id='word_1_87' title='bbox 1298 1473 1477 1552; x_wconf 84' lang='lat' dir='ltr'>eollooovit;</span> 
     </span>
     <span class='ocr_line' id='line_1_11' title="bbox 354 1577 1478 1675; baseline 0.004 -33"><span class='ocrx_word' id='word_1_88' title='bbox 354 1577 543 1645; x_wconf 85' lang='lat' dir='ltr'>defensurus</span> <span class='ocrx_word' id='word_1_89' title='bbox 559 1629 566 1644; x_wconf 93' lang='lat'><strong>.</strong></span> <span class='ocrx_word' id='word_1_90' title='bbox 582 1618 589 1646; x_wconf 37' lang='grc' dir='ltr'>ἢ</span> <span class='ocrx_word' id='word_1_91' title='bbox 606 1579 741 1645; x_wconf 87' lang='lat' dir='ltr'>eundem</span> <span class='ocrx_word' id='word_1_92' title='bbox 765 1579 938 1646; x_wconf 79' lang='lat' dir='ltr'>Nicolaum</span> <span class='ocrx_word' id='word_1_93' title='bbox 954 1580 1004 1646; x_wconf 87' lang='lat' dir='ltr'>vel</span> <span class='ocrx_word' id='word_1_94' title='bbox 1020 1602 1101 1647; x_wconf 82' lang='lat' dir='ltr'>suos</span> <span class='ocrx_word' id='word_1_95' title='bbox 1110 1581 1244 1647; x_wconf 90' lang='lat' dir='ltr'>heredes</span> <span class='ocrx_word' id='word_1_96' title='bbox 1259 1581 1345 1675; x_wconf 83' lang='lat' dir='ltr'>idern¹</span> <span class='ocrx_word' id='word_1_97' title='bbox 1360 1581 1478 1646; x_wconf 82' lang='lat' dir='ltr'>Meuri-</span> 
     </span>
     <span class='ocr_line' id='line_1_12' title="bbox 354 1684 1478 1770; baseline 0.002 -20"><span class='ocrx_word' id='word_1_98' title='bbox 354 1687 422 1750; x_wconf 89' lang='lat' dir='ltr'>cius</span> <span class='ocrx_word' id='word_1_99' title='bbox 439 1685 543 1752; x_wconf 90' lang='lat' dir='ltr'>dictus</span> <span class='ocrx_word' id='word_1_100' title='bbox 559 1684 707 1752; x_wconf 85' lang='lat' dir='ltr'>Abrsom</span> <span class='ocrx_word' id='word_1_101' title='bbox 723 1687 750 1752; x_wconf 91' lang='lat' dir='ltr'>si</span> <span class='ocrx_word' id='word_1_102' title='bbox 767 1688 823 1770; x_wconf 89' lang='lat' dir='ltr'>qui</span> <span class='ocrx_word' id='word_1_103' title='bbox 839 1688 922 1754; x_wconf 87' lang='lat' dir='ltr'>forte</span> <span class='ocrx_word' id='word_1_104' title='bbox 938 1690 1102 1754; x_wconf 82' lang='lat' dir='ltr'>occasione</span> <span class='ocrx_word' id='word_1_105' title='bbox 1118 1689 1303 1754; x_wconf 89' lang='lat' dir='ltr'>eorumdem</span> <span class='ocrx_word' id='word_1_106' title='bbox 1317 1688 1478 1753; x_wconf 81' lang='lat' dir='ltr'>laneorum</span> 
     </span>
     <span class='ocr_line' id='line_1_13' title="bbox 353 1795 1477 1881; baseline 0.003 -23"><span class='ocrx_word' id='word_1_107' title='bbox 353 1795 458 1859; x_wconf 91' lang='lat' dir='ltr'>medio</span> <span class='ocrx_word' id='word_1_108' title='bbox 474 1801 618 1878; x_wconf 86' lang='lat' dir='ltr'>tempore</span> <span class='ocrx_word' id='word_1_109' title='bbox 634 1795 826 1862; x_wconf 82' lang='lat' dir='ltr'>molirentur</span> <span class='ocrx_word' id='word_1_110' title='bbox 842 1796 1027 1877; x_wconf 76' lang='lat' dir='ltr'>molestare,</span> <span class='ocrx_word' id='word_1_111' title='bbox 1043 1799 1105 1864; x_wconf 89' lang='lat' dir='ltr'>hoc</span> <span class='ocrx_word' id='word_1_112' title='bbox 1115 1799 1216 1863; x_wconf 83' lang='lat' dir='ltr'>eciem</span> <span class='ocrx_word' id='word_1_113' title='bbox 1226 1819 1385 1881; x_wconf 86' lang='lat' dir='ltr'>expresso,</span> <span class='ocrx_word' id='word_1_114' title='bbox 1397 1797 1477 1878; x_wconf 92' lang='lat' dir='ltr'>quod</span> 
     </span>
     <span class='ocr_line' id='line_1_14' title="bbox 356 1901 1478 1988; baseline 0.003 -22"><span class='ocrx_word' id='word_1_115' title='bbox 356 1903 442 1968; x_wconf 92' lang='lat' dir='ltr'>idem</span> <span class='ocrx_word' id='word_1_116' title='bbox 458 1901 613 1968; x_wconf 83' lang='lat' dir='ltr'>Nicolaus</span> <span class='ocrx_word' id='word_1_117' title='bbox 630 1902 680 1967; x_wconf 85' lang='lat' dir='ltr'>vel</span> <span class='ocrx_word' id='word_1_118' title='bbox 697 1904 746 1968; x_wconf 91' lang='lat' dir='ltr'>sui</span> <span class='ocrx_word' id='word_1_119' title='bbox 762 1903 897 1970; x_wconf 90' lang='lat' dir='ltr'>heredes</span> <span class='ocrx_word' id='word_1_120' title='bbox 913 1927 971 1988; x_wconf 92' lang='lat' dir='ltr'>pro</span> <span class='ocrx_word' id='word_1_121' title='bbox 997 1906 1110 1972; x_wconf 86' lang='lat' dir='ltr'>eadem</span> <span class='ocrx_word' id='word_1_122' title='bbox 1135 1927 1262 1972; x_wconf 82' lang='lat' dir='ltr'>summe</span> <span class='ocrx_word' id='word_1_123' title='bbox 1286 1906 1381 1971; x_wconf 89' lang='lat' dir='ltr'>sicuti</span> <span class='ocrx_word' id='word_1_124' title='bbox 1398 1905 1478 1970; x_wconf 84' lang='lat' dir='ltr'>lsnei</span> 
     </span>
     <span class='ocr_line' id='line_1_15' title="bbox 357 2011 1478 2098; baseline 0.002 -24"><span class='ocrx_word' id='word_1_125' title='bbox 357 2017 434 2074; x_wconf 88' lang='lat' dir='ltr'>suut</span> <span class='ocrx_word' id='word_1_126' title='bbox 449 2011 592 2094; x_wconf 81' lang='lat' dir='ltr'>obligati,</span> <span class='ocrx_word' id='word_1_127' title='bbox 611 2011 706 2077; x_wconf 80' lang='lat' dir='ltr'>alteri</span> <span class='ocrx_word' id='word_1_128' title='bbox 723 2012 775 2077; x_wconf 91' lang='lat' dir='ltr'>cui</span> <span class='ocrx_word' id='word_1_129' title='bbox 791 2019 946 2095; x_wconf 89' lang='lat' dir='ltr'>poterunt</span> <span class='ocrx_word' id='word_1_130' title='bbox 961 2021 992 2079; x_wconf 88' lang='lat' dir='ltr'>et</span> <span class='ocrx_word' id='word_1_131' title='bbox 1008 2014 1126 2094; x_wconf 79' lang='lat' dir='ltr'>volunt,</span> <span class='ocrx_word' id='word_1_132' title='bbox 1151 2016 1179 2080; x_wconf 90' lang='lat' dir='ltr'>si</span> <span class='ocrx_word' id='word_1_133' title='bbox 1194 2015 1257 2098; x_wconf 89' lang='lat' dir='ltr'>ipsi</span> <span class='ocrx_word' id='word_1_134' title='bbox 1282 2012 1401 2078; x_wconf 85' lang='lat' dir='ltr'>habere</span> <span class='ocrx_word' id='word_1_135' title='bbox 1417 2011 1478 2077; x_wconf 91' lang='lat' dir='ltr'>nol·</span> 
     </span>
     <span class='ocr_line' id='line_1_16' title="bbox 354 2119 1478 2207; baseline 0.003 -24"><span class='ocrx_word' id='word_1_136' title='bbox 354 2119 423 2184; x_wconf 86' lang='lat' dir='ltr'>lent</span> <span class='ocrx_word' id='word_1_137' title='bbox 439 2119 487 2184; x_wconf 88' lang='lat' dir='ltr'>vel</span> <span class='ocrx_word' id='word_1_138' title='bbox 512 2141 576 2184; x_wconf 88' lang='lat' dir='ltr'>non</span> <span class='ocrx_word' id='word_1_139' title='bbox 592 2127 731 2203; x_wconf 82' lang='lat' dir='ltr'>possent,</span> <span class='ocrx_word' id='word_1_140' title='bbox 757 2120 921 2186; x_wconf 82' lang='lat' dir='ltr'>habebunt</span> <span class='ocrx_word' id='word_1_141' title='bbox 946 2120 1111 2206; x_wconf 78' lang='lat' dir='ltr'>obligandi</span> <span class='ocrx_word' id='word_1_142' title='bbox 1134 2127 1336 2207; x_wconf 76' lang='lat' dir='ltr'>potestatem.</span> <span class='ocrx_word' id='word_1_143' title='bbox 1360 2122 1478 2187; x_wconf 84' lang='lat' dir='ltr'>Datum</span> 
     </span>
     <span class='ocr_line' id='line_1_17' title="bbox 356 2227 1479 2314; baseline 0.002 -22"><span class='ocrx_word' id='word_1_144' title='bbox 356 2227 437 2292; x_wconf 85' lang='lat' dir='ltr'>feria</span> <span class='ocrx_word' id='word_1_145' title='bbox 453 2229 594 2293; x_wconf 80' lang='lat' dir='ltr'>secunda</span> <span class='ocrx_word' id='word_1_146' title='bbox 618 2229 765 2311; x_wconf 79' lang='lat' dir='ltr'>proxima</span> <span class='ocrx_word' id='word_1_147' title='bbox 789 2235 862 2311; x_wconf 90' lang='lat' dir='ltr'>post</span> <span class='ocrx_word' id='word_1_148' title='bbox 886 2227 1005 2294; x_wconf 85' lang='lat' dir='ltr'>festum</span> <span class='ocrx_word' id='word_1_149' title='bbox 1030 2229 1124 2295; x_wconf 84' lang='lat' dir='ltr'>beate</span> <span class='ocrx_word' id='word_1_150' title='bbox 1148 2230 1255 2296; x_wconf 82' lang='lat' dir='ltr'>Mario</span> <span class='ocrx_word' id='word_1_151' title='bbox 1279 2229 1479 2314; x_wconf 80' lang='lat' dir='ltr'>Magdalene,</span> 
     </span>
     <span class='ocr_line' id='line_1_18' title="bbox 355 2335 1056 2437; baseline 0.009 -39"><span class='ocrx_word' id='word_1_152' title='bbox 355 2355 439 2437; x_wconf 70' lang='lat' dir='ltr'>enno</span> <span class='ocrx_word' id='word_1_153' title='bbox 455 2335 575 2401; x_wconf 92' lang='lat' dir='ltr'>domini</span> <span class='ocrx_word' id='word_1_154' title='bbox 591 2337 643 2402; x_wconf 90' lang='grc' dir='ltr'>Μο</span> <span class='ocrx_word' id='word_1_155' title='bbox 669 2335 766 2404; x_wconf 83' lang='grc' dir='ltr'>000ο</span> <span class='ocrx_word' id='word_1_156' title='bbox 789 2337 894 2404; x_wconf 83' lang='lat' dir='ltr'>XL¹¹¹⁰</span> <span class='ocrx_word' id='word_1_157' title='bbox 910 2338 1056 2421; x_wconf 88' lang='lat' dir='ltr'>septimo.</span> 
     </span>
    </p>
   </div>
   <div class='ocr_carea' id='block_1_3' title="bbox 462 2499 1344 2566">
    <p class='ocr_par' dir='ltr' id='par_1_3' title="bbox 462 2499 1344 2566">
     <span class='ocr_line' id='line_1_19' title="bbox 462 2499 1344 2566; baseline 0.003 -18"><span class='ocrx_word' id='word_1_158' title='bbox 462 2499 614 2564; x_wconf 74' lang='lat' dir='ltr'>Httlspjlon</span> <span class='ocrx_word' id='word_1_159' title='bbox 627 2501 719 2564; x_wconf 77' lang='lat' dir='ltr'>posset</span> <span class='ocrx_word' id='word_1_160' title='bbox 732 2503 890 2564; x_wconf 81' lang='lat' dir='ltr'>nyornaivol</span> <span class='ocrx_word' id='word_1_161' title='bbox 903 2519 908 2552; x_wconf 93' lang='lat'>:</span> <span class='ocrx_word' id='word_1_162' title='bbox 929 2501 1060 2566; x_wconf 86' lang='lat' dir='ltr'>eredstije</span> <span class='ocrx_word' id='word_1_163' title='bbox 1073 2519 1090 2552; x_wconf 86' lang='lat' dir='ltr'>a</span> <span class='ocrx_word' id='word_1_164' title='bbox 1102 2504 1135 2552; x_wconf 87' lang='lat' dir='ltr'>N.</span> <span class='ocrx_word' id='word_1_165' title='bbox 1148 2503 1344 2554; x_wconf 83' lang='lat' dir='ltr'>Muzoumbau.</span> 
     </span>
    </p>
   </div>
   <div class='ocr_carea' id='block_1_4' title="bbox 893 2955 945 3014">
    <p class='ocr_par' dir='ltr' id='par_1_4' title="bbox 893 2955 945 3014">
     <span class='ocr_line' id='line_1_20' title="bbox 893 2955 945 3014; baseline 0 0"><span class='ocrx_word' id='word_1_166' title='bbox 893 2955 945 3014; x_wconf 90' lang='grc'>46.</span> 
     </span>
    </p>
   </div>
   <div class='ocr_carea' id='block_1_5' title="bbox 348 3110 1483 3410">
    <p class='ocr_par' dir='ltr' id='par_1_5' title="bbox 348 3110 1483 3410">
     <span class='ocr_line' id='line_1_21' title="bbox 359 3110 1482 3198; baseline 0 -25"><span class='ocrx_word' id='word_1_167' title='bbox 359 3112 453 3174; x_wconf 84' lang='grc'><em>1347.</em></span> <span class='ocrx_word' id='word_1_168' title='bbox 467 3113 530 3198; x_wconf 82' lang='lat' dir='ltr'>jul.</span> <span class='ocrx_word' id='word_1_169' title='bbox 548 3114 599 3178; x_wconf 79' lang='lat'>24.</span> <span class='ocrx_word' id='word_1_170' title='bbox 616 3110 646 3176; x_wconf 85' lang='lat' dir='ltr'><em>A</em></span> <span class='ocrx_word' id='word_1_171' title='bbox 662 3113 785 3198; x_wconf 78' lang='lat' dir='ltr'>cyitrai</span> <span class='ocrx_word' id='word_1_172' title='bbox 799 3112 954 3198; x_wconf 80' lang='lat' dir='ltr'>ltdptolan</span> <span class='ocrx_word' id='word_1_173' title='bbox 970 3113 1038 3177; x_wconf 70' lang='lat' dir='ltr'>elder</span> <span class='ocrx_word' id='word_1_174' title='bbox 1063 3113 1202 3178; x_wconf 81' lang='lat' dir='ltr'>Vo&#39;su&#39;rdi</span> <span class='ocrx_word' id='word_1_175' title='bbox 1225 3113 1313 3176; x_wconf 64' lang='lat' dir='ltr'>Feros</span> <span class='ocrx_word' id='word_1_176' title='bbox 1328 3111 1437 3176; x_wconf 80' lang='lat' dir='ltr'>Jatab</span> <span class='ocrx_word' id='word_1_177' title='bbox 1452 3113 1482 3174; x_wconf 85' lang='lat' dir='ltr'>e&#39;s</span> 
     </span>
     <span class='ocr_line' id='line_1_22' title="bbox 348 3218 1483 3304; baseline -0.001 -22"><span class='ocrx_word' id='word_1_178' title='bbox 348 3219 399 3300; x_wconf 80' lang='lat' dir='ltr'>fio</span> <span class='ocrx_word' id='word_1_179' title='bbox 415 3219 545 3300; x_wconf 70' lang='lat' dir='ltr'>Mettus,</span> <span class='ocrx_word' id='word_1_180' title='bbox 562 3218 685 3285; x_wconf 77' lang='lat' dir='ltr'>szdlldsi</span> <span class='ocrx_word' id='word_1_181' title='bbox 704 3219 945 3283; x_wconf 73' lang='lat' dir='ltr'>birtolcrdszitket</span> <span class='ocrx_word' id='word_1_182' title='bbox 977 3220 1117 3284; x_wconf 77' lang='lat' dir='ltr'>Vdsdrdi</span> <span class='ocrx_word' id='word_1_183' title='bbox 1132 3219 1252 3282; x_wconf 76' lang='lat' dir='ltr'>Korma</span> <span class='ocrx_word' id='word_1_184' title='bbox 1276 3219 1483 3304; x_wconf 71' lang='lat' dir='ltr'>&amp;zoegyc&#39;roe&#39;s</span> 
     </span>
     <span class='ocr_line' id='line_1_23' title="bbox 752 3327 1077 3410; baseline -0.003 -17"><span class='ocrx_word' id='word_1_185' title='bbox 752 3328 845 3410; x_wconf 74' lang='lat' dir='ltr'>flora</span> <span class='ocrx_word' id='word_1_186' title='bbox 860 3327 1019 3392; x_wconf 73' lang='lat' dir='ltr'>rorddzzdk</span> <span class='ocrx_word' id='word_1_187' title='bbox 1035 3333 1077 3392; x_wconf 72' lang='lat' dir='ltr'>ot.</span> 
     </span>
    </p>
   </div>
   <div class='ocr_carea' id='block_1_6' title="bbox 355 3507 1488 4676">
    <p class='ocr_par' dir='ltr' id='par_1_6' title="bbox 355 3507 1488 4676">
     <span class='ocr_line' id='line_1_24' title="bbox 464 3507 1483 3592; baseline -0.001 -19"><span class='ocrx_word' id='word_1_188' title='bbox 464 3507 533 3573; x_wconf 91' lang='lat' dir='ltr'>Nos</span> <span class='ocrx_word' id='word_1_189' title='bbox 550 3507 728 3592; x_wconf 80' lang='lat' dir='ltr'>capitulum</span> <span class='ocrx_word' id='word_1_190' title='bbox 754 3507 886 3572; x_wconf 84' lang='lat' dir='ltr'>ecclesie</span> <span class='ocrx_word' id='word_1_191' title='bbox 911 3507 1088 3573; x_wconf 88' lang='lat' dir='ltr'>Nitriensis</span> <span class='ocrx_word' id='word_1_192' title='bbox 1114 3508 1333 3591; x_wconf 82' lang='lat' dir='ltr'>significemus</span> <span class='ocrx_word' id='word_1_193' title='bbox 1349 3557 1356 3571; x_wconf 91' lang='lat'><em>.</em></span> <span class='ocrx_word' id='word_1_194' title='bbox 1375 3559 1380 3572; x_wconf 91' lang='lat'>.</span> <span class='ocrx_word' id='word_1_195' title='bbox 1399 3507 1483 3590; x_wconf 90' lang='lat' dir='ltr'>quod</span> 
     </span>
     <span class='ocr_line' id='line_1_25' title="bbox 357 3614 1483 3700; baseline 0 -20"><span class='ocrx_word' id='word_1_196' title='bbox 357 3616 502 3681; x_wconf 84' lang='lat' dir='ltr'>Jacobus</span> <span class='ocrx_word' id='word_1_197' title='bbox 519 3616 624 3681; x_wconf 87' lang='lat' dir='ltr'>dictus</span> <span class='ocrx_word' id='word_1_198' title='bbox 641 3616 745 3700; x_wconf 81' lang='lat' dir='ltr'>Fytus</span> <span class='ocrx_word' id='word_1_199' title='bbox 763 3614 802 3680; x_wconf 93' lang='lat' dir='ltr'>de</span> <span class='ocrx_word' id='word_1_200' title='bbox 819 3615 962 3680; x_wconf 81' lang='lat' dir='ltr'>Wasord</span> <span class='ocrx_word' id='word_1_201' title='bbox 988 3623 1020 3681; x_wconf 88' lang='lat' dir='ltr'>et</span> <span class='ocrx_word' id='word_1_202' title='bbox 1045 3615 1202 3682; x_wconf 80' lang='lat' dir='ltr'>Nicotaus</span> <span class='ocrx_word' id='word_1_203' title='bbox 1228 3616 1315 3681; x_wconf 90' lang='lat' dir='ltr'>filius</span> <span class='ocrx_word' id='word_1_204' title='bbox 1341 3615 1483 3680; x_wconf 86' lang='lat' dir='ltr'>eiusdem</span> 
     </span>
     <span class='ocr_line' id='line_1_26' title="bbox 356 3723 1479 3807; baseline -0.001 -19"><span class='ocrx_word' id='word_1_205' title='bbox 356 3724 397 3788; x_wconf 87' lang='lat' dir='ltr'>ab</span> <span class='ocrx_word' id='word_1_206' title='bbox 421 3746 496 3807; x_wconf 84' lang='lat' dir='ltr'>uns,</span> <span class='ocrx_word' id='word_1_207' title='bbox 521 3725 599 3788; x_wconf 88' lang='lat' dir='ltr'>item</span> <span class='ocrx_word' id='word_1_208' title='bbox 625 3723 741 3788; x_wconf 88' lang='lat' dir='ltr'>nobilis</span> <span class='ocrx_word' id='word_1_209' title='bbox 766 3725 895 3788; x_wconf 86' lang='lat' dir='ltr'>domina</span> <span class='ocrx_word' id='word_1_210' title='bbox 910 3724 1125 3807; x_wconf 78' lang='lat' dir='ltr'>Margareths</span> <span class='ocrx_word' id='word_1_211' title='bbox 1149 3725 1265 3790; x_wconf 83' lang='lat' dir='ltr'>relicta</span> <span class='ocrx_word' id='word_1_212' title='bbox 1280 3723 1398 3790; x_wconf 86' lang='lat' dir='ltr'>Oozme</span> <span class='ocrx_word' id='word_1_213' title='bbox 1425 3723 1479 3788; x_wconf 86' lang='lat' dir='ltr'>filii</span> 
     </span>
     <span class='ocr_line' id='line_1_27' title="bbox 355 3831 1485 3915; baseline 0 -19"><span class='ocrx_word' id='word_1_214' title='bbox 355 3832 474 3898; x_wconf 81' lang='lat' dir='ltr'>Bolose</span> <span class='ocrx_word' id='word_1_215' title='bbox 491 3831 530 3897; x_wconf 91' lang='lat' dir='ltr'>de</span> <span class='ocrx_word' id='word_1_216' title='bbox 546 3833 658 3898; x_wconf 86' lang='lat' dir='ltr'>eadem</span> <span class='ocrx_word' id='word_1_217' title='bbox 674 3839 707 3897; x_wconf 87' lang='lat' dir='ltr'>et</span> <span class='ocrx_word' id='word_1_218' title='bbox 723 3831 908 3915; x_wconf 80' lang='lat' dir='ltr'>Stephanus</span> <span class='ocrx_word' id='word_1_219' title='bbox 925 3831 1011 3898; x_wconf 91' lang='lat' dir='ltr'>filius</span> <span class='ocrx_word' id='word_1_220' title='bbox 1028 3833 1169 3898; x_wconf 88' lang='lat' dir='ltr'>eiusdem</span> <span class='ocrx_word' id='word_1_221' title='bbox 1195 3837 1290 3915; x_wconf 84' lang='lat' dir='ltr'>parte</span> <span class='ocrx_word' id='word_1_222' title='bbox 1316 3833 1356 3896; x_wconf 85' lang='lat' dir='ltr'>ab</span> <span class='ocrx_word' id='word_1_223' title='bbox 1382 3832 1485 3896; x_wconf 79' lang='lat' dir='ltr'>altero</span> 
     </span>
     <span class='ocr_line' id='line_1_28' title="bbox 356 3939 1486 4022; baseline -0.002 -17"><span class='ocrx_word' id='word_1_224' title='bbox 356 3962 464 4005; x_wconf 85' lang='lat' dir='ltr'>eoram</span> <span class='ocrx_word' id='word_1_225' title='bbox 481 3940 571 4004; x_wconf 89' lang='lat' dir='ltr'>nobis</span> <span class='ocrx_word' id='word_1_226' title='bbox 587 3940 800 4022; x_wconf 84' lang='lat' dir='ltr'>personaliter</span> <span class='ocrx_word' id='word_1_227' title='bbox 815 3941 991 4020; x_wconf 90' lang='lat' dir='ltr'>constituti,</span> <span class='ocrx_word' id='word_1_228' title='bbox 1008 3941 1105 4005; x_wconf 88' lang='lat' dir='ltr'>iidem</span> <span class='ocrx_word' id='word_1_229' title='bbox 1121 3939 1146 4004; x_wconf 86' lang='lat' dir='ltr'>J</span> <span class='ocrx_word' id='word_1_230' title='bbox 1147 3940 1266 4005; x_wconf 82' lang='lat' dir='ltr'>acobus</span> <span class='ocrx_word' id='word_1_231' title='bbox 1283 3947 1316 4005; x_wconf 89' lang='lat' dir='ltr'>et</span> <span class='ocrx_word' id='word_1_232' title='bbox 1330 3939 1486 4006; x_wconf 85' lang='lat' dir='ltr'>Nicoleus</span> 
     </span>
     <span class='ocr_line' id='line_1_29' title="bbox 355 4047 1485 4133; baseline 0 -19"><span class='ocrx_word' id='word_1_233' title='bbox 355 4049 443 4114; x_wconf 90' lang='lat' dir='ltr'>filius</span> <span class='ocrx_word' id='word_1_234' title='bbox 460 4069 537 4114; x_wconf 89' lang='lat' dir='ltr'>suus</span> <span class='ocrx_word' id='word_1_235' title='bbox 553 4049 687 4114; x_wconf 82' lang='lat' dir='ltr'>totalem</span> <span class='ocrx_word' id='word_1_236' title='bbox 702 4050 987 4133; x_wconf 86' lang='lat' dir='ltr'>possessionariam</span> <span class='ocrx_word' id='word_1_237' title='bbox 1004 4049 1187 4132; x_wconf 88' lang='lat' dir='ltr'>porcionem</span> <span class='ocrx_word' id='word_1_238' title='bbox 1203 4051 1347 4131; x_wconf 88' lang='lat' dir='ltr'>ipsorum</span> <span class='ocrx_word' id='word_1_239' title='bbox 1363 4049 1397 4112; x_wconf 92' lang='lat' dir='ltr'>in</span> <span class='ocrx_word' id='word_1_240' title='bbox 1407 4047 1485 4114; x_wconf 86' lang='lat' dir='ltr'>Zeu·</span> 
     </span>
     <span class='ocr_line' id='line_1_30' title="bbox 356 4155 1483 4242; baseline -0.001 -20"><span class='ocrx_word' id='word_1_241' title='bbox 356 4159 425 4224; x_wconf 88' lang='lat' dir='ltr'>leus</span> <span class='ocrx_word' id='word_1_242' title='bbox 451 4160 536 4241; x_wconf 90' lang='lat' dir='ltr'>ipsos</span> <span class='ocrx_word' id='word_1_243' title='bbox 562 4159 631 4223; x_wconf 89' lang='lat' dir='ltr'>iure</span> <span class='ocrx_word' id='word_1_244' title='bbox 650 4159 845 4224; x_wconf 85' lang='lat' dir='ltr'>hereditario</span> <span class='ocrx_word' id='word_1_245' title='bbox 871 4158 1116 4242; x_wconf 86' lang='lat' dir='ltr'>contingentem,</span> <span class='ocrx_word' id='word_1_246' title='bbox 1142 4180 1215 4222; x_wconf 88' lang='lat' dir='ltr'>cunr</span> <span class='ocrx_word' id='word_1_247' title='bbox 1231 4155 1429 4222; x_wconf 85' lang='lat' dir='ltr'>utilitatibus</span> <span class='ocrx_word' id='word_1_248' title='bbox 1456 4205 1483 4220; x_wconf 90' lang='lat'>..</span> 
     </span>
     <span class='ocr_line' id='line_1_31' title="bbox 357 4265 1487 4350; baseline -0.002 -19"><span class='ocrx_word' id='word_1_249' title='bbox 357 4268 521 4350; x_wconf 89' lang='lat' dir='ltr'>universis,</span> <span class='ocrx_word' id='word_1_250' title='bbox 544 4267 693 4333; x_wconf 82' lang='lat' dir='ltr'>iamdicto</span> <span class='ocrx_word' id='word_1_251' title='bbox 717 4265 845 4331; x_wconf 90' lang='lat' dir='ltr'>domine</span> <span class='ocrx_word' id='word_1_252' title='bbox 862 4272 894 4330; x_wconf 91' lang='lat' dir='ltr'>et</span> <span class='ocrx_word' id='word_1_253' title='bbox 910 4265 1074 4349; x_wconf 85' lang='lat' dir='ltr'>Stephano</span> <span class='ocrx_word' id='word_1_254' title='bbox 1093 4265 1160 4330; x_wconf 91' lang='lat' dir='ltr'>filio</span> <span class='ocrx_word' id='word_1_255' title='bbox 1191 4265 1335 4331; x_wconf 91' lang='lat' dir='ltr'>eiusdem</span> <span class='ocrx_word' id='word_1_256' title='bbox 1353 4271 1421 4330; x_wconf 88' lang='lat' dir='ltr'>turn</span> <span class='ocrx_word' id='word_1_257' title='bbox 1442 4267 1487 4329; x_wconf 91' lang='lat' dir='ltr'>iu-</span> 
     </span>
     <span class='ocr_line' id='line_1_32' title="bbox 357 4371 1487 4459; baseline -0.004 -19"><span class='ocrx_word' id='word_1_258' title='bbox 357 4376 442 4440; x_wconf 89' lang='lat' dir='ltr'>tuitu</span> <span class='ocrx_word' id='word_1_259' title='bbox 458 4375 675 4459; x_wconf 84' lang='lat' dir='ltr'>proximitatis</span> <span class='ocrx_word' id='word_1_260' title='bbox 691 4373 922 4440; x_wconf 90' lang='lat' dir='ltr'>indissolubilis</span> <span class='ocrx_word' id='word_1_261' title='bbox 946 4381 1016 4438; x_wconf 90' lang='lat' dir='ltr'>tum</span> <span class='ocrx_word' id='word_1_262' title='bbox 1042 4375 1144 4439; x_wconf 80' lang='lat' dir='ltr'>eciam</span> <span class='ocrx_word' id='word_1_263' title='bbox 1169 4379 1319 4457; x_wconf 84' lang='lat' dir='ltr'>pretextu</span> <span class='ocrx_word' id='word_1_264' title='bbox 1345 4371 1487 4455; x_wconf 91' lang='lat' dir='ltr'>plurium</span> 
     </span>
     <span class='ocr_line' id='line_1_33' title="bbox 358 4479 1488 4566; baseline -0.002 -20"><span class='ocrx_word' id='word_1_265' title='bbox 358 4504 511 4565; x_wconf 82' lang='lat' dir='ltr'>generum</span> <span class='ocrx_word' id='word_1_266' title='bbox 526 4481 754 4548; x_wconf 84' lang='lat' dir='ltr'>beneficiorum</span> <span class='ocrx_word' id='word_1_267' title='bbox 771 4483 817 4547; x_wconf 89' lang='lat' dir='ltr'>eis</span> <span class='ocrx_word' id='word_1_268' title='bbox 842 4503 900 4566; x_wconf 92' lang='lat' dir='ltr'>per</span> <span class='ocrx_word' id='word_1_269' title='bbox 917 4481 1116 4546; x_wconf 82' lang='lat' dir='ltr'>antedictum</span> <span class='ocrx_word' id='word_1_270' title='bbox 1127 4479 1279 4547; x_wconf 83' lang='lat' dir='ltr'>Oozmam</span> <span class='ocrx_word' id='word_1_271' title='bbox 1295 4479 1488 4546; x_wconf 91' lang='lat' dir='ltr'>creberrime</span> 
     </span>
     <span class='ocr_line' id='line_1_34' title="bbox 358 4588 1488 4676; baseline -0.002 -20"><span class='ocrx_word' id='word_1_272' title='bbox 358 4591 584 4676; x_wconf 88' lang='lat' dir='ltr'>impensorum,</span> <span class='ocrx_word' id='word_1_273' title='bbox 601 4589 748 4658; x_wconf 86' lang='lat' dir='ltr'>absolute</span> <span class='ocrx_word' id='word_1_274' title='bbox 768 4597 800 4656; x_wconf 92' lang='lat' dir='ltr'>et</span> <span class='ocrx_word' id='word_1_275' title='bbox 824 4589 1002 4654; x_wconf 85' lang='lat' dir='ltr'>liberaliter</span> <span class='ocrx_word' id='word_1_276' title='bbox 1019 4639 1025 4656; x_wconf 91' lang='lat'><em>.</em></span> <span class='ocrx_word' id='word_1_277' title='bbox 1043 4638 1050 4654; x_wconf 89' lang='lat'><strong>.</strong></span> <span class='ocrx_word' id='word_1_278' title='bbox 1067 4590 1249 4656; x_wconf 87' lang='lat' dir='ltr'>retulerunt</span> <span class='ocrx_word' id='word_1_279' title='bbox 1264 4588 1390 4656; x_wconf 87' lang='lat' dir='ltr'>dedisse</span> <span class='ocrx_word' id='word_1_280' title='bbox 1408 4637 1415 4651; x_wconf 94' lang='lat'><strong>.</strong></span> <span class='ocrx_word' id='word_1_281' title='bbox 1432 4637 1439 4652; x_wconf 91' lang='lat'><em>.</em></span> <span class='ocrx_word' id='word_1_282' title='bbox 1456 4589 1488 4654; x_wconf 93' lang='lat' dir='ltr'>in</span> 
     </span>
    </p>
   </div>
   <div class='ocr_carea' id='block_1_7' title="bbox 0 0 1580 5462">
    <p class='ocr_par' dir='ltr' id='par_1_7' title="bbox 0 0 1580 5462">
     <span class='ocr_line' id='line_1_35' title="bbox 0 0 1580 5462; baseline 0 0"><span class='ocrx_word' id='word_1_283' title='bbox 0 0 1580 5462; x_wconf 95' lang='lat' dir='ltr'> </span> 
     </span>
    </p>
   </div>
  </div>
 </body>
</html>
