3180 5470
347 571 413 632 420
708 580 894 628 antonnonr
910 566 1124 626 onulurrin.

346 758 397 817 tas
415 801 444 816 ..
474 747 652 831 recepimus
692 743 723 809 in
757 744 816 810 hec
854 743 974 809 verba:
1009 742 1189 810 Lodovicus
1207 793 1236 808 ..
1262 761 1319 806 rex
1337 792 1368 804 ..
1393 737 1483 822 capi·

346 859 415 924 tulo
426 854 581 941 Agriensi
599 909 604 921 .
622 907 628 920 .
646 907 652 922 .
677 854 837 932 noveritis
848 853 935 938 quod
945 852 1086 918 Thomas
1096 851 1183 916 filius
1193 849 1325 916 Andree
1335 849 1376 914 de
1386 845 1482 914 Zend

346 963 610 1042 vioeoastcllanus
626 963 665 1028 ds
681 963 785 1047 Fyzer
801 961 903 1026 fidelis
921 967 1030 1026 noster
1046 961 1088 1026 ad
1103 966 1212 1026 nostre
1229 958 1413 1026 serenitatis
1430 977 1483 1026 ac·

346 1071 486 1139 cedendo
511 1072 719 1155 presenciam,
744 1070 919 1138 fidelitates
948 1090 1022 1136 suas
1048 1076 1081 1136 et
1105 1068 1247 1135 fidelium
1273 1067 1483 1132 servitiorum

347 1203 479 1248 suorum
495 1182 612 1246 merita
628 1181 660 1244 iu
678 1181 802 1246 eunctis
826 1180 928 1244 nostri
945 1185 978 1244 et
994 1179 1085 1262 regni
1102 1179 1204 1242 nostri
1220 1175 1482 1259 expedicionibus

347 1291 508 1374 prosperis
524 1290 649 1373 pariter
665 1294 698 1352 et
715 1288 866 1365 adversis,
884 1287 1068 1370 specialiter
1093 1287 1126 1350 in
1152 1304 1251 1368 regno
1268 1291 1379 1350 nostro
1396 1283 1482 1350 Sici-

346 1399 397 1478 lie,
422 1397 522 1464 variis
547 1403 579 1464 et
604 1396 779 1479 inopinatis
806 1395 935 1460 fortune
960 1394 1087 1460 casibus
1114 1400 1146 1458 et
1171 1415 1306 1478 persone
1325 1391 1480 1476 periculis

347 1507 497 1572 continue
515 1513 547 1571 et
563 1507 631 1571 sine
649 1504 886 1570 intermissione
913 1527 945 1569 se
972 1503 1158 1588 exponendo
1176 1525 1249 1568 oum
1265 1522 1392 1568 summa
1410 1501 1482 1566 dili·

347 1617 460 1698 gencia
476 1620 509 1679 et
525 1615 631 1679 votiva
650 1613 864 1680 sollicitudine
885 1621 993 1679 nostre
1014 1614 1176 1679 maiestati
1193 1634 1251 1697 per
1270 1611 1409 1678 eundem
1429 1631 1482 1674 ex-

345 1723 466 1790 hibitas
485 1730 517 1788 et
532 1723 677 1806 impensa
694 1741 876 1804 proponens
892 1726 925 1785 et
941 1721 1117 1798 declarans,
1138 1721 1312 1802 quamdam
1329 1719 1482 1802 possessi-

346 1853 439 1901 onem
454 1831 611 1916 Kuohlyn
626 1837 774 1896 vocatam
789 1831 823 1894 in
839 1829 994 1896 comitatu
1013 1829 1261 1896 Abavivariensi
1279 1831 1482 1901 existentem,

346 1962 492 2007 asserens
509 1939 644 2004 eandem
672 1940 748 2004 olim
773 1938 896 2005 Thome
923 1945 955 2002 et
981 1936 1133 2022 Gregorii
1158 1937 1297 2004 filiorum
1323 1935 1482 2004 Gabrian.

346 2046 476 2113 Nicolai
492 2047 551 2112 filii
568 2048 682 2114 Cosme
700 2055 732 2111 et
748 2046 900 2112 Luchasii
926 2045 984 2112 filii
1000 2045 1025 2110 J
1026 2067 1087 2111 oen
1104 2046 1143 2110 de
1160 2046 1308 2128 predicta
1324 2044 1481 2130 Kuchlyn

347 2157 560 2222 castrensium
575 2157 748 2236 hominurn,
764 2155 913 2220 videlicet
938 2155 1004 2220 sine
1032 2153 1148 2218 herede
1164 2153 1368 2220 decessorum
1386 2155 1482 2220 exsti-

348 2264 434 2345 tisse,
452 2286 491 2328 ex
507 2285 544 2329 eo
561 2265 652 2328 iuxta
668 2264 883 2348 approbatam
909 2266 1000 2347 regni
1026 2265 1128 2331 nostri
1153 2265 1417 2328 consuetudinem
1441 2262 1482 2326 ad

347 2379 473 2436 nostrae
490 2391 603 2436 manns
620 2373 726 2454 regias
743 2373 804 2436 rite
821 2379 853 2436 et
869 2369 1110 2436 racionabiliter
1125 2371 1192 2437 fore
1209 2372 1404 2452 devolutam,
1414 2381 1447 2437 et
1462 2393 1480 2436 a

345 2479 437 2544 nobis
453 2479 515 2545 sibi
531 2479 603 2544 dari
619 2485 652 2545 et
667 2479 804 2544 conferri
820 2481 854 2543 in
869 2487 1061 2564 perpetuum
1071 2481 1263 2565 postulavit;
1279 2503 1393 2547 serum
1404 2482 1479 2564 quie

346 2588 385 2654 de
403 2588 560 2670 qualitate
577 2595 609 2665 et
635 2589 818 2670 quantitate
842 2588 941 2671 ipsius
957 2589 1175 2673 possessionis,
1200 2595 1232 2653 et
1255 2596 1369 2654 utrum
1388 2588 1479 2654 modo

345 2698 501 2781 premisso
517 2701 626 2761 nostre
643 2698 805 2781 pertineat
821 2697 987 2762 collationi
1012 2718 1069 2762 nec
1096 2718 1144 2776 ne,
1162 2697 1253 2762 nobis
1270 2699 1395 2762 veritas
1419 2719 1478 2762 non

345 2811 480 2884 constat,
512 2805 663 2870 fidelitati
695 2812 800 2870 vestre
825 2805 961 2870 firmiter
987 2807 1180 2889 precipimus
1215 2829 1273 2889 per
1305 2815 1479 2890 presentes.

346 2919 506 2998 quatenus
522 2918 664 2979 vestrum
680 2914 816 2978 mittatis
833 2913 996 2979 hominem
1005 2935 1064 2998 pro
1075 2915 1257 2984 testimonio
1274 2914 1479 2998 fidedignum.

348 3043 412 3104 quo
429 3028 576 3106 presente
592 3021 766 3088 Ladislaus
782 3023 868 3088 filius
885 3024 1008 3088 Thome
1025 3025 1064 3088 de
1075 3024 1226 3108 Hegalya
1245 3024 1478 3090 velLadislaus

345 3129 430 3196 filius
455 3129 585 3196 Nicolai
610 3131 650 3196 de
676 3131 741 3196 alia
765 3131 917 3216 Hegalya
942 3137 1000 3196 aut
1024 3131 1167 3224 tigidius¹
1186 3131 1272 3197 filius
1298 3133 1417 3201 (losme
1442 3131 1478 3196 de

345 3240 464 3306 Oozma
479 3239 552 3304 aliis
569 3238 755 3304 absentibus
771 3239 865 3304 homo
882 3246 1000 3318 noster,
1016 3239 1058 3306 ad
1074 3239 1188 3308 faciem
1206 3241 1292 3306 dicte
1309 3241 1478 3324 possessio

345 3349 442 3414 nis..
475 3347 672 3430 accedendo,
719 3347 899 3413 reambulct
950 3349 1085 3413 eandem
1110 3398 1141 3416 ..
1174 3348 1477 3429 reambulatanrque

344 3505 351 3520 .
369 3507 376 3521 .
400 3462 527 3522 statuat
542 3457 645 3522 eidem
662 3457 784 3524 Thome
800 3455 866 3522 filio
882 3454 1017 3522 Andree
1036 3457 1132 3523 titulo
1160 3465 1269 3524 nostre
1292 3478 1375 3523 nove
1386 3457 1478 3522 dona-

345 3563 445 3630 cionis
455 3570 611 3648 perpetuo
626 3563 852 3648 possidendam
863 3566 890 3630 si
901 3587 963 3631 non
980 3565 1079 3630 fuerit
1094 3566 1342 3645 contradictum,
1353 3573 1479 3631 contra·

345 3671 520 3738 dictoribus
537 3673 564 3738 si
581 3674 637 3756 qui
655 3672 784 3752 fuerint,
795 3679 908 3739 contra
919 3674 1055 3739 eundem
1065 3675 1106 3739 ad
1118 3680 1261 3739 nostram
1278 3675 1478 3759 presenciam

345 3827 376 3844 ..
401 3782 556 3862 evocatis;
581 3785 614 3845 et
645 3785 717 3865 post
750 3777 819 3866 heo]
844 3782 959 3846 seriem
985 3781 1085 3866 ipsius
1120 3781 1365 3847 statutionis..
1389 3781 1480 3846 nobis

344 3886 483 3954 fideliter
508 3889 702 3955 rescribatis.
734 3890 858 3956 Datum
881 3890 983 3970 Bude,
1008 3896 1124 3975 quarto
1148 3891 1199 3956 die
1223 3891 1299 3956 festi
1324 3889 1479 3958 Omnium

346 3995 547 4077 Sanctorum,
558 4019 642 4064 anno
653 3998 774 4064 domini
789 3999 841 4065 Μ0
866 3997 987 4067 000ωο
1005 3999 1280 4084 quinquagesimo.
1299 3998 1371 4065 Nos
1381 4001 1481 4083 igitur

345 4126 417 4170 cum
433 4105 560 4189 prelato
576 4106 730 4173 Ledislao
756 4107 822 4172 filio
838 4107 967 4174 Nicolai
993 4107 1031 4173 de
1048 4108 1199 4194 Hegalya
1215 4110 1345 4175 homine
1364 4117 1481 4186 uestro,

345 4219 491 4281 nostrum
530 4215 691 4281 hominem
708 4265 738 4280 ..
762 4217 897 4281 Petrum
938 4215 1089 4283 clericum
1124 4219 1317 4302 magistrum
1365 4217 1481 4283 altaris
1585 4269 1586 4272 ,

349 4327 458 4388 sancte
482 4321 653 4388 Elisabeth
678 4323 716 4388 de
743 4323 854 4390 eadem
880 4325 1014 4390 ecelesia
1039 4321 1158 4392 'nostra
1195 4327 1483 4392 transmisimus..
1585 4307 1586 4318 ἶ

345 4431 401 4513 qui
418 4429 550 4514 quidem
565 4431 661 4498 bomo
686 4437 833 4497 vester..
858 4433 899 4498 ad
930 4455 988 4500 nos
1014 4455 1168 4514 reversus,
1193 4441 1395 4518 presente..
1419 4441 1483 4500 tes·

345 4537 478 4604 timonio
494 4545 604 4605 nostro
620 4539 712 4606 nobis
728 4539 840 4605 retulit
856 4593 863 4607 .
881 4591 887 4606 .
912 4541 996 4625 quod
1022 4543 1091 4627 ipse
1123 4563 1262 4608 unacum
1287 4541 1375 4608 dioto
1390 4543 1483 4608 testi·

346 4647 452 4711 monio
468 4653 579 4713 nostro
595 4648 628 4712 in
646 4648 698 4713 die
715 4647 787 4714 festi
803 4647 889 4714 beati
909 4649 1016 4717 Marci
1031 4650 1222 4719 confessoris
1249 4651 1314 4717 iam
1330 4651 1483 4734 preteriti

346 4755 556 4820 accessissent
572 4755 614 4820 ad
631 4755 746 4822 faciem
763 4758 973 4840 possessionis
989 4757 1136 4825 Kuchlin
1152 4765 1329 4843 prenotate,
1349 4767 1383 4824 et
1407 4779 1485 4826 esn-
1584 4751 1585 4790 l
