3180 5466
566 495 660 558 1351.
678 500 749 559 ula.
769 499 818 558 la.
1176 495 1240 562 467

104 668 240 736 vidimus
257 673 290 736 in
306 673 409 738 literis
429 673 571 757 ipsorum
595 675 797 740 dominorum
817 676 982 754 contineri,
1007 681 1045 740 ut
1070 677 1110 742 de
1126 677 1236 760 byrsa·
1267 735 1269 738 .

104 780 164 860 giis
179 779 376 846 vicecomitis
393 783 432 847 de
449 782 566 847 Zonuk
581 789 614 847 et
629 785 814 849 adversario
824 804 881 848 suo
898 784 1084 848 satisfacere
1100 783 1230 850 debere·

104 909 186 964 mus,
203 889 281 971 quia
297 891 461 972 predictus
484 891 600 974 Moyus
626 912 684 957 nec
709 893 847 975 proximi
871 893 921 956 sui
946 913 1005 957 nec
1022 895 1232 958 commetanei

101 995 225 1060 dictam
242 999 474 1078 possessionem
485 997 564 1082 Fyle
575 1000 732 1064 redimere
748 1021 812 1063 non
822 1006 980 1078 curantes,
990 1001 1094 1084 ipsam
1110 1021 1233 1083 posses-

101 1103 224 1167 sionem
240 1103 322 1188 Fyle
338 1106 493 1187 magistro
510 1105 618 1170 Deseu
634 1108 815 1171 vicecomiti
836 1115 944 1172 nostro
969 1109 1141 1172 statuimus
1165 1129 1237 1192 pos-

100 1213 270 1278 sidendam
286 1265 292 1276 .
310 1263 317 1275 .
342 1214 411 1278 sine
427 1220 519 1297 parte
537 1214 713 1280 adversarii
730 1217 779 1280 sui
805 1217 984 1299 prescripti.
1002 1214 1138 1299 Nosque
1155 1220 1236 1300 peti-

100 1321 400 1386 cionibuseiusdem
410 1322 736 1406 inclinati,predictas
746 1323 858 1389 literas
866 1329 993 1389 nostras
1003 1326 1122 1390 nostris
1132 1325 1237 1390 literis

101 1428 289 1510 patentibus
306 1429 480 1512 sigilloque
496 1431 650 1512 pendenti
665 1432 764 1495 inseri
781 1427 913 1496 fecimus
924 1437 957 1496 et
972 1437 1106 1496 eatenus
1125 1439 1237 1514 quate-

101 1559 162 1600 nus
179 1538 265 1601 vires
283 1538 468 1602 earumdem
484 1539 614 1602 veritati
630 1537 858 1622 suffragantur,
875 1546 1039 1622 presentes
1061 1540 1165 1605 eidem
1181 1540 1238 1605 du-

103 1646 212 1708 ximus
228 1645 457 1710 conferendum
468 1647 571 1712 nostri
582 1647 682 1728 sigilli
692 1649 861 1730 pendentis
872 1649 1106 1730 consignantes.
1114 1647 1240 1713 Datum

102 1753 185 1817 feria
211 1760 303 1818 sexta
338 1755 486 1836 proxima
511 1761 587 1819 ante
612 1755 728 1821 festum
753 1755 979 1834 Pentecosten,
1004 1775 1089 1820 anno
1116 1757 1237 1821 domini

105 1859 179 1923 Μ1110
197 1859 319 1928 000““’
336 1863 403 1928 Lm⁰
419 1863 531 1945 primo.

212 2025 237 2072 Α
260 2025 351 2087 pecsht
377 2026 522 2087 elveszett3
548 2025 678 2088 eredetije
692 2041 723 2075 az
735 2041 802 2074 orez.
816 2027 847 2075 lt.
862 2025 928 2088 dipl.
939 2030 1007 2074 oszt.
1022 2030 1117 2075 31094.
1137 2027 1238 2076 Kozli:

103 2115 213 2162 Koraos
227 2116 260 2164 N.

633 2423 708 2483 287.

105 2583 201 2647 1351.
220 2580 325 2658 Bada,
351 2584 424 2665 aviij.
453 2581 502 2644 12.
533 2580 648 2644 Tamais
676 2579 857 2664 orszdpbz‘rd
879 2581 986 2660 crebre,
1016 2581 1097 2668 moly
1122 2585 1237 2648 suerint

99 2715 119 2751 a
134 2688 250 2754 Cbolea
257 2689 306 2766 fia
319 2687 447 2751 Sdndor
454 2687 520 2768 fiai
538 2688 606 2750 boza
622 2711 676 2774 epp
692 2689 819 2767 reszrdl,
836 2687 964 2774 Szebely
984 2689 1112 2776 Gydrpy
1128 2693 1158 2755 e'a
1176 2692 1235 2755 Mi-

100 2799 179 2884 ha'ly
193 2797 261 2860 ledat
278 2801 346 2860 mdc
364 2796 487 2874 resarbl,
507 2795 659 2860 Somkath
676 2798 706 2858 e's
726 2795 904 2873 Rozlozaua,
930 2802 992 2883 cipp
1019 2798 1182 2862 Mikocsda
1205 2802 1236 2863 e‘s

103 2905 217 2966 ‚l'ostre
232 2912 312 2968 accit
329 2904 470 2966 hirtolcok
496 2903 787 2988 azomazcdscipdhoa
806 2903 906 2987 fekcd
929 2905 1047 2968 batuam
1071 2906 1144 2970 bold
1158 2905 1237 2990 foll

343 3015 432 3076 o'rdat
445 3011 534 3097 folyt
546 3011 663 3096 penbert
679 3036 699 3075 a
708 3011 798 3095 seloh
814 3012 994 3096 kieqyezlelc.

210 3172 280 3238 Nos
306 3195 410 3239 comes
435 3173 576 3238 Thomas
592 3175 688 3238 iudex
713 3175 847 3238 curie..
872 3174 1027 3239 Lodovici
1043 3224 1049 3238 .
1068 3224 1074 3238 .
1102 3177 1187 3258 regis
1203 3227 1233 3242 ..

98 3283 339 3363 comitatusque
356 3283 394 3346 de
406 3281 661 3346 Turuchtenens
677 3281 832 3345 honorem
847 3333 855 3345 .
873 3329 879 3343 .
898 3280 1124 3364 significamus,
1149 3285 1235 3366 quod

101 3392 220 3455 comite
237 3390 340 3455 Paulo
358 3392 520 3471 qnondam
535 3390 714 3454 iudicatum
730 3391 817 3453 curie
827 3391 914 3472 regie
931 3391 962 3453 in
979 3391 1135 3456 memorio
1150 3389 1236 3455 felici

100 3499 315 3582 gubernante,
340 3500 565 3581 predecessore
597 3503 715 3574 nostro,
748 3497 829 3562 feria
854 3498 967 3578 quinta
991 3499 1139 3581 proxima
1163 3505 1237 3580 post

99 3607 318 3672 sestumbcati
335 3609 419 3690 regis
438 3604 598 3689 Stephani
614 3607 648 3669 in
664 3625 748 3669 anno
765 3605 885 3669 domini
904 3604 978 3668 ΜῘῐιο
995 3602 1116 3671 00οΓ110
1137 3604 1235 3670 XL¹¹¹⁰

99 3721 216 3780 octavo
232 3716 434 3796 preteritum,
450 3735 508 3796 pro
524 3713 672 3778 faciendo
688 3711 895 3776 causantibus
911 3713 1107 3776 moderativo
1116 3713 1235 3778 iudicio

98 3823 133 3885 in
151 3823 227 3885 sede
244 3843 303 3884 sua
319 3821 491 3886 iudiciaria
515 3821 654 3900 sedente,
672 3827 704 3883 et
729 3820 873 3884 causales
898 3840 1066 3902 processus
1083 3841 1233 3902 quorum·

96 3929 180 3993 libet
197 3929 400 4012 litigancium
417 3931 450 3993 in
470 3933 594 3992 statera
619 3929 773 4010 equitatis
799 3928 998 4004 dimeciente,
1023 3926 1234 3992 Sebastianus

99 4039 188 4101 filius
207 4038 292 4101 Poth
310 4058 368 4120 pro
384 4037 549 4119 magistris
575 4036 599 4100 J
601 4035 727 4099 ohanne
754 4041 786 4098 et
801 4035 926 4100 Jacobo
951 4033 1027 4100 filiis
1053 4033 1233 4101 Alexandri

96 4145 159 4210 filii
175 4144 299 4212 Chelen
316 4195 322 4210 .
341 4193 346 4206 .
372 4145 411 4208 de
428 4145 532 4208 medio
548 4143 686 4208 aliorum
702 4145 909 4208 causancium
924 4165 1107 4226 exsurgens,
1122 4149 1234 4207 contra

96 4251 298 4336 Gregorium
324 4253 446 4316 dictum
478 4251 582 4314 Zekul
608 4253 765 4331 quasdam
790 4251 901 4315 literas
933 4252 1078 4316 eiusdem
1108 4252 1234 4316 comitis

95 4361 206 4438 Pauli,
224 4381 323 4424 unam
338 4359 506 4432 iudiciaria
532 4357 776 4423 deliberacionis
803 4379 860 4422 sue
891 4359 1021 4422 modurn
1052 4359 1231 4440 exprimen-

96 4477 167 4534 tem
183 4476 218 4533 et
233 4469 333 4533 aliam
349 4468 541 4543 iudicialem,
558 4468 704 4549 aliasque
725 4467 982 4549 quamplurimas
992 4466 1232 4548 prorogatorias

97 4581 132 4642 in
167 4580 302 4642 (liversis
333 4578 489 4656 terminis,
515 4578 574 4640 sub
607 4576 705 4639 variis
740 4575 851 4638 formis
884 4573 1045 4638 confectas
1080 4573 1233 4637 iamdicto

95 4687 208 4752 conriti
227 4685 330 4747 Paulo
347 4683 721 4767 presentarat,s11aserie
738 4681 842 4764 ipsum
855 4681 1064 4744 informantes
1075 4701 1112 4743 eo
1129 4682 1232 4756 modo,

1073 4807 1121 4854 so*
