3180 5470
384 511 447 572 386
736 523 922 570 antonnom
939 507 1154 568 orutnrrln.

379 708 473 752 mane
489 688 523 752 in
539 685 679 752 crastino
705 707 816 751 rursus
831 685 874 752 ad
890 685 1004 752 faciem
1020 685 1107 750 dicte
1128 683 1287 768 particule
1302 688 1391 748 terre
1407 680 1503 746 redire

379 795 541 874 deberent,
560 803 667 861 tamen
683 797 754 879 ipso
778 797 919 861 crastino
945 796 996 860 die
1022 793 1356 873 oocur1·ente,reversi
1383 813 1447 858 non
1462 791 1476 855 f
1493 828 1502 840 ·

379 905 480 969 issent
495 903 663 969 adfaciem
680 904 838 988 particule
854 911 1041 988 prenotate;
1058 911 1090 968 et
1107 902 1252 988 prelatus
1280 903 1377 967 homo
1403 907 1504 965 noster

380 1010 529 1076 similiter
553 1013 767 1094 personaliter
794 1033 901 1076 coram
927 1010 1017 1076 nobis
1043 1010 1266 1093 competendo,
1283 1010 1441 1093 premissa
1464 1011 1503 1073 sic

380 1119 463 1184 sicut
479 1119 563 1183 idem
580 1119 674 1185 bomo
690 1127 795 1185 vester
812 1121 903 1184 nobis
920 1126 1153 1201 consequenter
1171 1107 1363 1184 ¹affirmavit.
1387 1117 1502 1182 Datum

380 1225 463 1291 feria
479 1227 620 1292 secunda
635 1229 783 1312 proxima
799 1235 873 1294 ante
890 1228 1006 1294 festum
1026 1227 1206 1294 nativitatis
1224 1226 1328 1292 sancti
1349 1225 1376 1291 J
1377 1226 1502 1292 ohannis

380 1335 540 1420 Baptiste,
558 1357 642 1402 anno
660 1336 856 1421 supradicte.

486 1498 616 1564 Paptron,
630 1501 754 1550 zurlatdn
768 1500 859 1564 pecset
872 1499 1132 1563 maradvanyaiva1;
1146 1498 1276 1562 eredetije
1288 1515 1305 1548 a
1318 1499 1352 1548 N.
1367 1500 1499 1550 Muzeum-

380 1589 434 1638 ban
447 1604 463 1638 a
476 1590 623 1640 Kbvecsesi
636 1591 733 1640 Dauus.
748 1606 783 1640 cs.
798 1591 933 1640 ltaraban.
949 1590 1093 1654 Ugyanott
1107 1603 1224 1654 megvan
1238 1589 1341 1639 Miklos
1366 1590 1500 1639 nddornak

382 1681 514 1729 1350·ben
530 1685 643 1730 »octavo
656 1679 700 1730 die
719 1687 823 1732 15-rum
836 1681 900 1730 sesti
921 1680 1156 1730 Annunciacionis
1175 1681 1201 1730 h.
1216 1680 1348 1744 virginis«
1364 1681 1422 1729 kelt
1447 1681 1500 1729 into

380 1771 467 1821 levale
481 1785 644 1834 ugyanazon
657 1771 783 1820 birtokra
796 1788 808 1820 s
821 1785 986 1836 ugyanazon
999 1771 1103 1820 lelelrre
1117 1769 1329 1834 vouatkozblag.

865 1934 1025 1942 ——--..——·

906 2063 979 2124 231.

383 2222 477 2286 1350.
495 2221 600 2302 Bada,
608 2223 681 2306 jun.
698 2223 750 2286 27.
780 2223 892 2286 Iatvdn
908 2223 1033 2307 lacrczeq
1067 2221 1130 2284 Vos
1146 2224 1312 2306 vdrmeppc
1337 2220 1502 2306 alispu'njd·

379 2333 443 2394 aab
468 2333 498 2394 ds
523 2355 543 2394 a
571 2329 833 2416 szolpabc'rdlcncb
859 2332 1056 2415 mepbapyjo,
1084 2330 1163 2414 bopy
1187 2354 1208 2393 a
1234 2329 1325 2394 darei
1339 2339 1417 2392 szenr
1431 2329 1502 2391 Ber·

458 2439 534 2504 rrold
549 2438 758 2504 azeractescket
774 2442 805 2502 c's
813 2436 1043 2524 jobbdppcikat
1058 2437 1211 2501 oltclmalc
1227 2437 1284 2502 ald
1301 2437 1419 2524 ceppe'lt.

489 2601 672 2686 Stephanus
689 2601 740 2666 dei
766 2601 876 2684 gracia
901 2603 1004 2666 tocius
1022 2599 1189 2666 Sclavenie
1216 2599 1352 2666 Oroaeie
1377 2605 1407 2664 et
1429 2599 1502 2664 Dal-

380 2711 481 2774 macie
498 2710 563 2774 dux
579 2759 586 2774 .
603 2759 609 2773 .
627 2709 737 2774 comiti
753 2715 785 2773 et
802 2709 979 2774 vicecomiti
1006 2708 1045 2772 de
1072 2710 1227 2774 comitatu
1254 2707 1457 2774 Oastriferrei
1474 2755 1502 2770 ..

382 2818 534 2882 noveritis
552 2817 638 2898 quod
655 2839 712 2882 nos
729 2818 897 2899 religiosos
911 2819 997 2882 viros
1014 2816 1167 2882 abbatem
1193 2823 1226 2880 et
1251 2822 1374 2880 ceteros
1392 2815 1502 2880 fratres

381 2925 502 2990 ordinis
519 2927 621 2990 sancti
637 2925 795 2991 Bernaldi
811 2925 850 2990 de
876 2927 1019 2990 claustro
1044 2925 1178 2991 ecclesie
1203 2925 1298 2990 beate
1324 2925 1451 3008 virginis
1467 2923 1503 2986 de

381 3032 477 3113 Burs,
493 3034 569 3099 item
589 3035 804 3116 possessiones
830 3039 862 3097 et
886 3033 1073 3116 iobagiones
1098 3034 1240 3100 eiusdem
1268 3033 1399 3099 ecclesie
1415 3053 1451 3096 ac
1466 3029 1503 3094 ad

381 3141 468 3224 ipsos
483 3140 633 3206 abbatem
649 3147 681 3206 et
698 3148 820 3206 ceteros
846 3140 963 3205 fratres
988 3143 1186 3224 pertinentes
1211 3141 1383 3224 universos,
1407 3143 1437 3204 in
1454 3161 1504 3203 no·

381 3255 483 3314 stram
500 3252 679 3334 recepimus
695 3251 931 3334 proteccionem
949 3257 982 3314 et
997 3251 1158 3334 cautelam
1174 3251 1354 3335 specialem,
1379 3251 1504 3334 viceque

383 3378 517 3439 persone
533 3364 643 3423 nostre
659 3357 748 3423 vobis
765 3365 934 3442 protegere
945 3358 1180 3440 commisimus3
1197 3365 1395 3444 quapropter
1409 3357 1506 3423 fideli-

380 3465 442 3530 tati
457 3472 560 3530 vestre
576 3464 712 3531 firmiter
728 3467 932 3551 precipiendo
949 3466 1148 3550 mandamus,
1174 3473 1334 3550 quatenus
1351 3467 1507 3553 predictos

380 3572 548 3655 religiosos
564 3575 648 3638 viros
665 3572 815 3640 abbatem
840 3579 873 3638 et
898 3580 1021 3639 ceteros
1045 3574 1163 3640 fratres
1189 3575 1228 3640 de
1252 3576 1392 3642 claustro
1415 3575 1507 3640 beate

381 3679 524 3762 virginis,
540 3681 616 3746 item
636 3683 861 3764 possessiones,
886 3681 1073 3765 iobagiones
1098 3683 1241 3748 eiusdem
1268 3685 1398 3750 ecclesie
1414 3705 1453 3748 ac
1470 3681 1510 3746 ad

382 3787 468 3870 ipsos
497 3788 647 3853 abbatem
679 3794 866 3874 ceterosque
898 3789 1017 3854 fratres
1047 3791 1246 3873 pertinentes
1273 3791 1446 3867 universos,
1471 3788 1509 3852 ab

382 3894 528 3959 omnibus
545 3895 687 3960 indebite
703 3896 877 3962 molestare
897 3918 1034 3980 gravare
1051 3897 1099 3962 vel
1117 3898 1305 3982 aliqualiter
1321 3893 1511 3982 perturbare

382 4000 647 4088 volentibusvice
664 4025 799 4087 persone
817 4010 923 4069 nostre
939 4012 1108 4089 protegere
1124 4005 1269 4070 debeatis
1279 4012 1313 4071 et
1322 4007 1413 4084 tueri,
1424 4004 1512 4068 alind

381 4129 445 4171 non
462 4105 588 4172 facturi.
605 4109 729 4174 Datum
754 4110 856 4189 Bude,
872 4111 905 4174 in
924 4109 1005 4176 festo
1022 4113 1126 4178 sancti
1142 4113 1228 4196 regis
1244 4112 1400 4194 Ladislai
1429 4133 1513 4178 anno

381 4213 502 4278 domini
517 4214 570 4280 Μο
594 4214 692 4282 0000
717 4218 984 4300 quinquagesimo

489 4357 620 4424 Paplron,
634 4359 779 4425 httlapjtn
793 4364 896 4426 gydrds
907 4363 1056 4428 pecsette13
1076 4363 1206 4428 eredetiJ'e
1229 4381 1261 4415 aa
1277 4381 1348 4418 orsa.
1362 4369 1392 4418 lt.
1416 4369 1516 4418 einer.

383 4451 449 4497 oszt.
464 4449 557 4498 Eccles
572 4453 614 4499 68.
631 4455 688 4502 167.
703 4451 768 4515 dipl.
783 4456 850 4502 oszt.
867 4457 944 4502 4134.
965 4454 1064 4503 szli:
1084 4455 1193 4506 Kovtes
1206 4456 1239 4505 N.

870 4631 1024 4640 h..--.-.,
