3192 5466
355 475 419 535 220
707 491 893 537 nuuounour
911 479 1124 538 ouulurrin.
1159 559 1164 564 ι

353 652 442 716 cioue
458 652 577 716 eisdem
594 652 783 717 dominabus
799 652 905 717 lionda
921 653 1173 719 contradictores
1189 657 1405 736 exstitissent3
1437 677 1491 718 eo-

354 759 491 842 demque
507 759 558 824 die
575 766 608 825 et
623 761 694 826 loco
713 761 875 845 predictos
899 763 1072 844 magistros
1089 763 1277 828 Ladislaum
1295 771 1327 829 et
1342 763 1493 830 Paulum

354 867 436 932 lilios
453 867 574 947 Fancb,
590 853 903 934 NicolaumfetBede
921 867 1003 934 filios
1020 868 1170 949 Dionisii‚
1186 879 1299 936 contra
1314 873 1491 936 iamdictas

354 977 520 1058 religiosas
537 976 682 1043 dominas
699 978 742 1042 ad
757 983 887 1042 octavus
913 979 1016 1042 sancti
1033 979 1118 1062 regis
1136 977 1294 1063 Stephani
1310 1002 1397 1046 nuno
1412 1002 1492 1044 ven-

353 1091 445 1148 tures
470 1085 512 1148 ad
543 1093 648 1150 vestre
679 1085 870 1150 excellencie
900 1087 1100 1169 presenciam
1132 1087 1324 1153 citavissent.
1358 1087 1491 1152 Datum

354 1199 471 1274 quauta
496 1193 578 1258 feria
603 1195 750 1278 proxima
775 1201 848 1277 post
871 1193 989 1260 festum
1010 1194 1106 1260 'beati
1131 1197 1306 1262 Laurencii
1331 1197 1491 1276 martiris,

354 1322 438 1365 anno
454 1301 573 1390 domini
590 1302 642 1366 Μ0
667 1301 765 1372 000ο
789 1302 893 1366 XLm⁰
910 1309 1032 1367 octavo,

460 1447 590 1510 Papiron,
604 1448 730 1497 zarlatdn
744 1449 835 1512 peccet
848 1447 1033 1498 tbi·edelreivel
1046 1466 1051 1511 3
1065 1448 1196 1511 eredetije
1210 1465 1241 1498 az
1256 1465 1324 1499 orsz.
1337 1451 1368 1500 lt.
1382 1450 1489 1500 kincst.

353 1543 420 1588 (isat.
435 1543 476 1588 54.
494 1544 533 1588 ll.
548 1536 615 1601 dipl.
630 1543 696 1588 oszt.
711 1544 789 1590 4001.
810 1539 911 1589 szli:
932 1538 1042 1588 Koraos
1056 1538 1090 1588 N.

838 1719 997 1728 —-.---

881 1886 953 1947 108.

354 2026 447 2088 1348.
463 2048 534 2111 (tuq.
554 2023 644 2089 rad
660 2027 857 2112 somoppodri
872 2036 998 2091 corruent
998 2025 1144 2110 jelentc'se
1156 2025 1184 2088 Ι.
1196 2025 1292 2110 Lojos
1303 2024 1492 2111 kirdlyboz,

352 2137 431 2221 kopp
440 2135 591 2217 Dercficit
604 2135 705 2200 Pc'tert
715 2136 934 2222 dejobbo'yyoc‘t
944 2160 965 2200 o
976 2135 1200 2221 marpitczipcti
1208 2135 1354 2219 apdczot
1360 2133 1491 2199 Somud

385 2245 625 2331 ue'oitBarcnyc
636 2246 814 2332 odi-nappe·
823 2244 1011 2309 birtclodaalc
1021 2242 1255 2330 elfoplaldmtdl
1263 2241 1442 2308 etutrauok.

462 2441 491 2454 ..
516 2389 676 2455 Lodorico
702 2439 732 2453 ..
759 2389 827 2473 regi
854 2437 884 2453 ..
910 2389 1142 2454 monasterium
1172 2387 1276 2452 saneti
1308 2385 1421 2469 Egidii
1447 2386 1490 2450 dc

355 2497 490 2581 Simigio
507 2549 512 2560 .
531 2545 537 2561 .
554 2497 682 2562 noverit
697 2504 804 2561 restra
820 2496 1022 2573 excellencia,
1049 2495 1136 2577 quod
1159 2494 1272 2560 literas
1288 2501 1446 2577 vestras}
1478 2529 1490 2540 ·

354 2611 458 2670 tentes
475 2605 517 2670 ad
532 2606 704 2704 eitaciones
720 2606 949 2686 inquisiciones
966 2611 998 2668 et
1014 2603 1248 2686 prohibiciones
1264 2601 1431 2666 faciendus
1447 2623 1490 2666 ac

353 2711 394 2776 ad
411 2711 475 2776 alia
491 2713 598 2778 omnia
625 2733 686 2794 que
711 2712 888 2778 secundum
913 2710 1005 2794 regni
1030 2708 1288 2775 consuetudinem
1313 2707 1437 2772 talibus
1453 2709 1490 2772 in

352 2820 554 2906 processibus
578 2819 647 2885 fieri
674 2827 903 2886 consueverunt
929 2871 958 2886 ..
985 2817 1284 2884 sanctimonialibus
1309 2815 1350 2880 de
1369 2815 1491 2882 Insula

353 2932 516 3012 Leporum
533 2950 590 3012 per
606 2931 683 2994 anni
699 2929 855 2994 circulum
881 2931 1023 3012 graciose
1040 2929 1133 2993 datas
1150 2934 1183 2992 et
1198 2947 1375 3004 concessas
1401 2947 1492 2991 rece·

352 3019 458 3121 pimus
474 3088 480 3101 .
498 3087 505 3102 .
522 3045 555 3102 et
570 3039 660 3103 iuxta
676 3039 860 3104 earumdem
888 3034 1121 3103 continenciam
1146 3057 1219 3102 cum
1244 3033 1400 3100 Ladislao
1417 3033 1489 3098 filio

353 3149 439 3213 Posa
463 3148 503 3212 de
518 3147 626 3212 Beren
652 3147 780 3212 homine
805 3154 919 3216 vestro.
950 3147 1059 3212 Deseu
1092 3143 1242 3234 ¹clericum
1269 3143 1358 3208 chori
1384 3144 1493 3207 nostri

352 3256 513 3321 bominem
542 3263 687 3320 nostrum
712 3278 772 3338 pro
797 3257 978 3320 testimonio
1006 3254 1157 3318 duximus
1189 3250 1492 3330 transmittendum,

354 3364 411 3446 qui
428 3411 434 3426 .
451 3415 458 3428 .
476 3363 666 3440 retulerunt,
684 3363 769 3446 quod
779 3363 860 3428 seria
876 3371 994 3444 quarta
1010 3362 1157 3444 proxima
1173 3367 1247 3444 post
1262 3359 1380 3424 festum
1397 3359 1492 3424 beati

353 3471 472 3538 Jacobi
507 3473 645 3555 apostoli
670 3472 712 3537 ad
736 3474 968 3555 possessionem
985 3521 992 3535 .
1010 3523 1016 3536 .
1037 3471 1238 3536 dominarum
1265 3468 1492 3551 predictarum

353 3578 477 3644 Samud
492 3585 638 3644 vocatam
656 3581 688 3644 in
706 3581 860 3646 comitatu
880 3580 919 3644 de
935 3579 1090 3663 Baranya
1106 3579 1191 3642 inter
1207 3574 1331 3642 Orman
1348 3584 1381 3641 et
1396 3575 1493 3641 fluri-

352 3711 407 3753 um
422 3687 532 3753 Drave
548 3689 739 3753 existentem
755 3689 973 3767 accessissent,
999 3687 1108 3768 ibique
1133 3686 1325 3769 magistrum
1350 3685 1495 3749 Petrum

352 3796 454 3862 filium
470 3797 555 3862 Ders
573 3804 605 3862 et
620 3819 693 3862 suos
710 3797 894 3881 iobagiones
911 3797 950 3862 de
961 3794 1108 3880 Azaryus
1119 3793 1358 3878 apercepcione
1370 3815 1494 3858 usuum

352 3905 517 3970 fructuum
533 3911 567 3969 et
581 3905 771 3982 utilitatum,
790 3905 936 3970 videlicet
962 3911 1124 3968 terrarum
1141 3901 1314 3966 arabilium
1331 3901 1495 3966 silvarum

353 4019 386 4078 et
401 4013 547 4078 senilium
573 4015 657 4078 inter
677 4021 778 4079 metas
805 4013 947 4079 eiusdem
973 4012 1183 4095 possessionis
1208 4008 1332 4076 Samud
1348 4008 1495 4074 existen-

352 4123 446 4202 cinm,
463 4121 732 4186 contradixissent
747 4121 953 4205 probibendo
970 4121 1095 4184 Datum
1106 4124 1224 4200 quarta
1239 4117 1321 4182 feria
1337 4118 1495 4200 proxima

353 4235 427 4312 post
442 4230 559 4295 festum
575 4229 661 4294 beati
678 4229 853 4294 Laurencii
868 4228 1022 4306 martiris,
1047 4249 1131 4292 anuo
1148 4225 1269 4292 domini
1286 4225 1337 4289 Μο
1363 4224 1494 4293 OOCmn

354 4337 459 4402 XL¹¹¹⁰
475 4342 594 4400 octavo.

461 4481 589 4544 Paplron,
604 4481 730 4530 zailatbn
744 4479 1046 4543 peose'ttbredekeivc13
1064 4477 1194 4542 credetije
1207 4492 1240 4527 az
1254 4492 1323 4526 orsz.
1337 4479 1369 4526 lt.
1383 4477 1495 4528 kinost.

353 4577 421 4624 oszt.
436 4570 550 4622 Monial.
564 4571 626 4624 Vet.
637 4571 742 4620 Buden.
757 4576 780 4620 4.
796 4575 838 4620 48.
852 4571 918 4632 dipl.
933 4575 999 4620 cszt.
1014 4573 1092 4620 4002.
1108 4568 1190 4618 szli
1202 4584 1207 4616 :
1221 4567 1331 4617 Kovacs
1343 4567 1378 4616 N.

840 4713 876 4721 ---
900 4715 905 4719 .
920 4713 999 4719 .-..-....-
