3188 5470
340 447 404 510 276
692 458 878 505 suuounoru
894 444 1108 504 onulurrlu.

337 627 532 705 eorumdem,
548 625 746 711 propositum
764 627 890 692 exstitit
915 647 972 708 per
997 623 1124 688 eosdem
1145 622 1229 688 lilios
1246 618 1418 687 Michaelis
1435 623 1471 683 et

339 743 476 802 matrem
493 735 677 800 eorumdem
695 785 701 798 .
718 785 724 798 .
742 735 828 816 quod
845 735 1080 818 possessionem
1104 733 1248 816 ipsorum
1263 729 1470 796 Arachasow

337 845 401 908 alio
426 844 554 908 nomine
578 843 737 908 Zaramaz
762 843 794 908 iu
819 843 976 908 comitatu
1002 839 1195 926 Tymisiensi
1210 840 1410 918 existentem,
1436 845 1470 903 et

336 955 463 1034 partem
479 950 687 1033 possessionis
702 948 816 1014 Kerek
832 955 949 1026 vocate,
966 970 986 1012 a
1002 954 1096 1032 parte
1111 946 1303 1013 occidentali
1319 947 1468 1012 adiacen-

336 1067 411 1137 tem,
427 1060 461 1123 in
477 1059 629 1125 iamdicto
645 1059 800 1124 comitatu
816 1059 991 1133 existentis,
1008 1080 1089 1128 cum,
1106 1055 1253 1121 omnibus
1269 1055 1468 1120 utilitatibus

337 1167 531 1246 earumdem,
547 1168 610 1251 ipsi
633 1168 788 1251 magistro
804 1165 939 1232 Nicolao
955 1172 988 1232 et
1003 1164 1159 1231 iratribus
1176 1165 1242 1230 suis
1267 1163 1468 1247 supranomi-

337 1277 422 1342 natis
439 1275 647 1342 tradiderunt
664 1329 670 1342 .
688 1329 693 1341 .
710 1281 866 1361 perpetuo
882 1277 916 1340 in
932 1275 1017 1341 filios
1042 1275 1184 1340 filiorum
1210 1273 1420 1358 possidendas
1437 1324 1444 1336 .
1462 1328 1467 1340 .

338 1383 406 1467 ipse
431 1391 540 1448 autem
565 1386 720 1468 magister
744 1381 899 1449 Nicolaus
926 1384 1159 1467 possessionem
1182 1382 1326 1466 ipsorum
1351 1381 1466 1448 Bolbe·

337 1492 460 1557 rekzow
477 1498 624 1558 vocatam
640 1492 674 1556 in
690 1492 775 1559 dicto
792 1493 947 1558 comitatu
960 1475 1162 1570 existentem,
1179 1512 1237 1574 pro
1249 1490 1365 1574 quibus
1382 1491 1467 1574 ipsos

339 1599 425 1665 lilios
441 1597 613 1665 Michaelis
629 1601 698 1683 ipse
714 1603 870 1684 magister
885 1600 1041 1666 Nicolaus
1058 1606 1090 1664 et
1105 1599 1223 1664 fratres
1233 1600 1282 1664 sui
1292 1599 1325 1662 in
1337 1619 1467 1664 causam

338 1714 549 1786 attraxerant,
566 1708 687 1773 eisdem
703 1709 781 1774 liliis
799 1708 972 1774 Michaelis
998 1731 1071 1774 cum
1096 1707 1243 1772 omnibus
1267 1707 1467 1773 utilitatibus

339 1816 490 1894 eiusdem,
506 1815 596 1882 salva
613 1816 754 1900 quadam
772 1817 932 1900 particula
950 1817 1027 1882 silve
1044 1838 1141 1898 quam
1162 1837 1221 1900 pro
1232 1837 1270 1906 se
1287 1817 1466 1881 reservavit

339 1923 462 1989 remisit
480 1973 486 1988 .
505 1976 510 1988 .
528 1931 685 2008 perpetuo
701 1925 781 1990 etin
807 1925 892 1989 filios
918 1924 1059 1990 liliorum
1083 1923 1309 2008 possidendam
1327 1976 1333 1989 .
1351 1976 1359 1990 .
1377 1925 1466 2008 sigua

338 2037 445 2098 autem
461 2032 545 2099 dicte
560 2033 720 2116 particule
731 2033 817 2110 silve,
833 2032 971 2098 utnobis
981 2032 1141 2110 dixerunt,
1156 2031 1319 2097 heosunt:
1335 2031 1467 2113 quidam

339 2139 460 2205 rivulus
471 2141 566 2224 vulgo
585 2141 718 2206 hatarer
729 2147 867 2220 vocatus,
883 2141 940 2206 ubi
951 2141 1090 2222 quedam
1101 2141 1232 2206 arbores
1242 2139 1466 2223 suntsignatc,

339 2247 414 2313 inde
429 2247 519 2313 vadit
543 2269 600 2332 per
624 2249 744 2314 multas
769 2249 901 2315 arbores
926 2249 969 2314 ad
995 2270 1115 2332 uquam
1131 2247 1247 2314 Temos
1263 2253 1411 2314 vocatam
1427 2247 1468 2312 ad

338 2361 460 2420 terram
470 2355 525 2421 ubi
535 2357 690 2423 carbones
707 2363 892 2422 cremantur
907 2357 1145 2441 Zenhegethew
1161 2363 1316 2422 vocatam.
1333 2354 1372 2422 Si
1389 2375 1467 2438 quas

339 2469 448 2528 autem
463 2465 575 2530 literas
591 2465 885 2548 processionales,
900 2465 1171 2549 prohibicione-les
1196 2471 1255 2530 aut
1280 2464 1465 2548 inquisicio-

338 2571 427 2636 nales
459 2594 723 2658 quorumcunque
749 2573 927 2659 sigillorum
952 2575 1126 2653 confectas,
1150 2573 1351 2657 temporibus
1368 2579 1468 2646 retro
1578 2601 1579 2646 ,

339 2680 435 2745 cessis
461 2701 563 2762 usque
579 2681 621 2746 ad
637 2681 722 2747 diem
737 2682 887 2748 datarum
904 2683 1075 2749 literarum
1089 2689 1202 2748 contra
1212 2703 1246 2747 se
1256 2703 1290 2746 se
1301 2687 1467 2746 emanatas

338 2785 504 2870 haberent,
538 2788 651 2854 frivole
686 2795 793 2856 essent
817 2843 848 2856 ..
874 2790 1000 2856 Datum
1025 2797 1159 2857 vacante
1185 2791 1353 2872 lectoratu,
1387 2789 1469 2854 feria

338 2899 456 2976 quarta
471 2897 618 2979 proxima
628 2903 702 2962 ante
713 2898 799 2964 diem
810 2899 1041 2982 Rogacionum,
1052 2921 1136 2964 anno
1147 2900 1269 2965 domini
1278 2898 1330 2962 Μ0
1345 2895 1467 2966 00οω

338 2999 443 3066 XL¹¹¹⁰
458 3023 559 3085 nono;
575 3005 776 3088 presentibus
794 3057 800 3070 .
818 3057 824 3070 .
840 3009 996 3092 magistro
1013 3006 1027 3092 (
1030 3057 1156 3072 ......
1158 3004 1172 3091 )
1189 3006 1383 3086 kathedrali,
1405 3005 1468 3070 Mi·

338 3109 449 3175 chaele
474 3118 614 3192 cantore,
639 3113 816 3182 Valentino
850 3117 990 3196 custode,
1016 3114 1153 3182 Nicolao
1178 3114 1468 3198 Ultramorisyensi

340 3213 354 3300 (
355 3267 479 3285 ......
482 3217 495 3304 )
512 3220 612 3286 Petro
638 3219 797 3306 Gregorio
823 3224 987 3308 Stephano
1013 3225 1181 3289 Hermano
1197 3221 1343 3288 Martino
1361 3229 1394 3288 et
1409 3223 1468 3288 Pe

340 3331 391 3388 tro
407 3327 568 3393 canonicis
584 3379 590 3392 .
608 3380 615 3394 .

446 3467 542 3536 Eliggb
564 3471 656 3533 peccet
677 3475 845 3541 nyomaival,
870 3475 929 3526 alul
951 3477 1242 3543 chyrographummal.
1265 3476 1408 3538 liredetije
1432 3491 1463 3527 aa

340 3569 408 3605 orsz.
423 3558 454 3606 lt.
469 3557 535 3622 dipl.
550 3565 617 3611 ostt.
633 3567 728 3614 30114.
749 3566 849 3616 Koali:
870 3567 977 3616 Kovtcs
990 3568 1024 3617 N.

863 3914 935 3974 146.

341 4043 820 4138 1349.som09yvur,muj.16.
839 4053 1470 4144 Muua„uuoruuucomagenam-

339 4149 456 4236 ppe‘den
481 4165 592 4221 tartott
617 4159 824 4246 uozqyultsen
850 4187 888 4228 aa
915 4163 1046 4250 alispda
1073 4167 1105 4230 de
1131 4191 1151 4230 a
1176 4167 1383 4252 szolpabz‘rdlc
1410 4165 1472 4230 Tuz

341 4259 434 4324 Peter
464 4264 607 4332 ke'rdsdre
639 4269 846 4356 dizoayr'tjdk,
878 4275 960 4358 boyy
994 4273 1141 4360 Ke'etelyr'
1165 4271 1291 4356 Iclvdn,
1324 4278 1472 4340 leutue‘re'l

561 4372 707 4441 Andrdst
725 4378 802 4443 Leto
820 4387 902 4444 acolt
917 4381 1088 4448 birlokbaa
1105 4383 1242 4468 mephita

447 4513 516 4580 Nos
532 4515 689 4584 Nicolaus
706 4569 712 4585 .
732 4571 737 4584 .
754 4521 918 4605 palatinus
935 4531 968 4590 et
983 4524 1079 4590 iudex
1095 4546 1300 4592 comanorum
1317 4529 1474 4594 memorie

339 4623 605 4706 commendamus,
623 4629 709 4711 quod
724 4631 757 4696 in
774 4635 1024 4715 congregacione
1049 4641 1159 4700 nostra
1181 4636 1327 4719 generali
1343 4637 1474 4702 univer-
