3180 5466
555 561 649 621 1351.
665 577 733 621 Νι.
751 561 801 622 24.
898 599 900 606 ι
1182 561 1240 620 511

112 739 277 820 premissis
294 741 413 804 scirent
429 741 616 817 veritatem3
633 739 687 820 qui
706 738 836 820 quidem
852 738 974 802 iudices
992 737 1146 803 nobilium
1164 739 1251 802 iura-

114 848 204 929 tique
220 867 398 912 assessores
413 848 632 932 predictorum
649 848 858 911 comitatuum
876 846 938 911 fide
958 868 1068 912 eorum
1085 847 1247 912 mediante

114 953 173 1018 deo
192 954 313 1036 debita,
330 977 368 1020 ac
383 955 539 1020 fidelitate
556 954 684 1018 domino
710 961 819 1018 nostro
836 955 904 1037 regi
921 975 1042 1036 sueque
1059 977 1147 1020 sacre
1164 955 1251 1038 regie

114 1083 230 1127 corone
247 1085 306 1146 pro
323 1064 459 1128 dicenda
474 1064 610 1127 veritate
637 1069 669 1127 et
695 1063 824 1127 iusticia
849 1063 1009 1128 communi
1034 1063 1250 1128 conservanda

114 1176 202 1234 tacto
233 1171 354 1236 vivifice
380 1173 484 1236 crucis
510 1173 601 1254 signo
625 1171 772 1254 prestita,
796 1191 868 1234 cnm
901 1173 1057 1236 universis
1086 1171 1247 1236 nobilibus

114 1280 300 1345 eorumdem
317 1281 529 1345 comitatuum
556 1281 594 1344 de
620 1279 816 1363 Abawywar
841 1280 928 1344 etde
955 1280 1065 1360 Saros,
1087 1281 1248 1364 predictas

116 1395 258 1469 quatuor
274 1390 489 1472 possessiones
506 1386 617 1472 Gyrke
634 1387 746 1471 Gyrgy
771 1389 864 1452 lwau
882 1395 915 1451 et
931 1389 1023 1471 Bulry
1040 1389 1072 1452 in
1090 1388 1184 1453 dictis
1200 1411 1250 1454 co-

114 1495 282 1560 mitatibus
296 1495 491 1580 Abawywar
507 1503 539 1560 et
550 1495 657 1562 Saros
666 1496 803 1576 habitae,
815 1517 941 1578 semper
951 1497 992 1560 ad
1010 1497 1250 1580 predecessores

115 1603 300 1667 eorumdem
316 1602 473 1669 lobannis
490 1609 522 1667 et
538 1603 666 1668 Nicolai
683 1601 822 1666 filiorum
833 1603 948 1668 Donch
965 1605 1035 1668 iure
1053 1605 1249 1670 hereditario

116 1713 310 1794 pertinuisse
327 1719 359 1776 et
375 1734 459 1776 nunc
475 1713 552 1797 ipsis
569 1711 608 1774 (le
624 1713 695 1775 iure
721 1711 837 1774 debere
863 1712 1025 1794 pertinere
1045 1713 1188 1777 unanimi
1215 1719 1247 1775 ct

116 1820 266 1884 concordi
283 1819 507 1886 testificatione
527 1819 738 1896 affirmarunt,
764 1821 821 1884 sed
847 1819 1008 1902 predictas
1034 1823 1250 1903 possessiones

116 1931 157 1993 ab
176 1929 255 2012 ipsis
271 1929 383 1992 taliter
400 1928 557 1994 alienatas
574 1929 672 1992 fuisse
689 1928 882 2006 indicarunt,
908 1930 993 2011 quod
1010 1929 1139 2012 quidam
1157 1930 1251 1994 homo

117 2036 284 2121 popularis
300 2036 448 2101 videlicet
465 2036 614 2104 Clemens
630 2037 716 2101 filius
733 2036 841 2121 Eylres
858 2042 935 2100 tunc
950 2037 1066 2120 hospes
1083 2037 1122 2100 de
1139 2039 1250 2102 eadem

119 2141 240 2226 Gyrka
258 2151 402 2228 tempore
420 2167 535 2228 guerre
560 2147 593 2210 in
620 2146 680 2210 hoc
704 2167 811 2228 regno,
835 2145 1023 2210 Ladislaum
1039 2144 1141 2210 filium
1158 2145 1254 2211 Pauli

115 2250 173 2316 filii
189 2251 367 2336 Kompoldi
383 2253 422 2317 de
439 2253 550 2317 eodem
566 2275 683 2336 genere
695 2252 779 2332 Aba,
790 2255 824 2318 in
842 2253 954 2318 eadem
970 2253 1048 2318 villa
1065 2253 1176 2338 Gyrlre
1193 2276 1252 2337 pcr

118 2360 201 2424 ictus
219 2361 415 2443 sagittarum
432 2361 647 2426 interfecisset
664 2368 694 2425 et
711 2362 757 2426 sic
773 2361 882 2425 eedem
894 2363 1107 2445 possessiones
1124 2363 1253 2426 racione

117 2467 203 2532 dicte
219 2469 333 2532 mortis
358 2471 521 2551 pretaxati
547 2469 693 2535 Ladislai
719 2469 760 2533 ab
784 2460 862 2552 ips'is
882 2467 957 2534 filiis
974 2467 1091 2534 Donch
1117 2469 1254 2534 fuissent

119 2575 269 2640 alienate.
302 2576 343 2640 111
360 2597 498 2658 quorum
515 2577 705 2641 assercionis
722 2576 942 2640 testimonium
961 2583 1127 2660 presentes
1144 2583 1252 2640 nostro

118 2704 157 2747 ac
172 2683 395 2748 vicecomitum
411 2693 444 2751 et
459 2685 602 2750 iudicum
630 2684 785 2752 nobilium
809 2684 1027 2768 predictorum
1044 2686 1254 2750 comitatuum

119 2791 236 2874 sigillis
253 2794 487 2874 consignantes,
504 2793 623 2858 eisdem
639 2793 714 2857 filiis
730 2793 847 2857 Donch
864 2792 1014 2857 duximus
1025 2792 1253 2858 concedendas

118 2899 245 2964 Datum
261 2907 352 2965 sexto
368 2901 420 2966 die
445 2903 705 2985 congregacionis
731 2908 839 2965 nostre
856 2900 1008 2984 predicte,
1027 2902 1060 2966 in
1076 2901 1145 2966 loco
1159 2909 1250 2966 ante-

123 3007 219 3086 dicta
246 3029 330 3072 anno
356 3009 477 3075 domini
492 3010 544 3075 M⁰
573 3006 694 3076 (100ῐῃο
711 3009 976 3092 quinquagesimo
991 3010 1102 3094 primo.

156 3237 165 3252 ἢ
229 3176 271 3225 Az
286 3175 344 3241 egri
358 3176 550 3240 ktptalennak
567 3181 642 3226 1414.
657 3192 719 3241 aug.
735 3175 817 3226 20-an
843 3164 980 3224 »Thomas
1003 3177 1036 3225 tle
1050 3177 1138 3241 Vogia
1151 3177 1181 3226 in
1194 3191 1253 3240 per-

122 3281 192 3314 sona
207 3267 340 3329 Stephani
355 3267 408 3316 filii
421 3269 557 3318 «Iohannis
571 3267 604 3316 (le
617 3267 792 3330 Vyssontha‹
808 3265 959 3314 kenelmere
973 3266 1084 3315 kiatlott
1097 3267 1255 3329 attractati,

120 3358 252 3418 melynek
271 3358 401 3422 credetije
421 3375 537 3424 megi-an
550 3375 581 3408 az
596 3374 664 3407 orsz.
675 3360 707 3408 lt.
719 3359 818 3408 kincst.
830 3363 896 3406 oszt.
912 3359 945 3407 N.
959 3360 991 3407 R.
1006 3360 1039 3407 Α,
1050 3363 1110 3408 432.
1131 3363 1171 3408 51.
1187 3357 1255 3418 dipl.

122 3455 191 3497 aszt
209 3453 313 3512 lacot.
334 3449 434 3498 Kazli:
454 3449 562 3500 Koraos
576 3451 608 3498 N.

655 3795 728 3854 309.

125 3935 222 3998 1351.
241 3935 458 4023 Sdrocpatak,
476 3936 541 4020 jul.
569 3938 621 3999 24.
646 3936 796 4022 Zemple‘a
828 3939 994 4018 varmepye
1026 3934 1196 4018 alispciaja.
1222 3937 1254 3997 ἐς

123 4043 325 4126 azolpubira‘i
340 4042 547 4128 bizcnyr'tja‘k,
564 4043 645 4128 bopy
661 4068 681 4106 a
698 4043 801 4108 codor
816 4041 898 4108 altat
922 4052 1033 4107 tartott
1049 4043 1258 4126 ktzppc'tlc‘sea

124 4151 259 4214 Monola‘
272 4149 399 4235 Miluily
416 4151 563 4215 Zombori
580 4150 710 4214 Iodnlca
727 4151 841 4236 helpett
857 4154 939 4236 napy
965 4151 1082 4214 marka
1107 4149 1260 4232 kezcssepi

366 4269 471 4344 osszep
487 4260 709 4344 mepfizcte'se're
726 4263 838 4343 mapa't
853 4259 1005 4324 botelezte.

234 4417 304 4484 Nos
320 4421 475 4502 magister
491 4421 610 4485 Petrus
627 4421 712 4485 filius
729 4421 904 4486 Laurencii
920 4423 1092 4488 vicecomes
1109 4420 1149 4484 de
1165 4419 1260 4484 Zem-

125 4527 174 4592 lin
190 4533 224 4592 et
239 4535 381 4610 qrratuor
397 4529 517 4594 iudices
535 4529 690 4594 nobilium
709 4531 748 4595 de
765 4530 875 4595 eodem
892 4531 1006 4596 damus
1023 4551 1081 4614 pro
1097 4528 1262 4606 memoria,

127 4636 216 4718 quoil
233 4659 306 4701 cum
323 4659 380 4702 nos
397 4637 429 4702 in
447 4639 588 4719 quadam
605 4639 752 4720 generali
768 4641 1018 4722 congregacione
1035 4639 1154 4702 domini
1165 4636 1262 4700 Nico·

132 4745 177 4810 lsi
208 4746 298 4827 regni
324 4745 494 4830 Huugario
531 4747 667 4834 palatini
694 4755 726 4812 ot
751 4749 864 4813 iudicis
891 4769 1105 4827 comanorum,
1122 4747 1153 4809 in
1178 4767 1262 4810 anno
