3192 5466
678 441 863 484 snrouusnr
883 429 1096 484 ‹rnsrlnrrs'a

844 679 915 739 118.

322 823 413 882 1348.
438 819 542 894 Ilerda,
558 831 611 882 ort
634 821 682 882 13.
702 819 767 884 Po'l
780 819 961 900 orszdphiro
973 843 994 900 a
1012 818 1158 882 hahocroi
1181 822 1259 903 opor
1277 821 1308 880 n's
1330 817 1452 881 Ochi-uz

308 931 374 1008 ,lini
390 929 487 990 lciizhlt
504 927 633 990 anrho
654 927 787 1012 Somopp
811 929 999 1012 rn'rmeppei,
1016 927 1116 990 hir-tol·
1143 926 1329 1011 rnr'altfolyt
1358 935 1452 1010 lippet

778 1035 970 1118 eihchzsztp'u.

422 1179 491 1244 Nos
508 1200 612 1242 comes
629 1178 753 1242 Paulus
779 1177 875 1242 iudex
902 1180 1013 1242 curie.
1033 1229 1039 1242 .
1056 1179 1170 1244 damus
1195 1200 1253 1264 pro
1279 1177 1445 1242 memoria.

316 1289 401 1374 quod
418 1309 548 1354 causam
566 1308 663 1369 quam
680 1336 686 1349 .
704 1338 710 1350 .
727 1285 828 1350 frater
844 1286 869 1350 J
870 1273 1012 1350 ohannes
1038 1287 1138 1352 abhas
1155 1287 1194 1352 de
1211 1287 1373 1362 Bohocha,
1390 1306 1451 1369 pro

315 1418 377 1480 quo
394 1396 547 1461 Nicolaus
573 1393 657 1458 lilius
683 1395 856 1476 Pangracii
874 1445 879 1458 .
897 1445 903 1458 .
921 1397 1033 1472 astitit,
1049 1403 1161 1462 sonna
1178 1396 1369 1478 magistrum
1384 1393 1411 1456 J
1413 1415 1447 1456 o·

315 1507 453 1568 hannem
477 1504 578 1566 filium
603 1500 743 1587 Ochyuz,
767 1502 952 1566 Johanuem
978 1510 1010 1567 et
1034 1503 1165 1568 Leuhus
1181 1503 1264 1568 filios
1283 1524 1367 1580 suos,
1385 1521 1448 1585 pro

316 1612 433 1698 quihus
449 1610 606 1675 Nicolaus
630 1609 716 1674 filius
732 1609 756 1674 J
759 1611 894 1674 ohannis
920 1610 959 1674 de
984 1611 1073 1675 Kaal
1091 1662 1096 1674 .
1115 1663 1121 1675 .
1139 1614 1331 1694 comparuit,
1357 1612 1450 1674 iuxta

316 1719 546 1786 continenciam
565 1719 707 1801 priorum
724 1719 891 1784 literarum
908 1726 1092 1785 nostrarum
1102 1721 1133 1784 in
1146 1721 1266 1784 octavis
1276 1719 1351 1783 festi
1362 1718 1451 1782 beati

317 1827 488 1894 Michaelis
504 1827 700 1909 archangeli,
720 1826 855 1892 infacto
881 1827 1147 1892 contradicciouis
1172 1828 1363 1894 statuoionis
1379 1847 1452 1910 pos-

317 1937 466 2001 sessionis
482 1935 614 1999 Bracha
638 1941 748 1997 vorante
774 1935 807 1998 iu
824 1937 977 2000 comitatu
995 1936 1179 2017 Simigiensi
1204 1937 1294 2001 ultra
1319 1935 1452 1999 flurium

320 2047 459 2128 Rannya
490 2043 663 2111 existentis,
690 2063 747 2124 per
778 2049 1019 2124 procuratorem
1045 2043 1145 2127 ipsius
1171 2042 1292 2106 domini
1319 2042 1451 2106 abbatis

318 2152 420 2217 eidem
436 2151 564 2214 ‹lomino
581 2149 690 2214 abbati
717 2157 749 2212 et
774 2150 906 2216 ecclesie
933 2173 988 2214 sue
1013 2158 1182 2234 prenotate
1207 2151 1452 2216 instrumentali

319 2262 399 2336 iure,
409 2281 466 2344 per
478 2267 719 2342 procuratorem
732 2259 915 2323 eorurnrlem
926 2260 1073 2342 magistri
1084 2260 1109 2326 J
1110 2260 1246 2325 ohannis
1262 2265 1295 2323 et
1310 2259 1454 2323 filiorum

318 2389 449 2432 suorum
474 2366 592 2430 eisdem
618 2366 805 2431 hereditarii
831 2368 910 2431 iuris
935 2367 1031 2432 titulo
1063 2369 1259 2433 contrariosa
1286 2369 1454 2452 pertinere

318 2476 465 2558 allegato,
496 2494 620 2538 morere
647 2473 810 2538 habebant
834 2497 942 2539 coram
967 2476 1067 2552 nobie,
1093 2474 1273 2540 volentibus
1300 2476 1452 2559 parcium

319 2580 588 2666 procuratoribus
614 2581 656 2645 ad
681 2587 809 2646 octavas
834 2583 907 2647 sesti
934 2582 1020 2648 beati
1046 2581 1180 2666 Georgii
1205 2583 1350 2648 martiris
1368 2604 1455 2646 nunc

318 2692 461 2776 proxime
477 2697 636 2768 venturae,
662 2689 720 2754 sub
737 2696 825 2755 statu
845 2692 945 2774 priori
971 2692 1120 2755 duximus
1145 2690 1364 2776 perennaliter
1381 2713 1455 2773 pro-

319 2797 504 2882 rogandam.
528 2795 651 2861 Datum
676 2797 777 2874 Bude,
802 2805 913 2864 octavo
938 2801 990 2864 ‹lie
1015 2799 1144 2863 termini
1170 2799 1343 2882 prenotati,
1367 2819 1455 2862 anno

320 2907 440 2970 ‹lomini
457 2907 508 2970 Μο
534 2903 630 2972 000⁰
655 2905 761 2970 ΧΙι1110
778 2913 898 2972 octavo.

427 3069 558 3132 Paphon,
579 3069 670 3132 peccet
690 3069 867 3133 nyomaivel;
887 3071 1018 3134 eredetije
1037 3087 1068 3121 az
1089 3085 1158 3119 orsa.
1172 3072 1204 3120 lt.
1218 3071 1318 3120 kinost.
1334 3075 1402 3117 oszr..
1418 3068 1454 3117 N.

320 3163 354 3210 R.
368 3162 399 3210 A.
417 3165 492 3209 15:37.
508 3165 549 3210 22.
564 3160 630 3222 uipl.
645 3165 712 3209 oszt.
727 3166 806 3210 4013.
827 3163 924 3210 Kozli:
947 3163 1054 3212 Koraos
1068 3162 1101 3210 N.

849 3523 920 3585 119.

328 3685 416 3748 1348.
434 3684 542 3762 Barda,
558 3694 612 3748 oct.
629 3685 677 3745 M.
697 3681 723 3746 I.
736 3681 950 3770 Lojoolcirdly
961 3683 1357 3766 rlliklo'sno'dorlatusitju,
1374 3682 1455 3766 hoqp

323 3793 432 3856 Iahon
448 3792 589 3874 szore'npi
605 3790 678 3853 hriat
694 3791 724 3852 e's
741 3791 852 3853 Dezsct
863 3816 900 3854 na
910 3791 1008 3854 abaci·
1023 3793 1075 3852 re'r
1095 3789 1259 3854 bii-rohaha.
1276 3789 1397 3852 ilstuasa
1410 3789 1455 3851 oe.

428 3951 607 4016 Lodovicus
624 4003 630 4016 .
648 4004 654 4017 .
672 3974 728 4016 rex
745 4003 751 4016 .
768 4005 774 4018 .
791 3952 929 4017 Nicolao
946 4004 952 4018 .
970 4002 976 4015 .
993 3952 1139 4036 palatino
1166 3957 1198 4016 et
1223 3950 1319 4014 iudici
1346 3971 1454 4014 coma-

322 4083 436 4124 norum
454 4111 460 4124 .
477 4109 480 4121 .
501 4059 578 4123 dicit
595 4059 687 4123 nobis
713 4060 902 4143 magnificus
919 4061 967 4124 vir
983 4059 1168 4143 Stephanus
1194 4059 1298 4123 banus
1313 4059 1354 4123 de
1370 4057 1455 4122 Zeu-

322 4169 403 4232 rinio
419 4167 504 4232 filius
515 4167 664 4245 Dionisii,
678 4169 711 4231 in
722 4189 781 4231 sua
792 4176 823 4231 et
833 4167 980 4251 magistri
992 4169 1105 4232 Desew
1122 4165 1232 4231 fratris
1243 4166 1292 4230 sui
1304 4187 1455 4248 persona,

321 4276 407 4358 quod
423 4275 456 4338 in
473 4274 613 4358 quadam
630 4277 828 4359 possessione
844 4298 953 4340 eorum
971 4275 1068 4339 Abad
1084 4282 1197 4339 vocata
1212 4275 1302 4337 iuxta
1318 4271 1454 4337 fluvium

322 4382 418 4466 Tycie
435 4383 583 4448 existenti
600 4383 718 4468 inipso
743 4383 839 4448 fluvio
856 4405 875 4447 a
891 4391 1034 4466 tempore
1060 4383 1194 4465 antiquo
1219 4387 1332 4465 portus
1358 4381 1456 4444 exsti-

323 4493 434 4572 tisset,
462 4513 562 4574 quare
587 4491 736 4555 fidelitati
762 4497 865 4556 vestre
891 4493 1104 4574 precipientes
1130 4491 1340 4568 mandamus,
1374 4511 1456 4572 qua·

322 4606 415 4662 tenus
432 4600 462 4663 in
482 4601 733 4683 congregacione
758 4607 866 4663 restra
897 4601 929 4663 in
962 4599 1116 4666 comitatu
1149 4599 1454 4684 Honeswyuarieusi
