3180 5470
563 517 657 581 1351.
674 538 744 579 nnn.
762 522 790 580 6.

632 699 706 761 276.

113 861 204 924 1351.
221 881 291 944 apr.
310 861 339 920 6.
358 859 404 924 Aa
420 861 490 944 qqri
505 860 666 946 kdplalcn
684 862 757 924 elau
768 861 934 946 chclyaa'
952 863 1067 926 [Aiszld
1082 865 1113 924 c‘s
1125 865 1239 938 Duell,

111 969 232 1054 Ipriczt'
256 981 336 1034 acuit
365 970 493 1034 Borsod
518 971 705 1054 odrmeqyei
729 969 913 1034 birtokulcot
940 970 1057 1034 Mildc'e
1078 973 1145 1053 equi
1160 981 1238 1054 pila-

471 1077 596 1162 pb'lcned·
613 1078 745 1162 adlopbo
761 1078 873 1162 adjut.

214 1237 285 1304 Nos
295 1239 473 1322 capitulum
483 1237 614 1304 ecclesie
625 1235 797 1320 Agriensis
809 1236 1044 1320 significamus.
1062 1289 1068 1304 .
1089 1239 1240 1322 quodne-

109 1343 224 1411 bilibus
234 1347 311 1411 viris
321 1347 489 1430 magistris
499 1345 635 1411 Nicolao
646 1345 838 1411 etLadislao
855 1345 929 1410 filiis
941 1345 1046 1411 Desev
1060 1346 1099 1410 de
1106 1344 1244 1430 Capalia

111 1453 141 1516 in
150 1454 255 1518 nostri
266 1453 435 1536 presencia
445 1453 661 1538 personaliter
670 1453 853 1518 constitutis
865 1501 888 1516 ..
905 1453 1106 1537 propositum
1117 1455 1242 1520 exstitit

110 1581 164 1645 per
180 1561 310 1626 eosdem
326 1613 333 1626 .
351 1612 358 1625 .
382 1562 468 1645 quod
485 1562 547 1646 ipsi
557 1583 616 1645 pro
632 1560 838 1626 sublevandis
848 1561 1042 1644 quibusdam
1058 1561 1124 1627 suis
1138 1583 1244 1629 neces-

110 1669 261 1735 sitatibus
277 1671 364 1754 ipsos
380 1671 422 1736 ad
439 1691 570 1754 presens
581 1669 779 1753 urgentibus,
796 1690 816 1734 a
831 1719 838 1732 .
855 1721 861 1734 .
886 1669 919 1735 N
921 1669 1024 1734 ioolao
1040 1721 1047 1736 .
1063 1721 1070 1736 .
1094 1671 1243 1754 episcopo

109 1777 263 1861 Agriensi
279 1827 286 1841 .
303 1829 309 1842 .
333 1777 511 1844 liberaliter
527 1785 705 1856 mutuante,
720 1779 833 1861 viginti
851 1779 993 1862 quinque
1009 1797 1135 1844 marcas
1152 1799 1240 1862 gros-

110 1908 215 1952 sorum
233 1888 376 1971 computi
392 1888 560 1954 Cassensis
577 1888 705 1952 nomine
716 1887 819 1952 mutui
838 1888 1034 1971 recepissent
1051 1937 1057 1952 .
1074 1936 1080 1950 .
1105 1888 1243 1972 proqui-

109 1994 165 2060 bus
193 1994 298 2060 eidem
323 2001 356 2060 et
386 1993 586 2078 episcopatui
620 1991 774 2076 Agriensi
806 1994 980 2076 quamdam
1010 1995 1243 2086 possessionem

110 2122 219 2167 eorum
236 2103 398 2168 emticiam
414 2101 545 2186 Igrichy
573 2107 716 2167 vocatam
744 2102 776 2164 in
802 2104 956 2168 comitatu
972 2103 1012 2167 de
1036 2101 1162 2168 Borsod
1178 2103 1242 2168 exi·

109 2217 262 2275 stentem.
280 2261 286 2273 .
303 2211 681 2293 impignoraruntcoram
692 2209 783 2274 nobis
794 2211 853 2275 tali
864 2210 1049 2276 condicione
1060 2211 1239 2289 interiecta,
1326 2222 1330 2230 ’

111 2317 193 2401 qnod
211 2319 239 2384 si
254 2319 359 2401 ipsam
375 2320 606 2402 possessiouem
622 2339 680 2401 pro
697 2317 783 2384 dicta
799 2339 923 2383 summa
939 2319 1073 2402 pecunie
1090 2339 1191 2402 usque
1201 2320 1243 2384 ad

112 2433 240 2492 octavas
255 2425 320 2491 diei
336 2425 551 2492 Strennarum
568 2427 633 2489 iam
649 2427 810 2504 uenturas,
828 2426 879 2490 vel
906 2426 940 2491 in
963 2425 1042 2510 ipsis
1059 2427 1178 2492 octavis
1195 2447 1242 2492 re-

111 2535 231 2601 dimere
248 2541 402 2621 poterunt
417 2536 498 2600 bene
515 2535 653 2618 quidem,
671 2533 814 2616 alioquin
831 2534 949 2619 elapsis
959 2535 1038 2620 ipsis
1048 2536 1179 2613 octavis,
1189 2555 1242 2618 pe-

108 2667 182 2710 nam
198 2644 290 2727 dupli
307 2650 339 2710 et
354 2643 473 2728 regalis
489 2643 642 2708 birssadii
652 2639 734 2726 (lgy)
744 2643 958 2708 incurrenteo
975 2642 1069 2722 lacto,
1085 2648 1119 2708 et
1134 2663 1236 2726 usque

108 2754 149 2819 ad
173 2753 255 2818 alias
271 2759 400 2818 octavas
417 2751 481 2816 diei
492 2750 704 2818 Strennarum
721 2750 952 2834 subsequentes
971 2747 1028 2837 jvel
1037 2751 1071 2816 in
1081 2751 1160 2833 ipsis
1181 2771 1239 2836 pro

108 2861 195 2926 diota
204 2859 376 2944 principali
391 2862 526 2943 pecunie
543 2859 727 2943 quantitate
743 2880 815 2924 cum
848 2858 947 2942 duplo
963 2865 996 2923 et
1011 2858 1155 2924 birsadio
1171 2879 1242 2942 pre·

109 2968 284 3034 diotiseam
301 2968 458 3033 redimere
474 2967 637 3032 noluerint
652 2967 701 3030 vel
712 2987 776 3032 non
793 2967 963 3048 valuerint,
988 2971 1104 3032 extunc
1126 2987 1243 3052 penam

109 3077 245 3141 alterius
261 3075 351 3161 dupli
368 3083 401 3141 et
418 3076 566 3141 similiter
582 3076 700 3159 regalis
717 3075 851 3140 birsadii
868 3083 942 3139 ante
967 3076 1034 3140 litis
1065 3077 1244 3159 ingressum

109 3187 176 3250 sine
187 3185 581 3269 parteiudioisincurrant
597 3184 785 3249 secundario
801 3185 871 3266 ipso
882 3183 981 3264 lact03
992 3184 1244 3251 etnihilominus

109 3293 223 3359 sexvel
239 3301 379 3376 quatuor
389 3295 449 3357 viri
459 3293 564 3357 idonei
582 3313 639 3375 per
649 3293 885 3375 parteshincet
895 3291 969 3356 inde
979 3292 1125 3376 eligendi,
1136 3315 1243 3359 coram

109 3403 293 3468 testimonio
308 3401 470 3466 Budensis
486 3401 536 3466 vel
546 3400 738 3469 Vachiensis
755 3399 897 3482 capituli,
908 3419 966 3483 per
976 3400 1105 3466 eosdem
1120 3400 1244 3467 nobiles

110 3511 271 3576 duntaxat
300 3509 497 3587 adducend0‚
530 3509 707 3594 predictam
723 3509 955 3592 possessionem
984 3510 1244 3594 impignoratam,

112 3621 207 3686 deum
224 3627 257 3685 et
273 3620 416 3686 eiusdem
433 3619 594 3685 iusticiam
619 3639 677 3702 pre
702 3617 802 3684 oculis
827 3618 943 3683 vestris
958 3617 1123 3702 habentes,
1141 3619 1175 3684 in
1192 3619 1243 3686 die

110 3729 208 3793 medii
225 3725 482 3812 Quadragesime
499 3733 575 3792 tuno
592 3728 625 3790 in
642 3746 700 3791 suo
716 3725 824 3790 valore
841 3726 1046 3804 estimabunt,
1063 3749 1124 3810 que
1141 3727 1169 3792 si
1185 3749 1243 3810 pro

109 3839 222 3904 eadem
237 3838 410 3921 principali
426 3858 551 3902 summa
567 3843 600 3900 et
615 3858 673 3920 pro
690 3835 789 3917 duplo
806 3856 844 3901 ao
860 3835 963 3918 regali
981 3835 1122 3902 birsadio
1139 3835 1243 3920 dupli-

109 3948 190 4012 catis
207 3947 359 4011 estimata
375 3945 480 4024 fuerit,
497 3949 615 4010 extunc
632 3964 703 4009 eam
718 3943 815 4008 iidem
844 3943 1097 4026 impignorantes
1113 3944 1175 4026 ipsi
1191 3943 1245 4008 do·

94 4055 197 4119 *minc
213 4054 364 4136 episcopo
380 4059 413 4119 et
429 4053 496 4118 eius
507 4053 705 4136 episcopatui
715 4071 824 4117 coram
834 4051 1018 4116 testimonio
1029 4050 1164 4116 alterius
1174 4071 1244 4134 pre·

108 4162 271 4228 dictorum
287 4160 505 4242 capitulorum
521 4165 713 4243 perpetuare
738 4155 943 4239 tenebuntur,
963 4158 991 4224 si
1015 4178 1088 4222 vero
1109 4177 1168 4241 pro
1187 4157 1244 4223 mi·

109 4270 189 4349 nori,
214 4275 332 4333 extunc
356 4269 521 4334 residuum
548 4267 746 4351 superfluens
780 4257 1010 4350 premissorum
1040 4265 1246 4348 complebunt

58 4367 65 4376 ¹
110 4377 321 4458 exsolvend03
346 4379 373 4442 si
399 4383 508 4442 aulem
534 4397 592 4459 pro
618 4375 733 4441 maiori
759 4397 884 4441 summa
900 4376 965 4439 sive
989 4375 1077 4440 ultra
1101 4374 1245 4439 debitum

109 4485 289 4570 principale
300 4493 333 4550 et
342 4485 476 4568 duplum
494 4505 532 4550 ac
547 4484 725 4549 birsadium
736 4481 1116 4567 duplicataestimabunt,
1127 4487 1245 4547 extunc

109 4593 195 4658 idem
212 4593 362 4658 dominus
378 4593 546 4677 episcopus
561 4592 596 4657 id
613 4592 699 4674 quod
716 4589 932 4675 superfluerit,
942 4589 1104 4655 exsolvere
1120 4588 1241 4655 tenebi-

110 4707 167 4767 tur
182 4708 215 4768 et
230 4699 372 4783 debebit3
390 4700 476 4766 etsie
492 4698 717 4783 quoquomodo
727 4698 944 4784 predictorum
961 4699 1060 4766 trium
1076 4695 1246 4767 modorum
