3180 5470
566 461 660 524 1350.
678 478 752 524 sor.
771 461 821 522 21.
1195 463 1259 522 421

128 641 198 707 dem
225 641 401 708 vicinorum
427 647 459 707 et
482 645 774 707 commetaneorum
805 639 906 724 ipsius
924 690 954 706 ..
977 640 1261 706 convcoacionibus

127 753 237 818 factis,
259 803 265 816 .
290 753 368 836 quia
384 774 422 818 ex
439 753 544 818 causis
559 750 725 835 premissis
741 756 845 815 vestre
862 750 1028 816 collacioni
1039 752 1143 834 ipsam
1155 749 1261 816 subia-

127 880 198 924 cere
215 861 418 942 reperissent,
435 882 492 944 per
520 881 596 926 suas
621 879 712 924 veras
737 864 862 924 metas.
881 911 886 923 .
918 856 1259 924 infradeolarandas..

127 969 392 1048 reambulassent,
418 971 718 1051 reambulatamque
737 1018 767 1034 ..
792 968 981 1034 statuissent
1015 975 1168 1034 annotato
1194 991 1259 1036 ma·

126 1079 227 1160 gistro
244 1077 368 1144 Thome
384 1077 450 1144 filio
467 1076 598 1144 Andree
625 1076 683 1142 sub
708 1076 794 1143 dicto
821 1075 915 1141 titulo
941 1082 1045 1142 vestre
1065 1097 1144 1142 nove
1160 1077 1258 1142 dona·

125 1186 225 1251 cionis
241 1193 399 1270 perpetuo
429 1184 661 1270 possidendam,
687 1183 816 1249 nemine
832 1233 862 1248 ..
901 1184 1135 1250 contradictore
1160 1207 1259 1271 appa-

123 1300 215 1359 rente
233 1344 239 1358 .
256 1347 262 1360 .
280 1294 371 1360 Mete
387 1301 495 1360 autem
506 1293 623 1375 quibus
640 1292 726 1358 dicta
740 1292 898 1375 possessio
908 1293 1063 1376 Kochlyn
1075 1293 1116 1358 ab
1134 1314 1258 1360 eorum·

122 1403 195 1468 dem
223 1402 401 1468 vicinorum
426 1408 459 1468 ct
486 1408 778 1470 commetaneorum
802 1401 985 1468 hominibus
1009 1399 1094 1488 (igy)
1111 1403 1256 1488 distingi-

123 1521 224 1579 tur..
249 1513 311 1578 hoc
342 1511 454 1578 ordine
480 1510 735 1597 protenduntur:
759 1511 865 1594 prima
887 1511 971 1575 enim
997 1515 1084 1576 meta
1100 1511 1258 1596 inciperet

122 1643 140 1686 a
166 1621 267 1705 plaga
292 1621 441 1686 orientali
467 1626 500 1686 et
526 1641 545 1685 a
569 1626 662 1704 parte
687 1619 896 1702 possessionis
918 1618 1063 1705 Kazmyr
1087 1626 1205 1700 vocate,
1222 1621 1254 1684 in

121 1729 264 1812 quodam
279 1729 348 1794 loco
364 1729 564 1813 Nomsazege
581 1735 701 1806 vocato,
718 1729 772 1792 ubi
789 1733 864 1792 sunt
880 1733 945 1792 tres
964 1733 1048 1792 mete
1065 1733 1256 1808 terracona

120 1839 266 1919 antiqua,
284 1837 459 1919 ducrere,
476 1837 628 1920 aquibus
655 1857 763 1900 versus
789 1835 919 1918 plagam
939 1836 1129 1902 orientalem
1146 1857 1254 1920 proce-

119 1945 226 2010 dendo
243 1947 346 2011 currit
362 1953 394 2012 et
410 1947 515 2029 iungit
531 1967 627 2009 unam
654 1967 768 2009 novam
788 1951 907 2008 metam
934 1951 1073 2008 terream
1090 1945 1174 2010 inter·
1189 1953 1252 2010 ter·

119 2075 173 2119 ras
190 2053 332 2120 arabiles
348 2056 495 2138 positam,
507 2053 545 2118 de
563 2075 627 2135 qua
644 2052 685 2117 ad
702 2053 836 2118 eandem
847 2054 978 2136 plagam
989 2053 1155 2132 currendo,
1167 2055 1252 2118 simi·

119 2166 194 2229 liter
211 2184 310 2229 unam
326 2171 446 2230 metam
469 2172 608 2229 terream
634 2164 724 2228 iuxta
748 2163 912 2246 quandam
928 2169 1065 2228 stratam
1090 2162 1253 2245 publicam

117 2273 158 2336 ‹le
184 2273 262 2338 villa
288 2269 437 2338 Kolbasa
462 2274 494 2337 in
519 2271 638 2338 dictam
664 2271 896 2354 possessionem
920 2268 1065 2356 Kazmyr
1081 2269 1251 2337 ducentem

117 2387 279 2461 erectam;
295 2381 350 2445 ubi
367 2381 486 2446 dictam
499 2365 583 2444 viam
600 2378 796 2444 transeundo
807 2385 839 2442 et
849 2397 959 2442 versus
971 2379 1105 2442 eandem
1123 2379 1253 2462 plagam

116 2490 288 2568 currendo,
305 2491 451 2572 persenit
467 2490 507 2554 ad
524 2489 604 2554 duas
620 2495 723 2553 metas
739 2495 871 2566 terreas,
882 2509 978 2554 unam
988 2509 1102 2552 noram
1113 2494 1145 2552 et
1155 2489 1252 2552 aliam

115 2601 290 2679 antiquam
305 2599 398 2663 iuxta
414 2597 552 2663 eandem
567 2597 698 2662 florium
715 2595 862 2661 Kolbasa
879 2597 1060 2673 existentes,
1071 2595 1155 2660 etibi
1167 2597 1254 2661 cadit

115 2710 148 2772 in
166 2708 275 2789 ipsum
292 2705 423 2773 fluvium
438 2705 604 2784 Kolbasa;
621 2706 653 2769 in
674 2724 736 2785 quo
753 2725 811 2786 per
827 2703 987 2768 modicum
1004 2705 1148 2785 spacium
1164 2703 1251 2770 infra

114 2814 286 2892 currendo,
297 2813 363 2879 exit
379 2813 418 2879 de
435 2813 544 2878 eodem
555 2814 641 2877 circa
657 2811 820 2895 quandam
837 2811 976 2876 insulam
993 2811 1034 2875 ad
1051 2812 1171 2877 dictam
1182 2813 1250 2896 pla·

114 2944 192 3006 garn
208 2922 450 3005 occidentalem,
466 2924 499 2987 in
516 2923 606 2988 errius
622 2922 710 2985 exitu
737 2927 866 2986 estana
890 2929 977 2986 meta
993 2928 1100 2986 terrea
1115 2921 1154 2986 de
1171 2942 1251 2986 novo

113 3035 237 3110 erecta,
248 3050 310 3111 que
325 3031 431 3114 iungit
446 3032 677 3115 possessionem
693 3030 835 3112 regalem
845 3025 976 3114 B(y)ste
989 3037 1151 3112 vocatam3
1167 3030 1250 3096 unde

113 3139 146 3203 in
183 3138 325 3220 quodam
362 3137 465 3204 rivulo
497 3137 717 3222 Megyepatak
749 3144 931 3220 noncupato
963 3139 1107 3204 ascendit
1139 3161 1250 3206 versus

113 3248 239 3313 ‹lictam
256 3247 387 3332 plagam
405 3254 437 3312 et
453 3247 599 3331 pervenit
615 3247 655 3311 ad
673 3268 772 3312 unum
787 3229 904 3312 vadum
921 3247 1063 3312 eiusdem
1079 3247 1184 3326 rivuli,
1194 3247 1250 3314 ubi

110 3357 145 3420 in
164 3355 276 3420 littore
300 3355 443 3421 eiusdem
460 3361 508 3421 est
524 3377 589 3420 una
605 3361 691 3419 meta
715 3361 839 3434 terrea3
866 3354 1045 3439 abindcque
1065 3357 1106 3422 ab
1122 3358 1192 3442 ipso
1208 3357 1249 3422 ri·

110 3465 188 3529 vulo
205 3465 365 3530 currendo
382 3465 467 3530 venit
492 3464 534 3530 ad
559 3465 659 3530 alium
676 3463 793 3528 vadum
818 3464 913 3548 vulgo
929 3465 1075 3550 Fayzreu
1092 3473 1248 3548 vocatum,

111 3573 170 3638 ubi
187 3577 239 3638 est
255 3573 403 3640 similiter
420 3593 484 3638 una
499 3579 585 3638 meta
600 3579 725 3654 terrea;
745 3571 923 3657 deindeque
940 3595 1038 3658 supra
1061 3575 1173 3654 eundo,
1190 3597 1246 3640 an-

109 3683 216 3746 nectit
233 3703 333 3745 nnum
349 3681 454 3746 locum
473 3679 628 3746 Kabalak
644 3678 665 3764 (.
683 3731 689 3744 .
708 3676 729 3764 .)
746 3686 903 3758 vocatum,
920 3687 952 3745 et
968 3680 1013 3746 ibi
1029 3681 1089 3746 sub
1106 3684 1247 3764 quadam

108 3789 231 3856 arbore
242 3811 375 3856 cerusea
384 3787 466 3875 (lgy)
477 3797 510 3855 et
519 3811 583 3854 uno
592 3790 699 3873 lapide
710 3795 759 3854 est
768 3795 856 3854 meta
865 3796 989 3871 terrea;
1006 3790 1061 3856 ubi
1071 3791 1195 3874 regirat
1205 3793 1247 3858 ad

108 3897 246 3980 plagam
262 3897 556 3980 septemtrionalem
573 3898 655 3962 etin
671 3898 782 3964 eodem
797 3897 896 3963 berch
906 3919 925 3962 a
935 3905 1027 3982 parte
1037 3901 1247 3982 possessionis

107 4004 265 4070 Kolbasa
290 4010 471 4090 noncupato
496 4006 693 4071 transeundo
717 4006 806 4071 venit
830 4007 872 4071 ad
898 4007 978 4073 duas
996 4011 1099 4073 metas
1115 4013 1246 4090 terreas,

108 4113 285 4197 {antiquam
303 4117 335 4177 et
350 4134 465 4179 novam
480 4114 514 4178 in
530 4114 631 4180 latere
655 4115 821 4182 cuiusdam
845 4115 964 4180 montis
979 4115 1247 4202 Waythagordya

107 4221 218 4287 vocati
233 4220 416 4299 existentes,
441 4227 474 4286 et
498 4221 543 4286 ibi
569 4222 744 4288 reflectitur
768 4223 809 4289 ad
834 4229 960 4307 partem
980 4224 1112 4289 orientis
1128 4229 1160 4288 et
1175 4245 1245 4289 cur·

107 4329 214 4395 rende
236 4331 339 4394 intrat
357 4331 390 4394 in
409 4331 572 4414 quandam
588 4331 703 4396 vallem
721 4333 906 4418 Wyzfolyas
932 4339 1085 4412 vocatam,
1105 4334 1138 4398 in
1155 4333 1244 4399 cuius

106 4439 219 4524 capite
231 4443 281 4504 est
290 4459 356 4503 nna
365 4445 452 4504 meta
468 4447 576 4505 terrea
585 4439 624 4506 de
635 4461 715 4507 novo
731 4446 839 4508 erecta
854 4465 860 4522 ;
876 4461 972 4523 aqua
987 4463 1097 4508 versus
1108 4442 1244 4508 eandem

104 4547 245 4632 plagam
262 4547 428 4626 currendo,
438 4549 584 4631 pervenit
600 4550 641 4614 ad
656 4548 752 4614 finem
768 4551 853 4615 dicte
867 4551 1076 4632 possessionis
1087 4549 1244 4634 Kolbasa,

105 4655 167 4720 ubi
183 4655 276 4720 iuxta
291 4655 376 4720 riam
393 4655 432 4720 de
449 4655 560 4722 eadem
577 4659 720 4723 exeundo
730 4659 763 4723 in
774 4658 911 4741 quodam
929 4657 1018 4724 alveo
1034 4666 1082 4725 est
1095 4659 1244 4728 similiter
