3188 5476
370 564 435 628 594
719 582 906 628 lurouuoni
924 565 1139 626 caularrlu.

369 744 486 810 nobilis
503 744 542 808 de
559 741 720 809 Ozewlevs
746 764 810 807 uua
836 765 909 806 cum
932 742 998 807 filio
1023 765 1081 810 suc
1107 743 1337 810 Bartholomeo
1361 741 1403 808 ab
1427 765 1492 829 uua⁸

369 857 462 934 parte
481 873 556 916 vero
573 851 615 918 ab
631 853 735 917 altera
760 851 868 916 Petew
885 851 971 917 filius
997 851 1110 918 Zewee
1135 853 1251 918 nobilis
1268 853 1307 917 de
1323 852 1487 918 Felzeleus

369 959 547 1026 confessum
580 962 705 1026 exstitit
736 983 794 1045 per
824 962 960 1026 eundem
992 961 1188 1026 Michaslem
1221 1013 1249 1026 ..
1281 963 1367 1044 quod
1398 962 1495 1044 ipsum

369 1070 511 1152 quadam
541 1077 677 1153 urgente
708 1071 910 1148 necessitate,
951 1071 1116 1154 quandam
1146 1071 1379 1154 possessionem
1410 1091 1495 1134 suam

370 1176 512 1244 Ozelews
543 1185 689 1244 vocatam
721 1180 753 1242 iu
783 1179 938 1244 comitatu
970 1177 1188 1244 Ohanadiensi
1219 1179 1416 1260 existentem,
1447 1199 1499 1262 per

370 1307 484 1350 manus
499 1287 650 1369 magistri
667 1285 813 1351 Ladislai
830 1285 991 1369 quondam
1014 1286 1140 1351 comitis
1156 1287 1331 1350 siculorum
1348 1307 1406 1370 pro
1421 1306 1498 1350 nuuc

370 1395 597 1477 potencialiter
613 1395 785 1473 detentam,
803 1417 865 1478 que
881 1395 920 1459 (16
937 1396 1145 1478 pertinenciis
1162 1397 1399 1478 possessionum
1416 1393 1498 1458 Ach-

370 1509 426 1566 ton
444 1508 476 1566 et
492 1500 613 1585 Seryen
637 1508 824 1567 vocatarum
851 1507 997 1568 extracta
1021 1525 1080 1586 pro
1106 1509 1224 1586 quarta
1249 1501 1342 1568 filiali
1366 1509 1499 1567 cesserat·

370 1611 472 1676 nobili
498 1611 625 1676 domine
652 1612 753 1677 Lucis
778 1613 872 1676 uxori
899 1611 1042 1676 eiusdem
1069 1611 1252 1689 Michaelis,
1282 1631 1342 1696 pro
1368 1611 1496 1693 quadra

371 1721 462 1802 ginta
477 1718 605 1784 florenis
622 1720 725 1786 eidem
752 1721 861 1786 Petew
877 1726 911 1784 et
925 1718 993 1784 filio
1019 1742 1076 1784 suo
1102 1719 1236 1798 Jacobc,
1262 1741 1302 1784 ac
1327 1725 1399 1802 post
1418 1718 1497 1803 ipsos

371 1827 528 1892 universis
537 1827 709 1892 heredibus
726 1827 919 1910 eorumdem,
935 1827 1033 1892 titulo
1043 1828 1337 1910 impignoracionis,
1354 1849 1425 1892 cum
1438 1848 1497 1890 om·

371 1934 466 2000 nibus
492 1934 650 2001 fructibus
675 1984 704 1999 ..
726 1935 866 2000 dedisset
891 1942 923 1999 et
948 1936 1200 2018 assignasset..
1231 1933 1421 2012 habendam,
1443 1933 1497 1998 tali

372 2042 556 2108 condicione
582 2042 821 2121 interveniente,
848 2043 935 2126 quod
959 2095 987 2107 ..
1011 2041 1155 2125 prefatus
1182 2041 1327 2108 Michael
1352 2040 1399 2106 vel
1419 2040 1497 2104 filius

372 2150 514 2216 eiusdem
537 2200 567 2216 ..
594 2151 730 2216 liberam
759 2151 903 2216 habeant
934 2151 1111 2218 redimendi
1143 2151 1351 2230 facultatem,
1383 2151 1409 2214 si
1432 2170 1498 2213 vero

374 2259 555 2341 sepedictus
580 2259 690 2324 Petew
715 2259 894 2342 predictam
920 2261 1152 2342 possessionem
1177 2258 1334 2325 Ozevleus
1360 2265 1497 2322 vocatam

373 2366 412 2430 (16
438 2366 585 2432 manibus
616 2367 731 2432 alienis
763 2367 997 2451 potencialibus
1024 2376 1056 2433 et
1080 2367 1265 2451 specialiter
1293 2367 1334 2431 de
1358 2364 1496 2431 manibus

372 2474 519 2557 magistri
536 2474 683 2540 Ladislai
709 2477 863 2541 antedicti
890 2497 1081 2560 quocunque
1106 2475 1201 2540 modo
1227 2475 1368 2540 liberare
1390 2479 1498 2558 posset,

373 2603 409 2647 eo
436 2581 520 2648 iacto
546 2582 631 2647 idem
662 2583 805 2648 Michael
836 2584 1020 2667 sepedictus
1046 2585 1079 2648 111
1104 2583 1347 2667 proprietatem,
1372 2584 1421 2647 ius
1446 2601 1497 2646 scu

372 2691 548 2754 dominium
578 2690 703 2773 prefate
735 2692 945 2774 possessionis
976 2691 1077 2757 libere
1108 2692 1214 2757 valeat
1238 2692 1383 2770 introire,
1408 2689 1497 2755 aede

375 2799 572 2865 utilitatibus
611 2801 771 2884 sepedicto
812 2802 1022 2884 possessionis
1053 2801 1092 2864 de
1123 2800 1343 2883 quadraginta
1379 2798 1499 2864 florenis
1574 2841 1575 2848 ,

375 2907 569 2990 supradictis
594 2908 655 2992 ipsi
680 2907 781 2972 Peter
807 2908 969 2973 antedicto
1000 2907 1163 2972 tenebitur
1189 2906 1375 2990 impendere
1400 2906 1500 2990 plena·
1574 2873 1575 2961 l

374 3012 456 3078 riam
481 3015 755 3096 satisfaccionem,
780 3017 840 3080 hoc
866 3017 967 3080 eciam
999 3015 1149 3081 addicere
1175 3014 1352 3090 voluerunt,
1380 3015 1498 3098 quodsi
1573 3089 1574 3108 ἢ

341 3192 345 3201 ,
375 3120 519 3203 prefatus
544 3121 688 3188 Michael
704 3123 753 3187 vel
769 3122 854 3189 filius
871 3146 947 3188 suus
971 3124 1136 3208 predictus
1162 3124 1360 3207 sepedictam
1387 3143 1500 3205 posscs-

376 3229 497 3294 sionem
514 3229 677 3297 Ozewlevs
693 3239 839 3298 vocatam
856 3232 992 3296 vendere
1010 3281 1016 3295 .
1032 3283 1039 3296 .
1056 3231 1183 3310 vellent,
1199 3229 1282 3296 nulli
1298 3230 1395 3295 alteri
1412 3251 1499 3313 quam

376 3336 437 3422 ipsi
460 3337 559 3404 Peter
574 3339 700 3422 prefato
725 3341 773 3404 vel
800 3342 867 3405 suis
893 3339 1142 3423 posteritatibus
1165 3389 1195 3403 ..
1218 3337 1356 3404 rendere
1381 3339 1499 3403 valeant
1572 3389 1573 3451 1

379 3445 429 3508 vel
445 3447 570 3529 possint
594 3495 624 3512 ..
646 3447 771 3514 Datum
795 3449 829 3512 in
854 3449 935 3514 festo
960 3447 1047 3513 beati
1065 3447 1211 3512 Ladislai
1237 3446 1323 3529 regis
1341 3446 1498 3510 616611166-

375 3553 466 3632 scris,
482 3575 567 3619 auno
583 3555 704 3620 domini
719 3555 795 3620 M¹¹¹⁰
812 3555 932 3624 OOCmo
949 3556 1216 3640 quinquagesimo
1233 3554 1383 3620 secundo.

484 3697 638 3763 Hdtlapjtn
659 3701 751 3762 pecset
773 3703 949 3765 nyomaival;
970 3700 1100 3764 eredetije
1123 3716 1155 3751 az
1179 3715 1248 3749 orsz.
1272 3701 1303 3748 lt.
1328 3700 1426 3749 kinost.
1439 3710 1497 3748 osas

376 3785 410 3835 N.
431 3787 463 3836 R.
483 3787 517 3835 A.
538 3792 597 3837 556.
621 3795 643 3838 1.
664 3789 729 3853 dipl.
750 3796 817 3841 oazt.
838 3795 917 3840 4289.
938 3792 1038 3841 Kozli:
1062 3787 1171 3840 Koiacs
1191 3790 1224 3838 N.

908 4048 980 4106 369.

303 4169 310 4179 ⁸
380 4178 474 4240 1352.
506 4177 606 4258 Tarsi,
623 4179 688 4264 jul.
704 4180 735 4240 3.
767 4177 847 4259 Ostfi
864 4179 1028 4244 Dourokos
1054 4181 1498 4246 macso'ibriustdbbudrnir-

375 4286 455 4372 yydlo
474 4283 650 4372 fdispciajc
676 4287 757 4364 elau,
789 4285 908 4349 Tamus
924 4287 977 4365 flu
1004 4287 1228 4374 [1111111911
1255 4298 1333 4351 116611
1360 4291 1499 4357 tirtel-u,
1568 4339 1569 4348 ,

378 4395 487 4479 11161961
504 4418 524 4456 o
541 4393 625 4455 birdi
640 4395 730 4480 aiiloy
747 4395 813 4456 alo'l
828 4394 987 4472 tivdlrou,
1006 4395 1151 4480 Parpari
1168 4395 1303 4460 Μά11ο11
1310 4397 1433 4476 fidant·
1447 4397 1499 4461 111-

738 4503 863 4580 comula
887 4504 1146 4588 visszabocsu'tja.

486 4645 555 4710 Nos
572 4647 760 4712 Dominicus
777 4647 880 4712 banus
897 4648 936 4712 (16
952 4649 1109 4726 Machow‚
1125 4669 1231 4713 comes
1244 4647 1430 4715 sirmiensis
1447 4649 1501 4714 Ba·

380 4753 516 4818 chiensis
532 4754 781 4837 Vesprimieusis
793 4755 833 4820 dc
849 4756 969 4820 Walko
986 4765 1019 4821 et
1035 4758 1075 4821 de
1092 4757 1253 4841 Baranya,
1264 4761 1418 4823 memorie
1428 4779 1500 4824 cour-

1556 5223 1565 5435 l
