3180 5466
528 499 533 508 '
553 505 647 564 1351,
665 521 734 566 run.
753 505 803 564 27.
1182 506 1244 564 505

115 683 227 748 Annus
245 683 308 746 alio
325 683 452 746 nomine
463 679 582 762 Anglis
600 687 783 764 mmcupate
799 681 864 746 filie
875 682 1018 746 ciusdem
1029 681 1167 747 Othonis
1178 704 1249 746 con-

115 793 206 857 sortis
233 812 299 859 sue,
316 791 357 854 ad
382 798 528 855 nostram
553 789 733 855 accedendo
759 791 968 873 presenciam,
995 790 1140 854 exhibuit
1157 790 1248 854 nobis

114 900 269 982 quasdam
285 900 396 964 literas
414 898 675 979 rescripcionales
693 899 827 981 capituli
847 899 978 962 ecclesie
996 896 1176 980 Agriensis,
1194 921 1245 961 su-

115 1029 168 1090 per
184 1009 368 1074 statucioue
385 1005 552 1071 cuiusdam
578 1008 786 1089 possessionis
813 1007 955 1089 Somugy
979 1015 1089 1072 vocate
1105 1008 1138 1070 in
1156 1008 1252 1070 comi-

117 1124 187 1182 tatu
203 1114 483 1197 Abavywaryensi
500 1115 675 1192 existentis
692 1136 750 1197 per
766 1135 823 1180 nos
839 1116 916 1197 ipsis
928 1114 1002 1180 liliis
1019 1123 1052 1180 et
1067 1113 1132 1179 filie
1147 1117 1250 1198 ipsius

116 1215 230 1290 Otonis
247 1224 280 1287 in
297 1223 520 1288 concambium
537 1230 568 1286 et
585 1225 861 1306 permutationem
880 1223 1062 1289 medietatis
1082 1225 1251 1289 cuiusdam

116 1333 212 1397 castri
229 1331 331 1414 ipsius
348 1329 463 1396 Otonis
491 1331 607 1414 Dyueu
634 1332 790 1396 nominati
817 1339 848 1395 et
874 1334 1082 1414 possessionis
1102 1333 1254 1398 similiter

115 1441 231 1522 Dyuen
248 1446 367 1516 vocate,
384 1460 443 1504 nec
468 1459 531 1502 non
558 1440 772 1522 quarumdam
798 1441 936 1504 aliarum
962 1443 1112 1506 totalium
1128 1463 1250 1525 posses-

121 1551 245 1614 sionum
262 1548 414 1630 ciusdem,
430 1547 580 1630 Ztompa,
596 1547 787 1630 Porostyan,
810 1546 926 1630 Sariya
943 1555 975 1612 et
991 1547 1108 1613 Sarkw
1124 1558 1245 1615 vocata·

118 1679 186 1720 rum
204 1657 239 1721 in
256 1657 412 1722 comitatu
429 1656 618 1720 Posoniensi
643 1657 852 1721 existe'ncinm
879 1657 994 1722 collate
1019 1657 1137 1722 eisdem
1165 1657 1252 1725 facta
1321 1709 1322 1716 ι

119 1764 287 1842 confectas,
297 1763 419 1830 tenoris
430 1764 636 1846 infrascripti,
647 1769 778 1846 petens.
796 1817 801 1828 .
819 1771 857 1828 ut
873 1764 1001 1830 easdem
1017 1768 1135 1832 nostris
1145 1766 1248 1832 literis

117 1872 301 1958 patentibus
311 1872 502 1936 transscribi
523 1871 627 1936 facere
655 1871 875 1953 dignaremur3
901 1891 1038 1953 quarum
1059 1881 1152 1939 tenor
1172 1876 1274 1940 talis.

122 1991 186 2048 est:
206 2034 212 2046 .
230 1981 426 2047 .Lodori00.
444 2030 450 2042 .
466 1981 552 2062 regi.
571 2029 577 2042 .
596 1981 775 2066 capitulum
792 1980 1122 2064 ecclesieAgriensis.
1140 2036 1146 2048 .
1163 1983 1251 2049 Lite·

122 2113 175 2155 ras
187 2099 294 2155 vestre
306 2091 491 2154 serenitatis
501 2089 621 2152 honore
632 2110 695 2170 quo
711 2089 820 2156 decuit
831 2092 1011 2172 recepimus
1021 2091 1054 2155 in
1064 2092 1124 2156 hec
1140 2093 1254 2157 verba:

122 2199 302 2265 Lodovicus
320 2249 325 2262 .
344 2248 349 2260 .
374 2219 430 2261 rex
448 2246 478 2260 ..
504 2197 645 2279 capitulo
674 2197 805 2262 ecclesie
836 2196 1008 2280 Agriensis
1026 2236 1055 2263 ι.
1082 2198 1254 2276 Noveritis,

121 2307 207 2389 quod
230 2327 290 2370 uos
307 2304 468 2388 quandam
486 2306 718 2387 possessionem
735 2313 879 2370 nostram
896 2305 1038 2391 Somugy
1054 2314 1199 2372 vocatam
1222 2309 1254 2370 in

120 2417 276 2480 comitatu
293 2410 561 2494 Abawyvariensi
578 2415 775 2490 existentem,
792 2434 863 2476 cum
880 2414 1026 2478 omnibus
1040 2416 1106 2478 suis
1123 2466 1129 2479 .
1147 2465 1153 2478 .
1178 2437 1249 2498 per-

118 2523 267 2589 tinenciis
286 2572 316 2586 ..
341 2521 477 2605 aliisque
494 2521 690 2603 quibuslibet
718 2523 785 2586 eius
812 2521 922 2587 usibus
944 2521 1102 2587 fructibus
1127 2531 1159 2588 et
1184 2523 1254 2586 red-

118 2631 287 2697 ditibus..
312 2631 346 2694 in
371 2629 538 2713 superficie
564 2631 707 2694 ciusdem
733 2629 853 2695 habitis
884 2636 917 2693 et
948 2630 1170 2708 existentibus,
1195 2631 1254 2695 sub

121 2741 267 2820 antiquis
285 2738 350 2804 suis
366 2739 462 2802 metis
479 2747 511 2804 et
527 2737 786 2816 limitacionibus,
802 2739 918 2820 quibus
936 2737 1047 2802 cadem
1058 2737 1099 2802 ab
1110 2739 1185 2802 olim
1197 2761 1256 2804 usa

119 2847 248 2913 exstitit
263 2852 296 2911 et
312 2867 468 2932 possessa,
484 2845 645 2909 Pernoldo
662 2845 853 2910 Eberhardo
865 2845 961 2909 Weel
972 2852 1004 2909 et
1015 2845 1040 2909 J
1042 2847 1164 2910 enslino
1175 2846 1249 2911 filiis

120 2954 236 3021 Otonis
253 2955 292 3019 de
309 2955 572 3040 Telyesprunnar
589 2976 627 3018 ac
643 2953 741 3018 nobili
767 2955 893 3018 domine
910 2951 1027 3018 Annus
1044 2955 1108 3020 alio
1125 2958 1252 3020 nomine

121 3063 240 3146 Anglis
256 3072 440 3148 nuncupate
466 3064 606 3128 consorti
631 3064 777 3145 magistri
803 3061 961 3126 iohannis
992 3061 1049 3126 filii
1075 3061 1255 3128 Alexandri

121 3171 181 3236 filii
198 3169 298 3235 Oclcn
314 3171 380 3236 filie
398 3171 521 3236 scilicet
537 3171 678 3236 ciusdem
695 3171 820 3248 Otonis,
836 3172 868 3234 iu
886 3172 1107 3236 concambium
1118 3193 1174 3237 seu
1185 3194 1255 3256 per·

121 3281 337 3345 mutacioncm
364 3279 548 3348 medietatis
574 3280 741 3344 cuiusdam
758 3281 856 3343 castri
881 3280 982 3364 ipsius
1008 3279 1124 3346 Otonis
1141 3280 1256 3364 Dyuen

122 3390 229 3453 vocati
256 3395 289 3452 et
308 3389 515 3472 possessionis
532 3389 680 3455 similiter
696 3387 813 3470 Dyuen
830 3389 1001 3468 nominate,
1019 3409 1157 3451 necnon
1175 3409 1253 3469 qua-

122 3494 273 3560 rumdam
308 3496 445 3562 aliarum
477 3488 626 3561 totaliunr
657 3497 892 3581 possessionum
927 3495 1070 3559 eiusdem
1106 3493 1254 3579 Stumpa,

121 3603 311 3687 Perostyam
328 3601 456 3669 Saralia
473 3611 505 3668 et
522 3605 629 3671 Sar-ku
640 3612 827 3669 vocatarum
844 3603 877 3666 in
894 3604 1050 3669 comitatu
1061 3603 1250 3669 Posonicnsi

123 3712 345 3792 existendum,
361 3721 517 3797 perpetuo
534 3715 567 3777 in
578 3713 661 3776 tilios
679 3712 817 3776 filiorum
835 3731 964 3776 sucrum
982 3719 1015 3776 ct
1031 3710 1186 3774 heredum
1197 3733 1254 3794 per

121 3821 258 3886 heredes
275 3820 422 3885 duximus
448 3821 672 3887 conserendam
698 3821 829 3906 pacifice
850 3820 1031 3903 possiderc3
1058 3827 1257 3904 quapropter

122 3927 276 3994 fidelitati
292 3938 396 3995 vestre
412 3930 549 3996 firmiter
576 3928 779 4014 precipiendo
806 3927 1004 4003 mandamus,
1032 3933 1191 4008 quatenus
1208 3949 1257 3992 ve-

123 4045 228 4102 strum
254 4038 393 4104 mittatis
418 4037 580 4104 hominem
606 4059 664 4120 pro
690 4037 874 4102 testimonio
900 4035 962 4098 fide
989 4035 1129 4117 dignum,
1149 4057 1258 4100 coram

125 4163 191 4224 quo
209 4141 370 4226 Georgius
386 4145 473 4209 filius
489 4145 621 4210 Barlius
638 4145 732 4209 homo
749 4153 857 4209 noster
874 4143 1015 4210 decuria
1032 4148 1143 4207 nostra
1154 4149 1257 4208 trans·

127 4252 255 4334 missus
273 4251 322 4316 vel
338 4253 461 4318 Paulus
487 4253 572 4318 filius
597 4254 693 4318 Pauli
710 4255 748 4317 de
773 4251 895 4316 Honua
911 4257 968 4315 aut
991 4249 1148 4317 Nicolans
1173 4250 1258 4314 filius

125 4359 258 4425 Nicolai
282 4361 321 4424 de
347 4361 460 4426 eadem
487 4365 552 4427 sive
578 4362 733 4426 Nicolaus
758 4359 844 4424 filius
872 4359 948 4425 Aba
973 4359 1045 4424 aliis
1073 4358 1258 4422 absentibus

126 4469 224 4533 homo
234 4475 352 4546 noster,
362 4469 541 4552 predictam
557 4471 788 4556 possessionem
799 4474 943 4532 nostram
954 4465 1096 4549 Somugy
1106 4486 1178 4530 cum
1189 4489 1258 4548 pre-

125 4576 222 4642 dictis
240 4578 306 4641 suis
323 4577 528 4654 utilitatibus,
545 4585 668 4642 statuat
677 4577 755 4660 ipsis
766 4576 842 4640 filiis
853 4575 969 4642 Otonis
981 4581 1013 4640 et
1023 4573 1122 4638 nobili
1133 4575 1259 4638 domine

125 4683 269 4749 consorti
285 4681 362 4747 dicti
378 4686 524 4767 magistri
540 4686 564 4750 J
567 4685 702 4751 ohannis
713 4687 867 4766 perpetuo
884 4680 1119 4765 possidendam,
1134 4688 1259 4747 contra-
