3188 5476
549 595 643 655 1352.
661 613 734 654 1111.
753 597 803 656 26.
1176 597 1237 658 577

102 770 195 834 cione
212 790 320 836 seeum
345 769 442 834 ducta
468 777 578 835 nostro
602 770 698 836 lateri
724 771 916 850 adherendo,
942 771 986 836 ibi
1013 772 1104 836 nobis
1128 773 1241 838 lauda·

103 877 185 941 biles
212 884 244 941 et
269 879 448 962 intrepidos
473 880 622 945 exhibuit
646 879 840 960 famulatus;
866 887 900 944 et
923 881 1052 944 demum
1071 902 1143 945 cum
1171 883 1239 946 vice

102 987 206 1050 tercia
222 985 385 1052 dominam
410 985 552 1052 Mariam
579 1009 721 1052 sororem
737 989 859 1052 domini
876 986 1034 1071 Stephani
1051 989 1141 1053 ducis
1156 990 1237 1054 Boz-

101 1096 211 1158 nensis
237 1095 416 1176 proximam
442 1101 586 1160 nostram
618 1096 817 1161 carissimam
844 1097 972 1161 domino
1005 1096 1238 1163 Helsenneerio

101 1201 210 1266 federe
226 1204 459 1268 matrimoniali
475 1206 669 1287 copulatam,
695 1205 736 1269 ad
753 1207 915 1270 civitatem
935 1205 1107 1288 Pazzowye
1124 1226 1238 1287 preno-

100 1317 207 1374 tatam
233 1311 376 1374 honestis
400 1310 575 1376 baronibus
601 1312 693 1394 regni
718 1313 820 1376 nostri
846 1311 948 1376 eidem
968 1313 1112 1396 proxime
1129 1319 1238 1376 nostre

101 1418 334 1482 comitantibus
360 1439 417 1482 suo
442 1419 557 1501 nuptui
590 1419 774 1483 sociandam
807 1421 1106 1501 transmisissemus,
1140 1420 1239 1486 iidem

100 1525 251 1606 magistri
262 1523 432 1609 Nyldynns
443 1526 781 1610 magistriLaurencii,
792 1533 825 1592 et
835 1525 1005 1610 Nyklynus
1016 1526 1159 1612 Nyklyni
1170 1527 1238 1606 filii,

102 1632 246 1698 volentes
272 1634 424 1697 virtutem
450 1633 626 1699 virtutibus
643 1641 676 1700 et
691 1633 881 1698 fidelitatem
899 1635 1111 1700 fidelitatibus
1128 1656 1239 1720 auper-

100 1741 221 1805 addere
246 1749 280 1806 et
304 1763 362 1824 pro
379 1744 481 1807 nostri
498 1744 635 1809 nominis
660 1745 856 1809 incremento
873 1744 1052 1826 expendere
1067 1765 1126 1810 sua
1142 1746 1238 1822 bona,

100 1871 173 1914 cum
200 1849 318 1914 eisdem
344 1851 519 1916 baronibus
545 1851 665 1916 nostris
691 1874 730 1916 ex
755 1873 813 1916 sua
838 1852 970 1934 propria
992 1852 1147 1917 facultate
1171 1852 1237 1916 illic

100 1957 243 2022 letanter
268 1965 472 2023 accesserunt
497 1966 529 2024 et
554 1965 663 2025 nostre
688 1959 880 2024 excellencie
905 1981 968 2024 non
1000 1961 1140 2024 modicos
1173 1962 1237 2024 imo

101 2065 241 2130 multum
258 2065 353 2131 laude
367 2066 480 2148 dignos
498 2067 713 2133 exhibuerunt
728 2067 914 2132 famulatus.
932 2067 996 2133 Sed
1012 2069 1089 2150 quia
1105 2069 1236 2133 ardores

101 2172 295 2240 fidelitatem
311 2176 529 2256 predictorum
549 2182 759 2259 utrorumque
775 2177 1005 2258 magistrorum
1022 2175 1165 2260 Nyklyni
1182 2198 1236 2241 no-

100 2289 168 2346 stre
193 2284 356 2347 maiestati
382 2285 669 2366 impendendarum
693 2285 837 2350 cordium
864 2305 974 2348 eorum
999 2285 1173 2349 secretario
1189 2285 1236 2348 in-

100 2391 213 2472 signiti
230 2413 341 2455 eorum
358 2393 490 2474 propria
506 2394 639 2474 negocia
655 2398 821 2475 tamquam
842 2413 904 2455 non
930 2414 989 2456 sua
1013 2392 1237 2475 postponendo

100 2508 341 2583 postergarunt,
358 2508 394 2566 ut
411 2502 500 2566 nohis
518 2507 664 2585 protecto
680 2502 773 2566 modo
790 2507 961 2584 patescunt
977 2503 1149 2578 evidenter,
1165 2499 1237 2564 ideo

100 2608 312 2690 quamplures
330 2629 439 2674 eorum
456 2610 632 2675 adversarii
660 2616 692 2674 et
717 2609 813 2674 emuli
838 2609 972 2673 diversis
988 2609 1094 2672 litium
1111 2629 1236 2696 proces·

99 2717 192 2779 sibus
209 2717 243 2780 in
260 2717 476 2799 predictorum
492 2719 591 2782 trium
608 2717 813 2782 serviciorum
834 2717 1017 2783 eorumdem
1036 2716 1236 2792 intermedio,

99 2825 301 2890 diversorum
319 2825 508 2890 iudiciorum
525 2824 764 2908 gravaminibus
791 2829 823 2888 et
848 2825 998 2890 oneribus
1018 2825 1104 2907 ipsos
1120 2845 1235 2906 aggra-

98 2939 229 3010 varunt,
255 2939 288 2996 et
312 2953 422 2997 eorum
440 2934 647 3016 quamplures
664 2933 879 3015 possessiones
905 2951 943 2995 ac
968 2930 1235 3014 possessionarias
1297 3007 1299 3012 Ι

99 3041 271 3120 porciones
287 3041 391 3106 minus
412 3043 503 3118 iuste,
528 3047 561 3106 et
576 3043 681 3106 verius
707 3047 744 3104 ut
768 3041 830 3123 ipsi
853 3040 965 3104 dicunt
990 3040 1030 3104 de
1055 3061 1164 3104 eorum
1181 3038 1235 3102 do·

98 3149 201 3212 minio
213 3149 299 3212 omni
316 3170 448 3231 prorsus
465 3151 595 3214 exclusa
610 3149 739 3213 iusticia
755 3148 897 3213 indebite
914 3154 1123 3230 occuparunt.
1140 3145 1236 3212 Unde

98 3277 173 3319 cum
185 3255 314 3320 eosdem
330 3257 504 3338 magistros
522 3255 707 3339 Nyklynum
718 3257 901 3334 Laurencii,
918 3263 949 3320 et
960 3255 1098 3320 alterum
1112 3253 1235 3338 Nykly·

97 3385 179 3426 num
209 3362 353 3448 Nyklyni
376 3363 459 3428 filios
483 3363 598 3428 talium
632 3365 854 3446 gravaminum
885 3362 1033 3428 oneribus
1058 3363 1092 3426 in
1117 3363 1236 3427 nostris

97 3471 243 3536 serviciis
260 3472 459 3556 temporibus
469 3471 663 3556 supradictis
681 3473 880 3548 constitutos
897 3470 938 3534 ab
955 3492 991 3536 eo
1007 3477 1159 3552 tempore,
1176 3472 1235 3535 sci-

97 3581 224 3644 licata
250 3579 331 3645 feria
362 3583 478 3663 quinta
508 3581 655 3664 proxima
687 3587 759 3662 post
790 3580 908 3643 festum
940 3579 1117 3643 nativitatis
1142 3579 1236 3644 beate

96 3687 245 3769 virginis,
270 3688 360 3751 cuius
385 3709 471 3751 nunc
495 3687 596 3751 tercia
622 3687 770 3750 adveniet
794 3686 953 3750 revolutio
980 3687 1139 3763 annualis,
1170 3707 1234 3768 quo

97 3797 207 3876 ipsam
233 3796 396 3860 dominam
420 3794 521 3858 filiam
547 3795 666 3860 domini
692 3794 843 3860 Lodoviei
869 3795 1073 3877 imperatoris
1089 3815 1235 3858 romano-

96 3925 185 3980 rum,
211 3903 340 3968 domino
367 3901 532 3986 Stephano
549 3903 622 3967 duci
648 3903 743 3966 fratri
766 3909 877 3967 nostro
893 3902 1058 3967 carissimo
1074 3901 1236 3966 duxerunt

98 4014 135 4076 in
154 4018 345 4090 consortem,
370 4013 403 4076 in
429 4012 545 4094 quibus
568 4034 669 4094 usque
696 4011 737 4075 ad
762 4011 821 4076 hec
837 4019 982 4094 tempora
999 4010 1104 4074 forent
1121 4031 1235 4092 aggra-

97 4121 178 4196 vati,
204 4121 375 4204 aggravari
401 4125 433 4183 et
459 4141 569 4184 eorum
594 4122 809 4202 possessiones
826 4119 977 4202 occupari
1003 4124 1036 4182 et
1059 4140 1116 4201 per
1142 4139 1234 4200 qnos-

95 4229 189 4312 piam
206 4234 380 4310 ooenpatas
397 4249 489 4310 posse
505 4228 642 4292 detineri
659 4229 814 4306 nolumus,
833 4227 890 4292 sed
907 4227 1033 4291 eosdem
1044 4227 1234 4308 aoipsorum

95 4337 320 4419 possessiones
338 4337 501 4400 universas
518 4335 604 4399 intra
624 4336 777 4400 terminos
802 4335 893 4418 regni
918 4335 1019 4398 nostri
1045 4335 1078 4397 in
1105 4334 1234 4416 quibus-

95 4445 182 4510 libet
206 4443 411 4509 comitatibus
437 4445 610 4510 existentes
636 4445 754 4509 eisdem
782 4445 913 4524 remitti,
944 4443 1080 4521 restitui,
1111 4449 1143 4506 et
1167 4443 1234 4506 sine

95 4551 212 4636 aliquo
239 4553 425 4635 gravamine
451 4553 608 4634 resignari
633 4553 777 4630 velimus,
808 4552 892 4616 sicut
917 4571 975 4634 per
999 4552 1084 4614 viam
1109 4551 1234 4615 iusticie

95 4683 214 4725 eornm
231 4662 395 4744 premissis
412 4661 583 4726 meritoriis
601 4663 742 4725 serviciis
768 4659 968 4742 exigentibus
985 4658 1025 4723 ad
1042 4659 1101 4722 hoc
1118 4659 1234 4722 astrin-

95 4791 225 4852 gamus,
251 4767 340 4832 vobis
365 4767 518 4850 palatino,
545 4767 640 4830 iudici
660 4768 746 4830 curie
768 4773 874 4829 nostro
892 4775 924 4832 et
941 4766 1013 4830 aliis
1035 4765 1235 4847 quibuslibet

150 4903 298 4938 1111111111
316 4890 486 4936 partiariis.
503 4903 529 4936 v.
546 4893 640 4934 altrivi.
1094 4897 1124 4940 37
