3188 5470
552 478 646 540 1349.
665 497 753 540 sarr.
771 481 822 541 28.
1185 482 1247 543 325

113 655 194 720 bene
219 663 253 721 et
277 656 512 720 conscienciose
542 705 573 720 ..
599 657 819 738 considerent3
843 659 870 722 si
895 663 1004 741 partes
1029 660 1120 724 iuxta
1135 680 1249 724 cursus

111 769 274 828 metarum
289 765 436 848 ipsarum
451 765 486 827 in
501 763 816 830 reambulacionibus
832 765 993 830 dictarum
1008 767 1247 848 possessionum

113 872 289 937 concordes
304 872 433 950 luerint,
450 879 528 938 tuuc
539 873 674 938 cuilibet
689 874 777 957 parti
787 895 881 938 suum
895 874 946 939 ius
961 873 1149 958 relinquant
1164 875 1248 958 paci·

111 979 170 1044 fice
182 981 355 1062 possidere,
366 982 392 1046 si
404 988 511 1046 autem
521 983 627 1064 ipsum
638 982 834 1048 Michaelem
851 1031 857 1046 .
876 1033 882 1046 .
899 982 1043 1064 aliquam
1053 983 1249 1066 particulam

112 1097 199 1155 terre
216 1114 275 1175 per
290 1093 451 1176 predictas
467 1099 571 1158 metas
587 1093 621 1156 in
637 1094 740 1158 literis
766 1093 862 1176 regiis
878 1092 1063 1177 patentibus
1080 1099 1248 1160 contentas

110 1198 201 1264 intra
215 1207 319 1265 metas
336 1202 473 1284 predicti
489 1201 766 1283 composicionarii
784 1201 1058 1292 privilegiivestri
1073 1222 1248 1286 occupasse

111 1307 312 1388 reperierint,
328 1307 378 1372 vel
395 1309 421 1372 si
438 1307 545 1372 eedem
563 1315 647 1374 mete
659 1307 743 1374 bono
753 1309 847 1374 modo
858 1315 890 1374 et
900 1314 1095 1392 apparenter
1111 1309 1248 1392 reperiri

111 1435 173 1476 non
192 1417 344 1498 poterint,
361 1416 452 1495 sique
468 1421 577 1499 portes
602 1417 636 1480 in
652 1416 761 1498 aliquo
778 1415 1040 1494 discordaverint,
1050 1417 1155 1498 ipsam
1171 1438 1244 1480 corr·

111 1523 289 1587 tenciosam
305 1529 392 1586 terre
402 1521 597 1606 particulam
614 1524 713 1606 signis
724 1545 783 1606 pro
793 1524 888 1588 metis
898 1523 1010 1607 positis
1027 1523 1247 1607 consignando

110 1630 158 1694 rel
175 1629 280 1712 regali
297 1631 478 1695 mensurari
494 1631 521 1694 si
537 1631 717 1696 mensurari
737 1633 858 1715 poterit
873 1631 1098 1710 mensurando,
1114 1633 1163 1696 vel
1180 1633 1245 1698 si..

111 1761 174 1802 uon
192 1747 303 1822 posset
317 1745 396 1803 tnnc
410 1739 480 1822 visu
505 1739 746 1816 considerando,
771 1761 910 1805 unacum
935 1739 1008 1805 aliis
1031 1739 1143 1824 probis
1170 1740 1248 1808 viris

110 1847 242 1912 estimet
269 1897 299 1910 ..
325 1853 448 1930 etpost
467 1847 526 1912 hec
551 1849 667 1912 seriem
691 1849 845 1932 premisse
871 1847 1189 1914 ..reambulacionis
1216 1901 1246 1915 ..

112 1961 224 2038 partes
251 1957 293 2020 ad
318 1961 466 2021 octavum
487 1955 572 2021 diem
597 1957 758 2022 dictarum
783 1961 971 2022 octavarum
995 1955 1084 2022 beati
1111 1954 1246 2041 Georgii

109 2065 258 2129 martiris
268 2066 300 2127 in
311 2064 415 2128 literis
426 2065 540 2128 vestris
550 2071 722 2130 teneantur
732 2071 907 2148 reportare,
923 2065 1071 2149 partibus
1088 2066 1247 2148 siquidem

108 2172 246 2236 liberam
257 2172 468 2236 concessimus
479 2171 676 2236 reformandi
687 2172 883 2250 facultatem,
899 2171 1071 2236 dummodo
1083 2192 1140 2237 uos
1153 2173 1248 2238 iuxta

110 2281 331 2346 extensionem
348 2282 542 2363 gravaminis
559 2303 654 2346 cause
670 2284 813 2365 ipsarum
839 2281 879 2346 de
904 2281 1022 2346 iudicio
1038 2283 1127 2365 pacis
1144 2281 1247 2346 velint

111 2392 324 2473 complacare.
348 2389 472 2454 Datum
497 2390 601 2468 Bude,
626 2389 815 2454 duodecimo
840 2390 892 2455 die
917 2391 1046 2455 termini
1071 2391 1245 2473 prenotati,

113 2519 198 2562 anno
215 2498 337 2562 domini
355 2497 406 2561 Μο
432 2493 674 2562 (10010ΧῦΙῺΟ
690 2520 782 2563 nouo.
1223 2499 1225 2506 “

217 2663 350 2724 Paplron,
361 2661 488 2710 zarlsttn
501 2661 594 2724 peccet
604 2661 850 2725 maradvdnysival
862 2680 867 2727 ;
887 2661 1017 2726 eredetije
1027 2676 1043 2712 a
1052 2661 1086 2711 N.
1100 2663 1246 2712 Muzeum·

108 2754 171 2818 bau,
184 2768 201 2800 s
215 2752 352 2814 Metriassy
366 2767 401 2800 cs.
415 2750 553 2800 ltdrabau.

598 2895 750 2902 ...ἡ

641 3041 713 3102 185.

112 3187 205 3247 1349.
224 3185 416 3269 Ecaterpom,
433 3191 507 3268 sept.
525 3185 577 3246 28.
595 3181 797 3247 Hildebraad
810 3183 937 3268 paciaci
951 3185 1075 3268 pitspb'lc
1091 3185 1122 3246 a
1138 3190 1242 3263 trirso,

111 3291 219 3356 (lucido
239 3297 333 3378 pcipe
348 3292 483 3355 aurrcius
500 3293 616 3354 rarae
634 3289 763 3356 Csaadd
777 3292 956 3376 esztcrpomi
968 3290 1137 3376 pdapdlctb'l
1150 3292 1243 3378 aepp-

97 3400 105 3410 '
318 3405 387 3464 scria
403 3401 563 3486 tizeaacpp
579 3421 683 3484 orsay
706 3396 839 3482 feriator
847 3395 1039 3482 fh'lvcszaclc.

215 3561 377 3630 Noveriut
393 3563 533 3627 universi
550 3566 715 3645 presentes
732 3561 844 3626 literas
860 3561 1050 3643 inspecturi,
1076 3561 1162 3644 quod
1186 3583 1245 3628 uos

107 3672 361 3738 Ildebrandinus
402 3672 569 3754 episcopus
613 3667 737 3732 Paulus
777 3675 810 3732 et
849 3667 1032 3732 Lodovicus
1073 3668 1246 3734 canonicus

106 3781 346 3857 Laudunensis,
376 3782 600 3862 procuratores
625 3778 659 3839 iu
685 3774 824 3840 solidum
848 3774 1110 3840 reverendissimi
1141 3778 1245 3858 patris

107 3889 229 3954 domini
256 3884 426 3963 (luidonis
460 3885 547 3949 tituli
573 3890 682 3948 sancte
707 3882 827 3950 Oecilie
861 3881 1035 3964 presbiteri
1060 3882 1243 3961 cardinalis,

106 3996 285 4080 apostolice
316 3995 401 4060 sedis
426 3992 527 4074 legati
553 3996 586 4054 et
612 3989 732 4054 domini
763 3989 875 4070 nostri,
900 3989 1080 4072 recepimus
1110 4010 1131 4053 a
1156 4010 1246 4056 reve-

106 4106 207 4172 rando
238 4109 333 4187 patre
365 4101 493 4166 domino
534 4097 727 4164 Obanadino
761 4099 1001 4181 archiepiscopo
1028 4096 1244 4182 strigoniensi

107 4216 207 4280 dante
224 4211 366 4276 solvente
383 4215 417 4274 et
432 4215 621 4273 numerante
638 4208 672 4271 in
689 4205 951 4270 extenuacionem
975 4205 1106 4272 maioris
1122 4228 1245 4272 summe

106 4323 217 4387 debite
242 4320 370 4405 prefato
395 4317 523 4382 domino
548 4316 656 4401 legato
681 4337 740 4399 pro
764 4313 1047 4398 procuracionibus
1067 4314 1171 4380 eidem
1190 4315 1243 4380 de-

105 4429 183 4494 bitis
199 4449 258 4510 per
275 4427 397 4492 clerum
414 4429 575 4489 exemtum
591 4431 624 4488 et
638 4445 703 4488 non
719 4429 880 4488 exemtnm
896 4421 1028 4488 ecclesie
1055 4423 1193 4488 civitatis
1212 4429 1245 4488 et

106 4538 262 4602 dioecesis
280 4535 519 4616 strigoniensis,
535 4531 673 4597 florenos
686 4532 756 4597 auri
769 4531 1022 4614 quadringentos
1039 4537 1071 4594 et
1089 4537 1244 4615 quatuor·

106 4647 220 4726 decim,
237 4647 278 4710 de
295 4645 412 4730 quibus
433 4644 594 4730 prefatum
621 4644 784 4708 (lominum
810 4641 1086 4728 archiepiscopum
1112 4622 1244 4705 nomide
