3180 5470
314 533 381 594 448
664 549 850 596 nurcuxonr
868 535 1082 593 ouuluvrla.

315 714 594 794 competentem..
617 710 748 774 tandem
775 711 844 792 ipse
864 709 1098 774 Demetrius..
1124 709 1218 774 bomo
1244 707 1354 792 regius
1371 729 1454 772 una·

315 839 387 882 oum
404 817 588 882 testimonio
604 818 683 881 dicti
700 817 834 900 capituli
851 817 982 882 ecclesie
999 816 1179 900 Agriensis
1203 817 1284 882 feria
1300 817 1403 882 tercia
1420 867 1427 878 .
1447 867 1454 878 .

316 933 390 992 onte
406 925 522 990 festum
539 925 782 990 Purificacionis
799 977 806 992 .
823 978 829 989 .
854 925 1114 990 accessissentud
1131 926 1364 1008 possessionem
1374 925 1455 990 Ma-

315 1033 369 1100 lab
382 1081 406 1098 ..
422 1034 478 1098 ubi
494 1035 556 1116 ipsi
571 1037 749 1098 memorata
759 1034 975 1099 iustrumenta
984 1033 1127 1098 literalis
1138 1055 1194 1116 per
1205 1033 1331 1098 eosdem
1349 1031 1456 1099 Geor·

315 1141 403 1225 gium
429 1148 461 1206 et
486 1143 673 1208 Paulum..
692 1141 787 1206 dictis
812 1141 948 1206 Nicolao
973 1146 1006 1205 et
1031 1139 1173 1224 Georgio
1189 1191 1220 1205 ..
1246 1141 1374 1205 restitui
1394 1140 1453 1204 de·

314 1249 389 1315 bore
412 1251 646 1334 petivissent..
671 1256 703 1314 et
728 1250 805 1333 quia
830 1249 1048 1332 preallegatus
1074 1249 1198 1314 Paulus
1229 1269 1288 1313 sua
1313 1254 1346 1312 et
1372 1248 1453 1313 dicti

314 1359 426 1422 fratris
444 1359 491 1424 sui
509 1359 542 1422 in
558 1379 694 1440 persona
712 1358 783 1440 ipsa
808 1357 949 1422 litoralia
974 1358 1188 1422 instrumenta
1207 1379 1271 1420 non
1287 1356 1453 1420 restituis-

232 1499 235 1505 ·
314 1473 371 1548 set,
388 1489 446 1534 nec
464 1467 575 1532 eadem
591 1467 677 1549 apud
694 1467 779 1549 ipsos
805 1465 924 1530 babere
950 1466 1149 1542 asseruisset,
1165 1465 1266 1530 obboc
1282 1466 1345 1548 ipsi
1362 1487 1452 1551 sepe·

314 1577 416 1642 dictos
432 1576 515 1641 filios
531 1577 608 1642 Isalr
626 1583 739 1641 contra
764 1577 940 1659 prelibatus
966 1575 1049 1640 filios
1073 1575 1234 1642 Jobcnnis
1255 1577 1297 1640 ad
1326 1579 1451 1658 regiam

314 1688 514 1768 presenciam
531 1686 725 1768 citavissent,
749 1691 931 1768 presentem
957 1685 1042 1750 diem
1068 1685 1164 1750 medii
1190 1682 1451 1768 Quadragesime

314 1793 433 1860 eisdem
460 1816 518 1878 prc
544 1796 729 1861 termino..
755 1794 960 1879 comparendi
977 1795 1181 1878 assignando.
1212 1794 1332 1861 Adbuc
1352 1794 1453 1860 iidem

313 1901 469 1969 Nicolaus
487 1953 516 1970 ..
541 1925 579 1968 ao
605 1903 812 1986 Georgius..
837 1904 994 1987 quasdam
1014 1904 1126 1969 literas
1154 1904 1289 1987 capituli
1315 1903 1451 1969 ecclesie

315 2009 488 2094 Agriensis
505 2017 654 2094 patenter
670 2013 703 2076 in
720 2013 839 2076 oetavis
857 2012 930 2076 festi
947 2010 1101 2078 Omnium
1117 2011 1312 2080 Sanctorum
1323 2012 1356 2074 in
1367 2027 1453 2077 anno

313 2117 434 2183 domiui
450 2117 525 2182 M¹¹¹⁰
541 2117 768 2186 GGG⁰¹⁰XL¹¹¹⁰
786 2125 875 2184 sexto
886 2121 1046 2184 confectas
1066 2120 1157 2184 nobis
1172 2120 1450 2187 demonstrarunt.

314 2249 371 2292 nos
397 2226 604 2292 informantes
629 2248 666 2292 eo
692 2228 794 2309 modo.
827 2227 911 2311 quod
938 2227 1093 2293 Nicolaus
1119 2228 1222 2294 dictus
1246 2229 1393 2312 (lbyuige
1419 2234 1453 2291 et

314 2333 476 2418 Georgius
492 2334 550 2400 filii
566 2335 728 2400 lobannis
745 2335 785 2400 de
801 2335 917 2400 Malab
934 2356 972 2400 ex
986 2357 1059 2414 una,
1078 2342 1111 2400 et
1127 2333 1289 2419 Georgius
1306 2357 1345 2402 ac
1360 2337 1451 2401 Pau-

313 2443 363 2509 lus
377 2443 435 2508 tilii
451 2443 528 2508 Isak
545 2444 584 2508 de
600 2444 713 2508 eedem
730 2443 844 2508 Malab
855 2465 913 2527 pro
923 2466 956 2509 se
967 2451 999 2509 et
1010 2445 1170 2526 Gregorio
1187 2445 1288 2510 fratre
1306 2446 1450 2527 ipsorum

314 2553 448 2630 uterino,
458 2558 535 2617 tunc
545 2553 703 2616 heremita
713 2552 833 2617 ordinis
850 2554 952 2617 sancti
963 2553 1059 2618 Pauli
1076 2553 1169 2636 primi
1181 2553 1346 2630 heremite,
1358 2553 1451 2618 cuius

314 2661 480 2742 negocium
498 2661 560 2744 ipsi
575 2660 609 2724 in
625 2681 723 2724 causa
739 2659 1013 2744 introspecificata
1037 2659 1077 2724 ad
1104 2681 1163 2725 sua
1178 2661 1301 2726 honera
1327 2681 1451 2726 assum·

314 2769 438 2847 sissent,
449 2774 541 2852 parte
558 2768 599 2834 ab
615 2769 719 2834 altera
736 2790 844 2834 coram
861 2770 930 2852 ipso
947 2767 1090 2852 capitulo
1105 2767 1258 2852 Agriensi
1275 2767 1451 2853 personali·

315 2882 365 2940 ter
381 2876 559 2954 constituti,
575 2876 731 2942 dixissent
748 2929 754 2941 .
772 2930 778 2942 .
802 2877 888 2960 quod
907 2879 966 2960 ipsi
984 2927 990 2940 .
1008 2929 1014 2942 .
1040 2899 1097 2960 per
1122 2877 1364 2942 ordinacionem
1383 2899 1451 2941 me-

314 2985 489 3066 gistrorum
505 2983 635 3050 Nicolai
651 2985 729 3049 dicti
746 2985 827 3049 Kun
841 2984 898 3050 filii
924 2983 1101 3060 Benedicti,
1118 2983 1277 3068 Stephani
1296 2991 1331 3050 et
1347 2981 1450 3050 Geor·

314 3091 357 3173 gii
388 3091 527 3157 filiorum
558 3093 722 3158 Dominici
753 3093 829 3156 dicti
862 3091 977 3156 Bubek
1011 3113 1050 3157 ac
1074 3089 1225 3174 Gregorii
1259 3089 1363 3158 Siculi
1394 3091 1450 3155 tilii

314 3199 462 3278 Fabiani,
479 3198 610 3264 taliter.
628 3247 634 3262 .
651 3202 736 3265 inter
756 3221 789 3266 se
806 3199 1053 3265 concordassent
1070 3249 1099 3264 ..
1125 3200 1212 3284 quod
1229 3199 1447 3284 prenominati

314 3305 470 3371 Nicolaus
487 3312 519 3372 et
535 3305 696 3389 Georgius
713 3356 720 3368 .
738 3358 744 3370 .
769 3306 873 3371 bouus
890 3311 923 3370 et
947 3327 1120 3389 gravamen
1146 3307 1310 3372 sentencie
1327 3307 1450 3389 capite·

312 3412 353 3477 lis
369 3413 402 3477 in
418 3413 503 3498 quod
514 3413 651 3498 predicti
663 3411 824 3497 Georgius
834 3419 867 3478 et
883 3414 1006 3480 Paulus
1024 3466 1029 3478 .
1047 3465 1053 3480 .
1070 3413 1267 3493 incidissent,
1279 3414 1402 3480 eisdem
1421 3464 1448 3480 ..

313 3521 544 3588 relaxantes..
565 3522 699 3586 totalem
725 3523 908 3604 porcionem
934 3523 1077 3605 ipsorum
1103 3524 1394 3606 possessionariam
1419 3524 1450 3586 iu

312 3634 462 3711 protecta
478 3630 678 3712 possessione
703 3627 819 3694 Malab
849 3628 1003 3708 habitam,
1028 3651 1090 3712 que
1114 3631 1194 3695 iuris
1218 3630 1389 3712 derigere
1411 3628 1451 3692 ad

315 3758 429 3802 manus
460 3739 604 3821 ipsorum
630 3737 778 3802 devenire
803 3737 1005 3820 potuisset..
1031 3760 1102 3804 cum
1128 3738 1278 3802 omnibus
1295 3789 1327 3804 ..
1351 3739 1450 3821 perti-

281 3903 283 3908 ,
314 3845 436 3910 nenciis
452 3845 518 3910 suis
535 3897 565 3912 ..
589 3847 622 3910 iu
647 3847 697 3910 ius
723 3852 756 3910 et
779 3847 1011 3931 proprietatem
1037 3851 1286 3911 memoratorum
1312 3845 1451 3910 filiorum

313 3953 393 4019 Iselr
411 4007 417 4020 .
436 4006 441 4019 .
466 3957 702 4038 resignassent.
719 4007 725 4020 .
742 3957 775 4020 in
801 3955 884 4020 filios
908 3955 1049 4022 filiorum
1066 4007 1071 4020 .
1089 4004 1095 4018 .
1111 3962 1266 4040 perpetuo
1283 3954 1450 4038 possiden·

313 4061 387 4127 dam
404 4113 433 4130 ..
457 4085 474 4128 e
500 4085 651 4129 converso
667 4068 775 4130 antem
798 4065 981 4150 predicti..
1007 4063 1065 4129 filii
1090 4064 1169 4130 Isalr
1193 4065 1361 4130 universas
1380 4083 1450 4147 por·

313 4171 419 4234 ciones
443 4171 711 4254 possessionarias
737 4173 771 4236 in
802 4172 898 4236 terris
927 4193 982 4236 seu
1008 4171 1263 4254 possessionibus
1289 4172 1450 4254 Haripau,

312 4277 414 4359 Kena,
424 4277 556 4344 Rekohe
570 4279 635 4344 alio
651 4281 779 4344 nomine
790 4279 943 4345 Kuecbes
953 4285 985 4344 et
996 4279 1130 4364 Appaty
1140 4280 1205 4344 alio
1215 4280 1346 4345 nomine
1356 4281 1451 4345 Zuha

313 4386 440 4464 vocatis,
450 4387 484 4450 in
494 4386 579 4451 dicto
596 4387 749 4452 comitatu
760 4386 971 4453 Gumuriensi
987 4387 1198 4454 existentibus
1212 4388 1355 4468 habites,
1365 4391 1451 4471 ipsos

312 4493 396 4558 solos
417 4495 647 4578 contingentes,
664 4516 726 4577 qne
743 4496 939 4579 usquemodo
965 4495 1051 4580 apud
1077 4517 1191 4562 monus
1206 4498 1450 4580 prenominato-

313 4622 383 4665 rum
400 4599 540 4666 filiorum
558 4603 583 4666 J
584 4603 719 4668 ohannis
730 4604 769 4668 de
779 4605 894 4669 Malab
910 4604 1020 4670 habite
1032 4611 1138 4670 essent
1154 4653 1161 4670 .
1178 4657 1184 4670 .
1205 4604 1452 4671 dimisissent..

314 4707 408 4774 dietis
426 4761 431 4774 .
449 4761 455 4774 .
479 4709 553 4774 filiis
564 4710 589 4776 J
590 4711 725 4776 ohannis
736 4733 773 4777 ac
783 4713 926 4796 ipsorum
942 4713 1114 4780 heredibus
1131 4764 1136 4776 .
1153 4763 1161 4780 .
1185 4715 1452 4798 perennaliter..
