3180 5470
563 433 656 495 1851.
675 450 745 507 aaa.
759 435 808 495 18.
1179 436 1243 498 459

117 612 229 678 iudicis
246 614 333 679 curie
349 617 466 691 nostre,
483 612 568 696 quod
585 611 847 678 instrumentales
867 613 1090 692 exhibiciones,
1118 635 1180 697 que
1196 637 1255 699 per

117 743 170 787 vos
186 721 227 786 ab
254 741 325 800 una,
341 727 373 786 et
388 720 494 806 ipsum
510 742 548 785 ac
563 720 657 785 Zonh
674 726 827 804 patruum
844 743 937 786 suum
964 727 1057 806 parte
1082 722 1124 787 ab
1149 723 1255 789 altera

118 830 251 897 infacto
267 830 450 896 medietatis
466 829 674 914 possessionis
688 828 846 915 chhyne
862 835 984 908 vocate,
1001 831 1092 896 iuxta
1107 838 1255 898 nostrum

118 939 320 1005 iudiciarium
344 944 540 1024 preceptum,
565 939 598 1004 in
624 937 727 1004 nostri
751 945 784 1004 et
809 939 1007 1020 prelatorum
1033 961 1071 1004 ac
1096 939 1254 1006 baronum

117 1051 208 1133 regni
233 1051 337 1114 nostri
363 1048 537 1131 presencia,
552 1047 705 1131 vigesimo
731 1055 822 1112 sexto
848 1047 899 1111 die
924 1047 995 1112 festi
1021 1048 1252 1114 Penthecostes

119 1161 184 1223 sine
201 1157 435 1223 crastinacione
453 1179 537 1221 nuno
556 1158 699 1240 proxime
725 1158 881 1239 preterito
897 1155 967 1220 fieri
994 1157 1188 1239 debuissent,
1213 1159 1253 1223 ob

118 1273 304 1349 preceptum
321 1266 432 1348 regine
449 1266 614 1348 genitricis
632 1271 738 1330 nostre
756 1315 784 1330 ..
810 1264 1027 1331 mediantibus
1045 1267 1148 1333 literis
1159 1269 1253 1332 comi·

120 1376 159 1439 tis
176 1373 300 1439 Thome
316 1375 430 1440 iudicis
447 1373 534 1439 curie
551 1379 669 1453 nostre,
682 1374 723 1439 ad
740 1374 918 1458 quindenas
935 1377 1126 1442 reversionis
1143 1383 1252 1442 nostre

118 1483 156 1547 de
172 1483 320 1566 partibus
345 1483 569 1548 transmarinis
593 1485 627 1548 in
643 1483 781 1558 Budam,
806 1484 910 1549 locum
939 1485 1115 1550 mansionis
1143 1493 1251 1549 nostre

118 1591 221 1656 fiendo
239 1597 414 1674 prorogata
430 1591 598 1668 extitisset,
609 1591 650 1656 ad
661 1612 742 1674 quas
758 1592 860 1656 eciam
871 1591 1048 1673 quindenas
1065 1593 1255 1658 reversionis

119 1707 235 1778 nostre,
266 1721 321 1764 ros
337 1701 370 1764 in
396 1699 613 1784 predictorum
639 1699 765 1766 comitis
790 1700 913 1765 Thome
940 1722 978 1766 ac
1002 1701 1199 1784 prelatorum
1224 1709 1256 1766 ot

91 1808 275 1872 ‘baronum
300 1807 391 1890 regni
416 1807 518 1872 nostri
542 1808 719 1892 presencia,
736 1809 825 1873 iuxta
850 1809 1041 1891 premissum
1062 1815 1250 1892 preceptum

118 1922 263 1978 nostrum
279 1915 496 1980 instrumenta
511 1913 685 1980 exhibituri
701 1917 808 1981 venire
829 1938 893 1981 non
918 1918 1099 1996 curassetis,
1120 1917 1176 1982 sed
1193 1939 1249 1983 vos

117 2023 148 2086 in
165 2022 285 2088 iudicio
301 2023 472 2105 aggravari
489 2025 724 2106 permisissetis,
741 2025 835 2090 ideo.
853 2076 859 2090 .
885 2025 1080 2108 precipimus
1096 2047 1154 2109 per
1178 2048 1249 2110 pre-

121 2135 235 2207 sentes,
252 2137 411 2211 quatenus
427 2132 577 2196 universa
602 2133 817 2198 instrumenta
842 2139 949 2198 vestra
973 2153 1069 2216 super
1085 2133 1170 2198 facto
1186 2156 1251 2198 me·

119 2239 250 2303 dietatis
267 2237 409 2320 predicte
426 2241 634 2321 possessionis
645 2239 805 2325 chhyne
824 2247 932 2306 vocate
949 2241 1173 2325 quoquomodo
1185 2263 1257 2306 con-

120 2347 211 2416 fecta,
228 2346 262 2410 iu
279 2347 398 2410 octavis
414 2345 487 2411 festi
504 2347 589 2412 beati
607 2343 740 2431 Georgii
757 2349 898 2412 martiris
916 2371 1000 2413 nuno
1019 2349 1163 2433 proxime
1182 2371 1256 2414 ren·

120 2458 210 2536 turis,
228 2455 314 2520 omui
326 2457 490 2521 occasione
501 2455 709 2540 proculmota,
721 2457 870 2522 exhibere
887 2457 1038 2536 debeatis,
1055 2460 1254 2524 committen-

121 2547 170 2630 tes
187 2564 299 2641 eoiam,
314 2569 351 2627 ut
367 2562 451 2627 idem
468 2563 492 2628 J
494 2563 612 2638 acobus
627 2563 776 2629 literatus
801 2565 949 2630 similiter
968 2567 1116 2631 universa
1136 2589 1195 2632 sua
1211 2569 1257 2632 in-

120 2677 302 2737 strumenta
317 2691 414 2754 super
430 2670 515 2736 iacto
531 2671 715 2736 medietatis
740 2672 840 2755 ipsius
866 2673 1076 2754 possessionis
1093 2674 1255 2758 chhyne
1325 2662 1327 2666 ’

120 2780 275 2858 confecta,
292 2780 324 2844 in
341 2779 460 2843 eisdem
477 2781 597 2844 octaris
613 2779 700 2845 beati
718 2778 851 2863 Georgii
869 2782 1020 2860 martiris,
1031 2783 1133 2847 nostri
1150 2783 1255 2865 prela·

120 2900 292 2971 torumque
310 2895 342 2952 et
357 2888 515 2952 baronum
542 2889 632 2970 regni
658 2891 759 2953 nostri
785 2890 817 2953 in
844 2877 1015 2974 presencia¹
1030 2890 1181 2957 exhibere
1207 2898 1255 2956 te-

120 3005 256 3079 neatur,
282 2997 428 3062 volumus
445 2995 546 3061 eciam
562 3002 599 3060 ut
614 3005 778 3080 presentes
795 2998 896 3080 litere,
923 2997 1025 3064 eidem
1042 2999 1067 3063 J
1068 2998 1167 3063 acobo
1183 2999 1255 3064 lite-

120 3117 193 3174 rato
229 3107 278 3171 vel
312 3105 435 3170 homini
467 3127 525 3170 suo
553 3105 725 3170 exhibitori
757 3109 959 3188 presencium
989 3110 1255 3176 restituantur..

120 3217 245 3281 Datum
262 3213 363 3292 Bude,
380 3213 459 3278 feria
487 3213 601 3294 quinta
627 3214 774 3296 proxima
799 3221 872 3297 post
891 3215 1083 3279 dominicam
1114 3216 1257 3281 Remini-

121 3344 218 3402 secre,
236 3343 320 3386 anno
337 3322 455 3386 domini
471 3320 546 3385 Μῐῃο
563 3319 683 3389 0001110
700 3322 766 3386 L¹¹¹⁰
782 3323 894 3406 primo.
911 3320 975 3406 Qui
992 3324 1121 3406 quidem
1138 3325 1258 3390 eisdem

120 3433 224 3496 literis
240 3429 354 3494 restris
371 3436 553 3493 reverenter
569 3430 718 3513 receptis,
735 3437 767 3495 et
781 3430 945 3495 tenoribus
962 3453 1073 3496 earum
1090 3435 1257 3516 perceptis,

121 3537 372 3622 respondissent,
388 3537 475 3620 quod
490 3543 557 3602 tam
573 3539 787 3604 iustrumenta
812 3540 954 3623 ipsorum
979 3559 1075 3622 super
1092 3540 1177 3606 facto
1194 3562 1257 3606 me-

120 3649 254 3714 dietatis
270 3647 356 3712 diote
373 3646 581 3730 possessionis
597 3647 758 3730 Wlohyne
775 3647 928 3726 coniecta,
945 3670 1042 3730 quam
1059 3668 1172 3714 causas
1183 3670 1258 3712 suas

120 3759 288 3823 universas
305 3754 469 3819 dedissent
497 3759 531 3818 et
555 3755 790 3820 commisissent
813 3755 978 3838 magistris
1000 3756 1100 3820 Petro
1116 3755 1182 3819 filio
1199 3755 1257 3819 Jo

119 3864 238 3930 hannis
265 3868 297 3926 et
321 3860 458 3926 Nicolao
489 3860 555 3926 filio
581 3861 706 3926 Detriei
733 3861 989 3927 vieeoastellanis
1015 3861 1054 3926 de
1077 3861 1208 3945 Soepus,
1225 3869 1258 3926 et

122 3969 283 4056 quidquid
300 3969 444 4033 facerent
459 3967 557 4034 iidem
573 3968 741 4034 castellani
766 3970 800 4033 in
825 3970 999 4054 premissis
1015 3969 1076 4052 ipsi
1094 3969 1199 4033 forent
1223 3969 1257 4033 iu

120 4103 159 4148 eo
176 4079 328 4146 contenti.
345 4079 470 4144 Datum
486 4079 519 4144 in
535 4081 677 4144 crastino
693 4080 767 4144 festi
783 4079 909 4144 Pascha
927 4077 1058 4156 domini,
1075 4098 1159 4142 anno
1176 4077 1257 4144 eius-

120 4191 194 4256 dem
212 4193 392 4272 prenotato.

232 4370 360 4436 Papiron,
374 4368 499 4419 sarlaten
513 4369 604 4432 pecset
618 4367 792 4434 nyouiaiva13
812 4367 943 4433 eredetije
956 4384 973 4418 a
985 4369 1019 4418 N.
1032 4370 1228 4433 Muzeuinban,
1242 4385 1259 4419 a

117 4461 258 4523 nausias
270 4475 306 4510 cs.
319 4459 564 4523 leretemenyeben.
576 4459 719 4526 Ugyanott
729 4475 846 4526 megvan
859 4459 961 4510 Miklds
974 4459 1119 4510 nidornak
1131 4475 1148 4509 a
1160 4461 1258 4523 Szepes

118 4553 270 4616 varmegye
280 4549 399 4600 reszerdl
411 4550 497 4602 »feria
510 4549 630 4600 secunda
640 4550 765 4613 proxima
774 4556 837 4614 poet
849 4549 1002 4613 quindenas
1009 4549 1172 4600 Nativitatis
1183 4550 1259 4600 beati

118 4641 436 4708 consummassem
449 4640 580 4692 suburbio
593 4640 676 4694 castri
687 4640 887 4704 Seepusiensis«
906 4637 1165 4705 tartottkdzgydles
1174 4638 1260 4698 hatod
