3138 5462
342 461 406 548 154
693 479 878 524 nruonsom
895 466 1108 524 0111111111.

340 637 450 724 minis)
477 641 544 704 sinc
569 641 686 706 herede
717 642 901 706 decedentis
932 642 1166 706 Beseneutelek
1198 651 1352 720 ruentem,
1375 644 1452 709 iuxta

340 750 571 834 possessionem
596 750 738 816 eiusdem
764 751 943 816 Bachanad
976 757 1122 816 uocatam
1155 750 1304 818 similiter
1329 770 1453 834 pernes

342 857 502 938 collatam,
526 861 559 923 in
585 860 739 926 comitatu
765 861 803 925 de
830 861 1049 946 Heueswyrar
1080 861 1290 936 existentem,
1313 880 1334 922 a
1357 867 1454 924 nostra
1524 911 1525 916 1

342 967 510 1030 maiestate
526 965 586 1030 sibi
604 967 674 1032 dari
691 975 847 1052 perpetuo
865 975 897 1033 01
913 967 1051 1033 conferri
1076 967 1259 1051 postularit
1285 967 1353 1032 Nos
1368 969 1454 1050 igitur

342 1073 553 1139 consideratis
569 1072 777 1140 fidelitatibus
795 1082 827 1140 et
842 1074 986 1140 fidelium
1002 1077 1207 1142 seruiciorum
1229 1077 1352 1142 meritis
1367 1075 1455 1142 multo

344 1181 439 1246 laude
456 1183 562 1266 dignis
579 1183 721 1248 eiusdem
746 1184 893 1267 magistri
911 1181 1077 1267 Stephani,
1103 1205 1166 1266 que
1191 1185 1281 1268 prius
1298 1233 1305 1246 .
1323 1232 1330 1246 .
1346 1182 1456 1248 Koroio

343 1290 412 1372 rogi
429 1291 567 1373 genitori
583 1299 693 1357 nostro
710 1345 715 1358 .
733 1343 740 1358 .
756 1300 788 1358 et
804 1301 1034 1378 consequenter
1049 1293 1140 1358 nobis
1160 1314 1231 1358 oum
1257 1313 1378 1358 smnme
1393 1291 1456 1356 fide·

343 1398 445 1464 litatis
461 1401 576 1466 ardore
593 1407 626 1466 et
642 1402 869 1483 indesinenter,
886 1405 975 1486 prins
994 1402 1089 1468 lateri
1115 1403 1218 1486 ipsius
1243 1401 1363 1466 domiui
1386 1400 1457 1483 regis

345 1506 501 1588 genitoris
517 1511 618 1574 nostri
631 1515 669 1575 et
684 1511 813 1576 demum
838 1517 948 1576 nostro
974 1511 1092 1594 iugiter
1117 1509 1301 1574 adherendo
1327 1507 1458 1573 exhibuit

344 1621 377 1680 ot
392 1617 557 1702 impendit,
573 1618 706 1684 eandem
724 1625 845 1684 terram
860 1619 1094 1686 Beseneutelek
1110 1624 1265 1700 vocatam,
1281 1618 1316 1682 in
1328 1616 1458 1701 predicto

345 1725 499 1790 comitatu
515 1724 737 1812 Heuesuyuar
752 1730 950 1806 existentem,
967 1749 1040 1792 eum
1056 1727 1205 1792 omnibus
1221 1775 1227 1790 .
1243 1775 1250 1790 .
1267 1725 1459 1809 pertinenciis

345 1833 421 1910 suis,
445 1833 547 1898 eidem
563 1837 719 1920 magistro
745 1835 910 1920 Stephano
935 1842 967 1900 et
983 1857 1040 1920 per
1065 1855 1137 1900 eum
1163 1833 1229 1898 suis
1254 1832 1459 1898 heredibus..

349 1940 537 2007 donavimus
554 1991 578 2008 ..
595 1945 832 2028 inreperpetuo
848 1994 855 2008 .
872 1994 879 2008 .
896 1943 1123 2028 possidendam
1139 1992 1164 2008 ..
1180 1963 1219 2006 ex
1231 1941 1461 2016 certasoieneio,
1542 1967 1543 1970 ¹

263 2080 265 2085 .
347 2049 456 2114 eodem
467 2049 560 2114 modo
579 2057 675 2134 prout
685 2052 749 2116 iam
759 2051 881 2117 dudum
893 2053 1124 2134 possessionem
1133 2047 1312 2116 Beohannd
1322 2055 1461 2124 10011011,

346 2157 438 2221 iuxta
455 2177 551 2238 quam
568 2160 638 2242 ipsa
653 2166 742 2225 terra
755 2159 989 2226 Beseneutelek
1005 2159 1139 2237 exstitit,
1155 2157 1348 2224 contulimus
1364 2157 1461 2221 eidem.

348 2264 554 2350 Quapropter
570 2317 577 2332 .
594 2320 600 2334 .
617 2268 818 2352 mandamus,
834 2277 992 2354 quatenus
1004 2275 1145 2334 vestrum
1161 2267 1301 2333 mittatis
1316 2265 1462 2332 hominen
1546 2291 1547 2296 ¹

348 2397 406 2458 pro
422 2377 607 2442 testimonio
623 2425 630 2444 .
647 2427 653 2441 .
670 2399 779 2443 eoram
803 2399 867 2462 qno
893 2377 1026 2462 Fogaoh
1042 2377 1082 2442 de
1098 2375 1240 2460 Fogaoh,
1264 2375 1315 2438 101
1331 2373 1415 2439 Ιο101
1430 2371 1461 2434 de

348 2483 441 2565 Mise,
458 2491 516 2550 curt
531 2487 731 2552 Laurenoius
747 2487 832 2554 filius
843 2489 933 2554 Petri
945 2490 984 2553 de
994 2489 1098 2564 Mers,
1115 2488 1179 2552 sive
1200 2485 1367 2551 Johannes
1382 2479 1464 2546 rufus
1549 2561 1550 2564 Ἴ

349 2593 388 2656 de
406 2593 610 2672 Erdeuteleh,
636 2596 684 2660 101
701 2597 779 2680 ipsis
796 2597 984 2662 absentibus
1001 2595 1145 2662 Michael
1161 2595 1247 2659 filius
1262 2590 1417 2658 Demetrii
1431 2588 1463 2651 de
1550 2659 1551 2662 ¹

347 2698 481 2782 Agaroh
497 2701 590 2768 homo
606 2709 723 2782 noster,
747 2705 880 2770 accedat
896 2703 937 2770 ad
953 2705 1067 2769 taciem
1085 2703 1170 2769 dicte
1180 2709 1265 2767 terre
1281 2701 1464 2767 Beseneute-
1551 2751 1552 2754 ,

350 2806 402 2871 leh
419 2815 451 2872 et
466 2857 472 2872 .
491 2861 496 2872 .
515 2809 692 2877 reambulet
708 2809 865 2877 eundem.
882 2861 888 2876 .
905 2813 1055 2894 factaque
1081 2809 1338 2876 reambulacione
1354 2808 1466 2872 statuat

349 2936 419 2980 eam
437 2917 579 2998 predicto
595 2921 750 3004 magistro
767 2919 932 3004 Stephano
948 2927 1103 3004 perpetuo
1120 2917 1344 3002 possidendam
1370 2913 1464 2976 sinon

350 3025 447 3088 fuerit
473 3027 715 3107 contradictum,
739 3029 991 3094 contradictores
1016 3050 1090 3091 vero
1123 3027 1150 3091 si
1176 3025 1232 3108 qui
1250 3024 1376 3100 fuerint,
1398 3021 1467 3084 citet

351 3131 423 3195 illos
439 3139 551 3198 eontra
567 3134 701 3200 eundem
718 3138 908 3219 magistrum
926 3135 1125 3219 Stephanum
1143 3136 1176 3198 in
1191 3139 1338 3198 nostram
1352 3149 1467 3214 proseu-

352 3240 433 3304 einm
451 3240 491 3304 ad
509 3244 680 3308 terminum
697 3250 949 3328 competentem,
973 3250 1006 3309 et
1021 3249 1094 3327 post
1109 3244 1168 3307 hec
1193 3243 1310 3306 seriem
1334 3235 1467 3302 1011111111-

351 3347 507 3412 lanionis.
526 3401 531 3414 .
550 3371 621 3415 cum
639 3354 720 3416 serie
736 3353 924 3418 tociusfacti
936 3359 1044 3417 nostre
1061 3349 1221 3416 maiestati
1239 3401 1245 3413 .
1264 3401 1270 3412 .
1287 3345 1467 3412 rescribatis.

351 3457 475 3522 Datum
492 3458 592 3538 Bude,
610 3463 748 3527 secundo
768 3463 820 3526 die
836 3461 908 3528 sesti
926 3459 1079 3527 Omnium
1097 3459 1300 3537 Sanctorum,
1326 3473 1407 3518 anno
1421 3451 1467 3516 do·

353 3568 428 3630 nrini
446 3568 499 3632 M⁰
523 3568 621 3636 0000
648 3571 751 3634 XL¹¹¹⁰
768 3571 912 3652 septimo.
936 3567 1005 3634 Nos
1022 3569 1122 3650 igitur
1139 3615 1145 3629 .
1162 3615 1168 3630 .
1186 3586 1258 3629 oum
1285 3561 1409 3647 prefato
1427 3581 1468 3626 co·

351 3675 428 3739 mite
445 3676 576 3759 Fogach
593 3677 659 3740 tilio
680 3677 798 3740 dac-obi
824 3677 863 3740 de
887 3675 1020 3758 Fogaoh
1044 3674 1173 3738 homine
1198 3677 1313 3750 restro,
1337 3675 1468 3734 nostrum

351 3785 511 3849 hominem
529 3834 535 3848 .
553 3785 760 3850 ..iohannem
786 3785 985 3849 sacerdotem
1011 3781 1050 3846 de
1075 3783 1172 3845 choro
1198 3785 1308 3844 nostro
1333 3776 1469 3842 transmi-

352 3895 450 3958 simus
468 3943 474 3956 .
491 3943 497 3956 .
514 3895 569 3976 qui
596 3893 724 3976 quidem
750 3893 844 3957 homo
869 3897 975 3956 uester
991 3939 997 3953 .
1015 3942 1020 3953 .
1038 3889 1128 3954 nobis
1154 3886 1267 3954 retulit
1292 3887 1354 3950 isto
1378 3883 1469 3958 modo,

352 4002 436 4086 quod
453 4003 520 4086 ipse
538 4023 675 4066 truncum
693 4001 803 4064 eodem
821 4000 1003 4064 testimonio
1019 4003 1137 4074 nostro,
1155 3995 1236 4059 feria
1252 3993 1393 4059 secunda
1407 4013 1469 4075 pro·

351 4109 438 4174 xima
455 4115 527 4193 post
552 4110 669 4174 festum
695 4115 804 4174 sancte
830 4107 1016 4174 Katharine
1041 4103 1175 4188 virginis
1201 4101 1265 4166 iam
1291 4101 1468 4184 preteritum

351 4219 561 4284 accessissent
577 4217 618 4281 ad
634 4216 748 4281 faciem
765 4221 850 4280 terre
861 4212 1094 4280 Beseneutelek
1109 4213 1280 4296 prenotate
1297 4216 1330 4276 et
1345 4207 1469 4274 eandem

352 4327 463 4392 vicinis
480 4332 513 4391 et
529 4325 755 4392 commetaneis
773 4324 839 4389 suis
865 4323 1008 4406 legitime
1025 4319 1214 4401 convocatio,
1231 4339 1381 4402 persnas
1397 4316 1469 4382 anti·

353 4456 433 4516 quas
449 4439 552 4499 metas
568 4432 831 4508 reambulnssent,
855 4428 1155 4508 reambuletamque
1179 4447 1253 4490 oum
1268 4427 1329 4509 ipsi
1346 4423 1470 4490 eandem

352 4544 442 4608 iuxta
458 4541 665 4608 collacionem
681 4546 785 4604 vestre
811 4536 990 4603 maiestatis
1005 4556 1043 4600 ao
1059 4534 1219 4599 dictarum
1244 4531 1412 4598 literarum
1429 4552 1469 4594 ve·

353 4659 493 4720 strarum
509 4649 742 4716 continenciam
758 4647 980 4733 prenominato
1000 4643 1156 4728 magistro
1167 4640 1333 4726 Stephano
1349 4637 1471 4725 speciali
