3180 5466
370 526 435 586 530
715 541 902 587 aaronnoar
919 528 1134 586 onulnrrln.

368 705 448 768 iuris
474 704 585 784 nilque
611 703 820 786 proprietatis
846 709 904 766 aut
930 702 1062 767 dominii
1080 702 1185 766 dictus
1207 701 1370 784 Georgius
1387 700 1443 764 sibi
1465 702 1492 764 in

369 813 481 877 eadem
498 811 698 889 reservando,
716 811 771 876 sed
787 818 893 876 totum
910 812 959 876 ius
977 819 1010 876 et
1026 812 1257 895 proprietatem
1273 807 1416 873 eiusdem
1432 830 1492 890 pos-

372 923 523 986 sessionis
539 921 572 985 in
588 921 723 986 eundem
741 921 904 986 dominum
921 919 1043 984 banum
1062 926 1094 984 et
1110 941 1184 984 suos
1200 920 1335 985 heredes
1352 971 1358 984 .
1376 971 1382 984 .
1399 923 1492 982 trans·
1574 951 1575 982 1

369 1029 519 1110 ferend03
542 1051 654 1095 verum
670 1032 748 1114 quia
763 1029 866 1094 nostri
892 1029 990 1094 moris
1016 1029 1124 1094 existit
1144 1029 1177 1092 in
1193 1027 1378 1093 huiusmodi
1394 1027 1489 1090 vendi·

370 1137 515 1204 cionibus
531 1140 767 1222 possessionum
783 1145 888 1202 metas
904 1137 1049 1221 ipsarum
1059 1158 1117 1220 per
1127 1141 1254 1201 nostros
1270 1137 1415 1200 homines
1425 1135 1490 1200 fide

369 1247 483 1330 dignos
499 1246 703 1312 reambulare
730 1253 763 1310 et
788 1246 938 1326 limitare,
964 1245 1034 1310 ideo
1061 1267 1118 1310 nos
1135 1244 1176 1308 ad
1193 1250 1296 1309 metas
1317 1243 1417 1327 ipsius
1432 1265 1493 1326 pos-

371 1355 521 1420 sessionis
538 1356 707 1438 erigendas
724 1361 757 1419 et
773 1355 1022 1420 reambulandas
1039 1406 1045 1419 .
1064 1406 1070 1418 .
1096 1355 1287 1436 magistrum
1308 1351 1493 1418 Michaelen
1574 1333 1575 1336 Ἴ

371 1465 492 1528 socium
508 1471 542 1528 et
558 1465 806 1530 concanonicum
823 1469 968 1526 nostrum
985 1461 1231 1540 transmisimus,
1256 1463 1313 1544 qui
1330 1461 1453 1524 demum
1468 1509 1493 1521 ..

369 1571 490 1654 retulit,
509 1572 596 1655 quod
611 1573 679 1656 ipse
696 1572 876 1636 convocatis
893 1570 1006 1634 vicinis
1022 1575 1054 1634 et
1067 1567 1295 1634 commetaneis
1312 1568 1413 1651 ipsius
1431 1589 1493 1651 pos·

371 1680 521 1744 sessionis
541 1681 698 1746 universis
718 1687 751 1744 et
769 1679 981 1762 presentibus,
992 1684 1024 1742 et
1042 1678 1074 1740 in
1098 1677 1187 1742 nullo
1204 1675 1495 1742 contradicentibus.

373 1795 476 1854 metas
487 1788 572 1853 dicte
582 1788 790 1871 possessionis
802 1787 1194 1868 reambulasset,quarum
1204 1790 1366 1849 metarum
1377 1805 1494 1849 cursum
1574 1823 1575 1862 ,

371 1898 499 1962 demum
511 1898 620 1962 adnos
631 1897 835 1981 apportavit,
852 1917 914 1978 que
931 1895 1059 1977 quidem
1070 1901 1154 1958 mete
1170 1894 1231 1960 hoc
1246 1893 1359 1959 ordine
1374 1899 1495 1976 proten·
1574 1895 1575 1930 l

370 2007 511 2072 duntur:
535 2004 687 2070 videlicet
718 2005 823 2088 prima
855 2010 942 2070 meta
973 2003 1086 2086 incipit
1118 2024 1138 2066 s
1168 2010 1262 2084 parte
1293 1999 1441 2066 orientali
1465 2000 1493 2063 in

371 2115 477 2197 capite
506 2112 594 2178 fluvii
610 2111 840 2178 Morovchafeu
867 2113 980 2188 vocati,
1006 2111 1061 2175 ubi
1087 2117 1135 2177 est
1157 2109 1292 2191 quedam
1312 2109 1409 2174 arbor
1433 2129 1494 2190 ger-

372 2221 484 2306 tyanfa
500 2243 592 2286 cruce
609 2223 738 2303 signata
754 2226 841 2285 meta
857 2227 963 2285 terrea
989 2219 1189 2296 circumfusa,
1214 2220 1287 2284 inde
1303 2219 1439 2283 vertitur
1461 2217 1496 2280 ad

372 2331 535 2412 quandam
550 2331 634 2394 viam
661 2328 783 2394 dictam
800 2330 968 2396 Oolomani
985 2329 1080 2411 regis,
1106 2347 1169 2409 que
1194 2328 1286 2391 vadit
1311 2329 1396 2392 inter
1412 2326 1497 2390 villas

372 2437 397 2503 J
398 2437 592 2520 agnedowch
608 2443 641 2502 et
657 2437 829 2514 Rouische,
846 2443 879 2500 et
894 2459 952 2520 per
970 2437 1104 2502 eandem
1122 2436 1206 2500 viam
1222 2436 1424 2518 procedendo
1433 2455 1496 2518 per-

371 2547 458 2611 venit
474 2546 515 2610 ad
532 2546 696 2630 quandam
712 2567 863 2628 magnam
879 2546 963 2609 viam
980 2567 1042 2627 que
1058 2543 1202 2627 procedit
1218 2543 1257 2608 de
1277 2545 1357 2608 villa
1372 2543 1497 2608 Reuche
1574 2581 1575 2596 ,

372 2663 486 2721 vocata
501 2676 613 2720 versus
629 2654 871 2739 Kapronclram,
888 2653 1004 2718 deinde
1029 2675 1087 2738 per
1103 2653 1237 2718 eandem
1254 2653 1338 2718 viam
1354 2672 1498 2736 magnam
1574 2719 1575 2746 ἓ

373 2766 407 2830 in
422 2764 549 2829 modico
564 2763 674 2847 spacio
691 2763 831 2827 declinat
847 2762 889 2827 ad
904 2763 1052 2827 dextram
1068 2767 1194 2844 partem
1205 2761 1245 2824 ad
1262 2760 1393 2845 plagam
1405 2761 1498 2824 orien-
1574 2751 1575 2772 ¹

371 2871 471 2936 talem
488 2877 520 2935 et
535 2869 682 2956 pervenit
698 2870 740 2935 ad
757 2869 876 2934 dictam
902 2870 985 2932 viam
1011 2868 1179 2935 Oolomani
1205 2868 1299 2950 regis,
1315 2868 1399 2932 inter
1424 2886 1498 2947 quas

371 2980 439 3045 vias
464 2985 513 3044 est
537 2978 633 3044 arbor
656 2977 746 3042 bilsa
771 2999 865 3044 cruce
891 2979 1019 3060 signata
1049 2983 1135 3041 meta
1166 2983 1274 3041 terrea
1302 2973 1499 3048 circumfusa,

373 3087 490 3154 abinde
515 3108 573 3170 per
598 3086 731 3152 eandem
757 3087 842 3150 viam
868 3086 909 3150 ad
935 3090 1061 3168 partem
1087 3084 1276 3149 orientalem
1292 3083 1499 3168 procedendo.

373 3197 520 3279 pervenit
535 3195 577 3260 ad
592 3201 715 3260 terram
731 3195 822 3260 Petri
847 3193 905 3259 filii
930 3194 1068 3259 Martini
1095 3215 1193 3278 supra
1210 3193 1327 3257 vallem
1352 3192 1498 3274 Dragan-

372 3303 453 3386 welg
469 3309 626 3380 vocatam,
642 3303 697 3367 ubi
714 3303 858 3367 existunt
883 3302 1022 3385 quedam
1048 3301 1179 3366 arbores
1204 3302 1266 3366 due
1292 3300 1348 3364 bik
1364 3307 1395 3364 et
1411 3299 1500 3364 hasla
1574 3339 1575 3364 i

376 3433 470 3476 cruce
487 3413 613 3494 signate
632 3417 719 3476 meta
735 3417 842 3475 terrea
858 3411 1058 3489 circumfusa,
1070 3410 1184 3474 deinde
1200 3429 1259 3493 per
1275 3410 1410 3475 eandem
1420 3409 1498 3472 viam
1574 3479 1575 3492 ,

373 3521 574 3603 procedendo
590 3521 632 3585 ad
648 3527 774 3603 partem
789 3521 987 3600 orientalem,
1012 3519 1158 3602 pervenit
1174 3519 1215 3583 ad
1232 3518 1394 3600 quandam
1412 3519 1500 3583 riam.

374 3649 437 3711 que
454 3627 493 3692 de
508 3629 591 3692 valle
607 3628 825 3711 Draganwelg
841 3634 954 3694 vocata
969 3627 1233 3710 proceditversus
1243 3625 1500 3692 fluviumVelika

374 3741 407 3798 et
423 3736 569 3818 pervenit
584 3735 626 3800 ad
642 3743 767 3818 partem
785 3735 1029 3800 meridionalem
1045 3735 1086 3799 ad
1107 3735 1269 3818 quandam
1287 3735 1435 3799 semitam
1452 3731 1499 3796 nbi

374 3845 485 3908 existit
500 3843 598 3908 arbor
614 3841 702 3907 bilsa
718 3863 812 3908 cruce
829 3843 965 3925 signata,
981 3842 1036 3907 ubi
1053 3849 1129 3907 snnt
1146 3841 1357 3908 commetanei
1367 3841 1500 3906 Markus

374 3953 539 4018 Martinus
556 3959 588 4015 et
604 3951 772 4016 Dionisius
797 3951 856 4015 filii
872 3951 994 4028 Elleus,
1019 3951 1132 4015 deinde
1158 3951 1306 4034 procedit
1326 3951 1367 4014 ad
1384 3957 1499 4014 terram

373 4060 532 4125 dictorum
558 4058 696 4124 filiorum
721 4059 842 4124 Ellews
868 4059 910 4124 ad
935 4065 1060 4142 partem
1086 4059 1234 4123 dextram
1258 4081 1316 4141 per
1341 4059 1500 4142 quandam

374 4168 458 4232 viam
475 4168 645 4252 antiquam
661 4173 694 4232 et
709 4169 855 4250 pervenit
879 4169 920 4232 ad
946 4165 1106 4250 quendam
1132 4167 1344 4232 monticulum
1360 4169 1500 4233 Prodna·

375 4277 500 4359 goncha
516 4281 673 4353 vocatum,
699 4275 754 4339 ubi
782 4282 832 4340 est
857 4277 994 4359 quedam
1020 4275 1116 4340 arbor
1141 4275 1231 4339 bikfa
1257 4297 1352 4342 cruce
1378 4277 1502 4359 signata

374 4389 461 4447 meta
487 4388 595 4446 terrea
620 4383 822 4460 circumfusa,
854 4381 970 4448 abinde
995 4404 1053 4467 per
1079 4383 1214 4448 eandem
1236 4385 1321 4448 viam
1337 4385 1502 4466 antiquam

374 4491 520 4575 procedit
535 4512 645 4554 versus
662 4497 788 4574 partem
814 4491 1056 4556 meridionalem
1073 4492 1106 4554 in
1122 4492 1287 4556 vicinitate
1303 4498 1392 4556 terre
1407 4493 1503 4556 homi-

374 4620 451 4662 num
467 4599 679 4662 castrensium
697 4598 736 4662 de
752 4599 864 4664 eadem
880 4599 1015 4663 Reucha
1040 4605 1072 4663 et
1096 4599 1242 4682 pervenit
1261 4597 1302 4662 ad
1319 4599 1404 4664 viam
1421 4600 1504 4662 inter

376 4705 456 4770 duas
473 4707 581 4769 sinens
598 4707 797 4784 existentem,
813 4708 897 4772 inter
915 4729 996 4790 quas
1022 4713 1071 4770 est
1090 4707 1186 4770 arbor
1200 4706 1339 4771 harazth
1356 4729 1451 4772 cruce
1468 4707 1503 4768 si·
