3188 5470
343 464 407 525 316
697 479 883 526 asrounonr
899 463 1113 522 onulsrrls.

343 645 428 710 bano
443 641 493 707 vel
509 641 584 706 filiis
601 641 668 706 suis
693 641 797 725 ipsam
822 639 1056 724 possessionem
1081 659 1190 703 eorum
1216 637 1329 722 Lonya
1354 659 1375 703 a
1400 659 1481 720 pos·

343 752 484 818 sessione
509 749 716 816 Keehmezeu
741 770 799 831 per
823 747 958 814 metales
988 746 1216 814 distincciones
1246 767 1415 830 separasse
1445 795 1481 810 ..

343 859 487 926 unanimi
505 907 511 922 .
528 910 534 922 .
551 856 780 923 testificacione
796 855 1024 921 affirmarunt.
1040 903 1047 918 .
1064 853 1188 920 Datum
1215 859 1304 918 sexto
1320 852 1371 918 die
1388 853 1481 919 dicte

343 967 604 1052 congregacionis
613 972 732 1044 nostre,
742 965 776 1029 in
785 965 854 1030 loco
864 969 1045 1046 prenotato,
1056 983 1141 1027 anno
1150 961 1271 1028 domini
1286 962 1338 1028 M⁰
1353 962 1481 1030 000““0

343 1077 448 1143 XL¹¹¹⁰
465 1098 556 1141 nono.

450 1256 602 1320 Httlapjan
616 1271 633 1305 a
645 1255 732 1306 nidor
745 1255 919 1320 pecsetjenek
929 1270 941 1304 s
952 1254 1093 1304 korultae
1103 1256 1134 1304 ot
1144 1253 1252 1304 kissebb
1265 1254 1353 1319 gydrd
1366 1250 1477 1315 pacarit-

343 1350 396 1399 nek
409 1349 584 1413 nyomaiva13
604 1345 734 1412 eredetije
746 1363 779 1397 az
799 1361 867 1397 orez.
881 1349 913 1398 lt.
927 1347 1026 1396 kincst.
1040 1349 1108 1394 oszt.
1127 1345 1161 1394 N.
1175 1346 1209 1395 R.
1223 1344 1256 1394 A.
1272 1347 1331 1392 576.
1352 1346 1393 1393 37.
1406 1341 1479 1406 dipl.

344 1445 411 1490 oszt.
426 1444 504 1491 4069.
524 1439 624 1489 Kdzli:
645 1439 752 1490 Kovaes
769 1439 802 1488 N.

829 1600 989 1610 --—--

871 1801 943 1862 180.

346 1981 440 2044 1349.
467 2003 537 2066 aug.
555 1981 606 2044 22.
638 1979 782 2044 Erzedbct
807 1978 957 2065 bircilyae'
980 1976 1098 2063 Koady
1122 1983 1203 2050 ccvii
1228 1974 1363 2039 birtobot
1389 1973 1476 2037 Pilia

345 2087 515 2173 megydbco,
541 2111 578 2151 aa
603 2087 707 2153 altalo
732 2087 946 2174 rriegtclopitctt
977 2085 1138 2151 thrianta
1155 2082 1377 2150 bolostordaak
1403 2081 1477 2146 ado-

807 2199 982 2282 mdayozac.

451 2379 622 2445 Elisabeth
648 2429 678 2444 ..
705 2379 874 2462 regina..
900 2400 973 2443 cum
1004 2379 1082 2460 quia
1112 2376 1250 2461 reginali
1281 2375 1475 2442 excellencie

345 2488 497 2554 ecclesias
512 2489 563 2553 dei
580 2495 612 2553 et
627 2488 779 2571 precipue
795 2487 862 2569 has,
889 2507 953 2568 que
969 2508 1027 2570 per
1043 2485 1220 2568 reginalem
1243 2483 1476 2551 sublimitatem

344 2597 386 2660 ad
402 2597 532 2662 laudem
549 2604 581 2662 et
597 2596 721 2662 cultum
747 2596 847 2661 divini
872 2597 1009 2660 nominis
1035 2595 1076 2659 de
1101 2615 1182 2660 novo
1206 2593 1393 2670 fundantur,
1418 2615 1477 2678 pro

345 2707 516 2789 temporali
547 2708 615 2791 regi
648 2706 843 2788 sempiterno
874 2705 907 2769 in
939 2704 1058 2769 eisdem
1088 2704 1209 2786 iugiter
1245 2701 1478 2768 famolancium

344 2815 580 2879 sustentacione
603 2812 761 2897 largifluis
790 2812 1019 2878 donacionibus
1046 2819 1079 2877 et
1103 2811 1272 2896 perpetuis
1303 2811 1477 2893 possessio·

344 2922 443 2987 uariis
459 2922 688 2987 collationibus
698 2923 751 3006 pie
767 2928 799 2986 et
815 2920 980 2990 salutifere
997 2921 1146 3004 congruit
1161 2919 1323 3001 decorare,
1339 2917 1475 3003 proinde

345 3029 386 3093 ad
402 3031 624 3095 universorum
650 3081 680 3095 ..
705 3031 904 3096 noticiam..
930 3030 1075 3095 volumus
1100 3029 1279 3112 pervenire,
1305 3028 1390 3110 quod
1417 3050 1477 3092 nos

345 3137 503 3218 premissa
519 3136 641 3202 salubri
661 3138 792 3202 inducte
811 3137 1078 3216 consideracione,
1104 3138 1284 3203 claustrum
1305 3135 1344 3200 de
1360 3135 1479 3203 Veteri

344 3245 441 3310 Buda
457 3266 588 3327 pernes
605 3247 638 3310 in
654 3245 807 3310 honorem
823 3246 957 3328 virginis
983 3244 1121 3328 gloriose
1138 3245 1178 3310 ob
1194 3243 1322 3309 firmam
1338 3265 1427 3328 spem
1445 3251 1478 3308 et

345 3353 503 3418 sinceram
519 3353 732 3431 devocionem‚
758 3373 856 3434 quam
872 3355 906 3418 in
921 3355 992 3435 ipsa
1017 3355 1211 3419 intemerata
1226 3353 1350 3436 virgine
1367 3353 1480 3418 Maria

345 3460 537 3542 plerumque
563 3460 719 3544 gessimus
744 3467 777 3524 et
800 3458 966 3539 habemus,
998 3467 1131 3544 propter
1161 3468 1271 3526 nostre
1297 3467 1330 3524 et
1354 3459 1479 3525 domini

345 3567 464 3632 Karoli
481 3567 643 3649 quondam
660 3573 787 3651 sceptra
812 3567 978 3650 regiminis
995 3567 1072 3634 dieti
1092 3568 1183 3651 regni
1201 3568 1374 3651 Hungarie
1389 3567 1479 3632 felici

345 3678 378 3741 in
395 3676 549 3740 memoria
566 3675 785 3760 gubernantis,
800 3676 958 3741 consortis
978 3677 1082 3741 nostri
1106 3675 1269 3740 karissimi
1295 3676 1480 3741 animarum

345 3784 482 3849 salutem
499 3791 598 3866 atque
615 3783 829 3867 refrigerium,
854 3805 913 3868 pro
939 3783 1107 3849 salutifera
1132 3804 1279 3848 sororum
1304 3785 1337 3848 in
1361 3782 1480 3848 habitu

345 3891 485 3956 ordinali
510 3899 619 3956 sancte
644 3893 740 3959 Clare
764 3893 899 3975 virginis
925 3891 985 3956 deo
1010 3899 1043 3958 et
1068 3893 1285 3959 sacratissime
1304 3891 1372 3956 eius
1388 3893 1482 3974 geni-

344 4003 418 4068 trici
435 4001 546 4094 devote
562 4000 810 4081 obsequencium
827 4001 979 4066 continua
1004 4000 1207 4066 habitacione
1231 3999 1379 4065 facienda
1393 3998 1480 4064 divi-

346 4111 415 4175 cius
431 4109 470 4174 de
485 4130 567 4174 novo
583 4109 765 4191 fundatum,
782 4115 819 4175 ut
834 4131 892 4192 pro
917 4110 1056 4175 terrenis
1082 4109 1215 4176 celestia
1231 4115 1264 4174 et
1281 4131 1338 4192 pro
1354 4109 1480 4172 transi-

345 4220 438 4285 toriis
462 4220 657 4302 sempiterna
682 4217 817 4300 adipisci
842 4238 1032 4296 mereamur,
1063 4217 1272 4301 infrascripta
1302 4217 1480 4301 possessio-

345 4329 438 4393 naria
448 4327 835 4392 donacioneremunerare
846 4325 1059 4406 intendentes
1070 4325 1233 4408 quandam
1244 4325 1483 4409 possessionem

345 4442 488 4501 nostram
512 4434 634 4518 Kandy
659 4434 857 4500 nominatam
882 4435 915 4498 in
941 4436 1096 4500 comitatu
1121 4434 1288 4499 Pilisiensi
1318 4431 1485 4508 habitam,

345 4544 422 4608 olim
438 4565 495 4626 per
510 4542 690 4625 predictum
706 4590 712 4604 .
731 4591 737 4605 .
754 4541 915 4607 Karolum
939 4563 1048 4625 regem
1064 4591 1071 4605 .
1089 4589 1095 4605 .
1112 4542 1268 4625 magistro
1283 4541 1386 4607 Paulo
1405 4557 1483 4604 ear-

345 4653 492 4738 pentario
502 4671 561 4717 suo
572 4671 629 4734 pro
640 4649 782 4715 eiusdem
797 4648 942 4717 fidelium
959 4651 1166 4716 serviciorum
1183 4651 1307 4716 meritis
1318 4655 1484 4733 perpetuo
