3180 5466
418 565 483 627 516
585 613 590 625 ,
779 580 964 628 aurounour
980 545 1195 631 onulurrln.

414 745 578 827 hospitum
595 743 633 808 de
650 743 791 828 Somugy
811 750 843 808 et
860 744 898 808 de
919 747 1031 811 eadem
1048 745 1073 810 J
1074 767 1170 824 azow,
1181 746 1230 810 uti
1251 768 1314 811 non
1330 747 1477 824 valerent
1488 746 1536 810 sed

416 853 538 937 pluries
554 855 806 920 molestarentur
821 862 854 919 et
869 855 1120 938 prohiberentur
1136 855 1177 920 ab
1194 878 1254 920 usu
1280 855 1360 920 silve
1376 861 1480 921 nostre
1495 875 1537 918 re

415 961 497 1044 galis
514 969 701 1044 prenotate;
718 985 775 1046 per
791 962 876 1046 qnod
902 963 964 1046 ipsi
989 964 1122 1028 nimium
1139 965 1309 1047 aggravati
1333 963 1538 1028 desolaciones

326 1078 332 1086 ”
415 1089 478 1134 non
496 1070 637 1135 modicas
649 1077 681 1135 st
691 1070 881 1136 multimoda
897 1071 1099 1137 incommoda
1108 1077 1299 1155 paterentur
1310 1095 1317 1152 3
1328 1071 1535 1154 supplicantes

414 1185 522 1243 nostre
539 1179 703 1242 maiestati
721 1227 753 1242 ..
778 1184 815 1242 nt
840 1199 949 1243 eorum
975 1179 1222 1262 paupertatibus
1248 1185 1279 1244 et
1303 1179 1537 1243 necessitatibus

413 1285 665 1351 misericorditer
681 1285 926 1368 compacientes,
942 1287 1019 1368 ipsis
1037 1337 1043 1351 .
1061 1337 1067 1349 .
1084 1287 1264 1369 predictam
1275 1287 1389 1351 silvam
1406 1293 1537 1352 nostram

414 1392 556 1476 regalem
565 1392 824 1457 Felretewerdou·
835 1399 991 1471 vocatam,
1002 1394 1317 1477 specialiteraparte
1328 1393 1536 1477 predictarum

415 1502 653 1584 possessionum
672 1499 813 1584 Somugy
839 1506 871 1565 et
896 1499 1006 1565 Jazow
1021 1503 1270 1580 nominatarum,
1285 1503 1482 1568 committere
1497 1502 1536 1566 di·

415 1629 589 1692 gnaremur
605 1606 724 1671 eisdem
742 1606 783 1670 ad
800 1607 966 1670 utendum.
981 1605 1051 1672 Nos
1067 1608 1178 1689 itaque
1195 1608 1332 1672 utilitati
1348 1609 1536 1674 commodare

413 1718 631 1801 predictorum
649 1716 791 1782 fidelium
809 1718 924 1782 civium
941 1723 974 1781 et
991 1719 1155 1801 hospitum
1171 1725 1356 1785 nostrornm
1372 1721 1412 1784 de
1428 1718 1535 1800 Scepsy

413 1825 627 1908 invigilantes,
643 1823 857 1909 peticionibus
874 1824 1058 1890 eorumdem
1068 1825 1093 1888 J
1095 1825 1230 1890 ohannis
1247 1825 1379 1908 plebani
1389 1825 1535 1891 etJacobi

413 1933 489 1998 civis
506 1933 605 1998 iurati
622 1934 656 1997 in
671 1933 816 2015 personis
832 1931 975 1996 fidelium
992 1933 1108 1997 civium
1124 1939 1157 1998 et
1180 1933 1346 2016 hospitum
1363 1941 1535 1998 nostrorum

414 2041 648 2125 sepedictorum
665 2041 758 2106 nobis
774 2041 930 2124 porrectis
947 2039 1119 2106 clementer
1135 2039 1304 2119 exauditis,
1314 2042 1418 2124 ipsam
1434 2042 1537 2104 silvam

416 2155 558 2214 nostram
584 2147 860 2212 Fekeutewerdou
879 2153 1107 2232 nuncupatam,
1132 2147 1252 2213 eisdem
1281 2170 1321 2211 ex
1346 2155 1456 2214 nostra
1483 2150 1535 2211 cir·

414 2263 599 2340 cumspecta
625 2257 830 2340 providencia
855 2256 955 2321 libere
981 2256 1196 2321 commisimus
1227 2257 1268 2321 ad
1292 2257 1465 2334 utendum;
1488 2257 1535 2320 ita

413 2371 450 2429 nt
465 2363 572 2429 nullus
589 2364 753 2428 bominum
778 2370 810 2428 et
826 2364 1010 2448 specialiter
1025 2366 1207 2447 prepositus
1224 2364 1264 2428 de
1279 2363 1305 2428 J
1307 2383 1396 2428 azow
1412 2365 1491 2446 ipsos
1501 2362 1536 2425 ab

413 2495 473 2537 usu
489 2473 631 2556 predicte
648 2473 735 2550 silve,
752 2472 935 2555 specialiter
950 2495 970 2538 a
985 2479 1078 2557 parte
1097 2473 1335 2556 possessionum
1353 2471 1490 2555 Somugy
1507 2479 1535 2532 et

417 2582 442 2646 J
444 2603 532 2647 azow
541 2582 770 2666 predictarum,
780 2581 980 2648 molestando
996 2575 1103 2647 caleat
1118 2582 1296 2666 prohibere.
1314 2581 1419 2650 Vobis
1435 2583 1534 2661 itaque

413 2691 577 2774 preposito
593 2690 632 2754 de
648 2689 761 2755 Jazow
783 2695 816 2753 et
841 2689 998 2755 universis
1029 2691 1212 2756 bominibus
1238 2692 1457 2774 cuiuscunque
1471 2711 1533 2754 con·
1576 2725 1577 2739 ι

412 2797 555 2880 dicionis,
572 2797 755 2881 specialiter
771 2798 898 2881 populis
924 2797 963 2862 de
992 2797 1132 2883 Somugy
1149 2798 1235 2862 etde
1255 2797 1368 2862 eadem
1385 2797 1493 2864 Jazow
1508 2849 1533 2862 ..
1574 2809 1576 2889 J

411 2907 610 2985 mandamus,
635 2914 794 2990 quatenus
825 2907 985 2992 predictos
1011 2909 1094 2971 cives
1120 2913 1154 2971 et
1184 2908 1328 2989 hospites
1354 2915 1477 2972 nostros
1500 2907 1533 2970 de

412 3013 532 3099 Scepsy
548 3017 676 3081 racione
701 3037 778 3080 usus
804 3015 946 3098 predicte
970 3015 1047 3079 silve
1073 3021 1190 3092 nostre,
1214 3016 1401 3098 specialiter
1417 3026 1533 3102 aparte
1571 3035 1573 3102 j

412 3123 631 3206 predictarum
647 3125 885 3206 possessionum
912 3121 1053 3206 Somugy
1070 3129 1102 3187 et
1119 3123 1144 3187 J
1145 3143 1238 3201 azow,
1258 3123 1347 3188 nullo
1364 3125 1456 3189 modo
1472 3146 1532 3206 pre
1570 3103 1572 3191 i

414 3232 583 3295 summatis
599 3230 768 3313 prohibere
785 3229 834 3294 vel
851 3236 996 3294 arestare
1012 3279 1018 3292 .
1036 3280 1042 3294 .
1066 3230 1192 3296 Datum
1218 3231 1320 3310 Bude,
1346 3232 1428 3296 feria
1442 3233 1532 3296 tercia
1569 3239 1570 3267 ¹

411 3339 559 3422 proxima
575 3343 649 3424 post
666 3338 783 3403 festum
798 3337 989 3404 Natiuitatis
1006 3339 1138 3422 virginis
1154 3341 1301 3423 gloriose,
1318 3361 1404 3406 anno
1422 3339 1532 3404 domini

412 3447 488 3512 Μηἱο
505 3444 626 3514 ΟΟΟ“ιο
641 3445 708 3510 Lm⁰
723 3447 835 3529 prime.

520 3594 545 3643 A
558 3594 660 3656 saepest
673 3593 863 3656 kdptalannak
880 3599 954 3645 1359.
969 3593 1033 3659 maj.
1060 3595 1126 3644 tatu
1141 3596 1277 3645 »Jacobna
1289 3595 1373 3646 iudex
1387 3611 1418 3646 ac
1431 3594 1530 3644 Heucb·

412 3699 529 3733 mannus
542 3683 649 3733 iuratus
662 3683 730 3732 civis
749 3684 782 3732 de
796 3683 913 3747 Scepsy«
937 3684 1089 3735 kerelmere
1108 3686 1216 3735 kiadott
1228 3686 1389 3749 ariratabol,
1413 3685 1462 3734 mel
1465 3683 1531 3746 ,rust

412 3772 672 3838 eredetijemegrsn
697 3789 729 3824 aa
749 3789 818 3822 orsz.
831 3775 862 3824 lt.
877 3775 976 3824 kinost.
999 3779 1067 3824 oszt.
1090 3776 1123 3824 N.
1147 3777 1178 3826 R.
1201 3775 1233 3824 Δ.
1256 3779 1316 3825 625.
1338 3779 1381 3826 29.
1394 3775 1458 3837 dipl.
1473 3782 1531 3820 out.

412 3867 491 3912 4220.
511 3863 609 3912 Kozli:
629 3863 736 3914 Kovaca
755 3866 789 3914 N.

939 4117 1012 4178 314.

414 4275 508 4339 1351.
528 4273 613 4338 Βάσις
639 4278 729 4338 odrae
754 4273 875 4352 inalbat,
901 4283 972 4359 sept.
999 4276 1051 4337 24.
1077 4273 1193 4338 Miletos
1223 4275 1336 4354 reddor,
1364 4275 1449 4340 Βάσις
1472 4277 1529 4340 Sm

410 4384 477 4446 re'm
503 4383 533 4446 e‘s
557 4381 659 4448 Vetto
681 4381 868 4467 odrmeqyc'lo
893 4383 1023 4446 rasam-dl
1048 4393 1155 4446 lartott
1173 4383 1388 4468 kezqyulaen,
1407 4408 1446 4446 oz
1474 4409 1528 4444 eeu

457 4489 642 4576 meyydkbeo
666 4489 816 4553 szedeodll
831 4490 967 4553 tomara
987 4491 1103 4554 besana
1121 4489 1277 4574 delqdhoo
1302 4489 1487 4556 intszkedtl.

519 4649 588 4716 Nos
603 4649 760 4717 Nicolaus
777 4703 783 4716 .
801 4701 807 4714 .
824 4651 988 4734 palatinus
1005 4657 1039 4716 et
1053 4653 1149 4717 iudex
1165 4673 1374 4718 comanorum
1389 4655 1529 4717 memorie

412 4759 679 4838 commendamus,
690 4760 774 4843 quod
785 4761 817 4824 in
828 4762 1077 4844 congregacione
1094 4769 1202 4827 nostra
1218 4763 1372 4846 generali,
1388 4764 1528 4826 univero·
