3188 5470
394 495 457 564 300
744 513 930 564 rusoonosr
947 497 1165 562 osnlrr‘rrls.

919 789 993 852 170.

385 950 489 1013 Ι1349.
505 948 591 1032 Epor
599 947 694 1034 folyd
708 947 971 1032 mellett,y'ul.17.
991 946 1109 1010 Mittis
1126 947 1230 1012 oddor
1246 947 1317 1014 etta
1333 947 1434 1015 Heres
1452 953 1517 1012 udr-

390 1079 494 1142 mepye
511 1057 674 1142 alispdaja
690 1058 720 1121 ts
736 1055 908 1120 birdutrsoi
932 1079 954 1119 a
970 1077 1074 1142 megye
1090 1054 1293 1143 lctzpyitleoc‘a
1318 1057 1515 1143 bizoayz‘tjdk,

391 1167 470 1250 boqy
487 1164 703 1252 Kompoldfia
721 1163 937 1246 Peterfla'nolt
957 1163 1132 1228 Idvdoook
1148 1163 1220 1248 Rof
1231 1172 1311 1228 nevit
1326 1163 1515 1244 cirroteca

519 1272 613 1338 Tiaza
620 1271 747 1359 folydn,
763 1295 783 1336 a
799 1273 902 1358 rdvjog
918 1271 986 1356 rogi
1000 1270 1076 1334 idct
1092 1273 1144 1335 dta
1158 1272 1407 1358 yyakoroltatott.

498 1434 567 1500 Nos
584 1433 740 1500 Nicolans
758 1484 764 1498 .
782 1483 788 1497 .
805 1433 972 1518 palatinus
989 1439 1022 1497 et
1037 1433 1135 1497 index
1146 1455 1352 1524 comanorum
1369 1433 1515 1498 memorie

390 1542 658 1620 commendamus,
681 1542 767 1624 quod
783 1543 817 1606 in
833 1542 1085 1624 congregacione
1102 1547 1216 1607 nostra
1232 1541 1376 1625 generali
1393 1541 1514 1605 unirer·

390 1653 479 1717 sitati
495 1651 651 1718 nobilium
678 1653 849 1718 comitatus
874 1651 914 1716 de
939 1651 1149 1730 Hevesviuau
1176 1652 1257 1716 feria
1283 1651 1424 1717 secunda
1449 1671 1514 1734 pro

389 1761 476 1824 xima
492 1767 567 1824 ante
583 1761 699 1824 festum
716 1758 892 1824 Divisionis
903 1757 1145 1841 Apostolorum,
1156 1781 1256 1843 prope
1267 1757 1400 1824 fluvium
1416 1758 1513 1842 Agrie

394 1865 426 1932 in
444 1869 554 1933 eodem
571 1869 726 1934 comitatu
746 1867 921 1945 celebrata,
945 1869 1102 1950 magister
1126 1867 1312 1951 Stephanus
1325 1868 1414 1934 filius
1430 1869 1514 1932 Petri

389 1973 448 2040 filii
464 1976 642 2060 Kompoldi
667 1977 706 2041 de
732 1976 837 2040 medio
863 1975 1083 2041 universitatis
1099 1977 1330 2060 consurgendo,
1354 1977 1513 2062 proposuit

392 2104 430 2148 eo
446 2083 549 2164 modo,
572 2084 658 2168 quod
674 2085 708 2148 in
723 2086 923 2169 possessione
939 2105 998 2148 sua
1016 2084 1114 2168 Raph
1130 2091 1244 2150 vocata
1259 2087 1293 2150 in
1309 2083 1405 2149 fluvio
1422 2085 1513 2168 Tyrio

388 2192 547 2274 existenti,
572 2193 612 2257 ab
637 2195 773 2274 antiquo
804 2199 951 2276 tempore
984 2197 1097 2275 portus
1130 2194 1317 2270 exstitisset,
1340 2199 1437 2278 prout
1461 2193 1514 2257 hec

390 2301 577 2378 vicecomiti,
593 2299 752 2366 iudicibus
771 2300 936 2378 nobilium,
951 2301 1132 2382 iuratisque
1147 2301 1363 2366 assessoribus
1379 2301 1510 2385 predicti

388 2409 559 2474 comitatus
590 2415 753 2474 constaret
793 2408 974 2488 evidentem
1008 2429 1145 2492 cumque
1187 2429 1244 2473 nos
1277 2410 1403 2474 eosdem
1437 2410 1513 2472 vice·

389 2518 548 2596 comitem,
574 2517 695 2583 iudices
720 2516 884 2596 nobilium,
904 2519 1090 2599 iuratosque
1116 2537 1293 2582 assessores
1326 2538 1420 2601 super
1448 2537 1512 2599 pre·

387 2625 501 2700 missis,
518 2631 554 2689 ut
564 2624 704 2707 qualiter
716 2626 762 2689 eis
773 2626 1003 2708 premissorum
1015 2624 1133 2688 veritas
1148 2630 1314 2690 constaret
1330 2625 1513 2700 faterentur,

387 2733 557 2815 requisitos
582 2733 814 2816 habuissemus,
838 2732 934 2798 iidem
950 2733 1132 2812 vicecomes,
1159 2732 1279 2797 iudices
1302 2732 1459 2797 nobilium
1485 2739 1514 2796 et

386 2839 484 2906 iurati
500 2861 677 2906 assessores
692 2842 793 2925 ipsius
820 2843 990 2906 comitatus
1016 2840 1055 2906 da
1080 2839 1193 2906 Heues
1218 2841 1260 2905 ad
1285 2840 1381 2905 fidem
1404 2861 1511 2906 eorum

386 2948 445 3013 deo
461 2950 611 3030 debitam,
627 2951 881 3034 fidelitatemque
897 2949 1025 3016 domino
1051 2955 1160 3014 nostro
1186 2949 1253 3033 regi
1280 2970 1398 3032 sueque
1425 2969 1510 3012 sacre

387 3079 500 3122 corone
525 3060 614 3141 regie
639 3059 899 3137 conservandam,
930 3079 989 3140 pro
1014 3056 1150 3122 dicenda
1178 3057 1313 3125 veritate
1341 3063 1373 3122 et
1388 3056 1511 3121 iusticia

386 3164 583 3232 observanda
607 3171 694 3231 tacto
710 3165 832 3231 vivifice
858 3167 962 3230 crucis
987 3165 1075 3248 ligno
1101 3165 1279 3249 prestitam,
1305 3167 1339 3230 in
1367 3165 1510 3250 predicta
1579 3153 1580 3173 ¹

385 3275 583 3356 possessione
599 3275 699 3359 ipsius
716 3275 864 3357 magistri
875 3273 1032 3358 Stephani
1051 3273 1148 3358 Raph
1165 3283 1352 3360 nuncupata
1368 3277 1402 3339 in
1416 3275 1508 3340 fluvio

386 3381 484 3466 Tycie
499 3363 659 3482 bxistmti,
675 3381 716 3446 ab
732 3383 864 3466 antiquo
881 3390 1024 3466 tempore
1049 3403 1176 3467 semper
1200 3389 1331 3467 portum
1356 3385 1511 3448 exstitisse
1577 3361 1578 3389 l

385 3490 529 3554 unanimi
561 3497 594 3554 et
624 3489 773 3555 concordi
803 3487 1032 3554 testificatione
1064 3488 1279 3555 affirmarunt.
1313 3490 1355 3554 In
1380 3511 1510 3574 quorum
1575 3539 1576 3603 ,

387 3598 577 3662 assercionis
593 3597 813 3662 testimonium
830 3602 996 3681 presentes
1021 3603 1148 3662 nostras
1164 3597 1286 3676 literas,
1303 3605 1420 3676 nostro,
1436 3601 1511 3664 rice-

385 3707 510 3771 comitis
521 3728 559 3772 ao
570 3706 710 3771 iudicum
726 3705 884 3770 nobilium
900 3707 1071 3771 comitatus
1087 3707 1302 3790 prenominati
1313 3707 1427 3791 sigillis
1444 3727 1512 3770 con-

384 3815 527 3896 signatas
552 3814 701 3879 duximus
726 3813 952 3878 concedendas.
980 3811 1104 3879 Datum
1130 3815 1243 3896 quinto
1267 3813 1319 3879 die
1345 3835 1511 3898 congrega-

311 3919 314 3929 *
384 3923 485 3986 cionis
494 3927 603 3987 nostre
613 3921 766 4006 predicte,
782 3923 816 3986 in
826 3921 895 3986 loco
906 3921 1076 4000 antedicto,
1093 3943 1178 3988 anno
1188 3921 1308 3986 domini
1319 3922 1371 3988 M⁰
1395 3920 1511 3989 CCCmo

383 4027 489 4093 XL¹²¹⁰
504 4051 596 4095 nono.

491 4171 643 4236 Hatlapjdn
657 4189 674 4224 a
685 4173 783 4224 nadori
796 4174 944 4238 pecsdtnek
957 4174 985 4224 ts
998 4175 1141 4226 kdrdldtte
1164 4191 1196 4224 az
1218 4173 1326 4238 alispdn
1340 4175 1367 4224 es
1380 4189 1396 4224 a
1410 4177 1511 4239 euolga-

383 4265 462 4315 brrak
476 4265 936 4332 pecsttjeinekmaradvanyaiva13
956 4267 1086 4330 credetije
1100 4283 1132 4316 az
1146 4283 1215 4316 orsz.
1230 4269 1261 4316 lc.
1277 4268 1377 4318 kincst.
1392 4278 1461 4316 oszr.
1480 4265 1511 4313 N.

385 4355 419 4406 R.
432 4355 466 4406 A.
481 4361 542 4406 330.
560 4360 600 4406 17.
614 4355 681 4419 dipl.
696 4362 763 4406 oszt.
779 4361 857 4406 4060.
877 4357 977 4406 Kozli:
996 4357 1105 4407 Kovacs
1118 4357 1151 4408 N.
