3192 5466
358 429 422 490 200
712 441 898 488 1111111111
916 429 1129 488 exussisse.

354 605 501 672 Johanni
517 605 582 669 filio
607 605 749 670 eiusdem
765 605 911 670 Ladislai
937 611 969 669 11
994 605 1053 670 sibi
1080 626 1118 670 ac
1142 604 1215 670 aliis
1240 605 1397 671 fratribus
1422 609 1483 672 suis

355 713 518 804 pertinere
533 717 571 776 ut
586 712 777 796 premissum
793 718 843 778 est
858 712 1042 796 allegasset,
1059 719 1092 777 et
1106 713 1209 777 eidem
1220 713 1376 779 Ladislao
1393 715 1481 780 fratri
1571 711 1572 744 ³

355 825 498 906 ipsorum
514 825 664 903 quartam
683 827 808 904 partem
833 822 1159 904 possessionariarum
1186 822 1373 904 porcionum
1401 823 1480 905 ipsos

265 927 268 933 “
357 928 570 996 communiter
585 929 802 1012 tangenoium,
827 950 863 994 eo
875 929 961 1013 quod
977 936 1116 1012 quatuor
1131 929 1270 995 fuissent
1285 930 1406 996 fratres
1423 939 1482 995 nte-

359 1039 432 1116 rini,
457 1038 621 1122 pertinere
638 1035 821 1119 indicasset,
848 1037 887 1102 de
913 1058 950 1102 eo
976 1045 1087 1118 autem
1103 1045 1212 1103 utrum
1229 1038 1297 1122 ipse
1313 1037 1482 1106 Ladislaus
1572 1127 1573 1130 Ἴ

356 1146 442 1212 filius
459 1143 617 1230 Stephani
634 1167 692 1230 per
708 1146 870 1230 predictos
887 1147 1018 1212 comites
1035 1167 1239 1212 camararum
1255 1147 1415 1232 regalium
1430 1171 1482 1232 pro

359 1256 424 1320 suis
441 1247 543 1339 culpis
561 1262 783 1321 concrematus
809 1256 955 1322 extiterit
969 1277 1029 1321 neo
1045 1277 1093 1338 ne,
1119 1255 1300 1320 omnimode
1317 1253 1483 1322 sufficienti

359 1370 392 1430 et
408 1370 535 1430 maturo
551 1364 742 1430 documento
759 1363 862 1428 eidem
888 1364 997 1428 comiti
1022 1363 1128 1429 Paulo
1152 1363 1324 1428 veritatem
1337 1385 1402 1428 non
1419 1385 1484 1428 eon-

359 1471 524 1550 tendisset,
541 1472 596 1536 sed
613 1477 762 1556 pretextu
788 1471 890 1554 ipsius
913 1470 993 1536 facti
1018 1491 1052 1536 se
1077 1493 1150 1536 cum
1175 1472 1295 1537 eisdem
1320 1471 1484 1536 comitibus

361 1601 565 1646 camararum
590 1580 749 1664 regalium
765 1581 798 1644 in
815 1579 871 1644 lite
887 1579 985 1644 fuisse
1002 1587 1035 1645 11
1051 1603 1090 1644 ex
1106 1587 1200 1664 parte
1226 1581 1411 1646 eorumdem
1427 1587 1484 1645 ter-

359 1690 517 1753 minatum
542 1687 638 1753 finem
663 1711 765 1772 nsque
781 1695 859 1756 tuno
875 1689 1026 1773 prosequi
1043 1709 1077 1776 se
1093 1710 1156 1753 non
1173 1691 1314 1773 potuisse
1340 1696 1485 1756 oretenus

360 1795 523 1862 confessus
539 1796 718 1877 extitisset3
743 1795 814 1860 ideo
830 1795 915 1860 idem
942 1817 1047 1860 comes
1064 1795 1187 1861 Paulus
1207 1818 1348 1861 unacum
1363 1797 1485 1862 baroni-

360 1905 420 1970 bus
437 1911 470 1970 11
486 1907 577 1988 regni
588 1903 748 1970 nobilibus
764 1924 872 1969 secum
883 1905 916 1968 in
926 1903 1046 1969 iudicio
1057 1904 1312 1983 consedentibus,
1329 1907 1485 1970 communi

360 2019 505 2079 tractatu
530 2012 709 2096 prehabito,
726 2011 919 2077 decrevisset
943 2011 1124 2094 iudicando,
1149 2019 1185 2077 ut
1211 2012 1237 2078 J
1238 2015 1382 2078 ohannes
1406 2011 1487 2078 filius
1574 2009 1575 2022 ¹

362 2121 480 2187 1110111
497 2121 536 2186 de
562 2119 769 2186 Tamasfalva
793 2120 843 2184 111
868 2121 1025 2204 magister
1051 2119 1193 2186 Thomas
1218 2119 1304 2186 filius
1321 2121 1418 2186 Pauli
1433 2143 1487 2204 pro

363 2235 456 2316 parte
481 2229 581 2314 ipsius
607 2229 731 2294 Thome
755 2228 903 2312 voyvode,
938 2229 1014 2294 item
1040 2229 1158 2294 Petrus
1182 2228 1267 2294 lilius
1292 2229 1434 2312 Petrych
1452 2228 1487 2292 de

363 2337 445 2421 Egri
461 2337 511 2401 vel
527 2335 673 2402 ‹lacobus
690 2336 728 2400 de
746 2333 847 2419 Gugo
867 2341 923 2400 aut
948 2333 1110 2418 Georgius
1126 2335 1211 2403 filius
1227 2335 1325 2402 Pauli
1341 2337 1381 2401 de
1398 2335 1488 2402 Sara-

364 2447 438 2530 lyan
455 2467 514 2528 pro
530 2453 623 2530 parte
639 2446 858 2530 predictorum
874 2445 1014 2510 filiorum
1032 2445 1198 2529 Stephani,
1218 2447 1292 2512 aliis
1308 2446 1488 2512 absentibus
1575 2475 1576 2478 ¹

362 2555 508 2620 homines
525 2553 645 2619 domini
662 2555 755 2637 regis,
771 2561 921 2637 presente
938 2554 1121 2619 testimonio
1138 2553 1216 2620 dicti
1232 2555 1366 2638 capituli
1378 2555 1489 2619 Wara-

364 2662 483 2728 diensis
500 2712 506 2727 .
523 2713 530 2728 .
547 2664 581 2727 in
598 2665 718 2729 ootaus
733 2663 807 2730 festi
823 2663 910 2729 beati
927 2660 1062 2746 Georgii
1087 2663 1232 2729 martiris
1248 2670 1330 2730 tune
1342 2665 1490 2742 venturis,

364 2770 537 2836 adfaciem
562 2770 781 2855 predictarum
806 2771 1042 2854 possessionum
1058 2771 1265 2837 Zarrazherk
1281 2779 1314 2838 et
1331 2773 1430 2857 Syma
1444 2795 1490 2838 vo

365 2885 510 2944 catarum
527 2929 533 2943 .
551 2931 557 2944 .
574 2871 763 2961 accedenda
788 2880 938 2963 proprias
953 2881 1123 2962 porciones
1148 2881 1333 2946 eorumdem
1348 2881 1490 2946 Ladishai

364 2985 535 3052 Michaelis
551 2986 577 3052 J
577 2987 713 3052 ohannis
730 2994 763 3052 11
778 2988 803 3052 J
805 2987 897 3053 aoobi
913 2967 1054 3052 filiorurh
1065 2985 1223 3070 Stephani
1238 2989 1272 3052 in
1289 2989 1409 3054 eisdem
1426 3010 1491 3073 pos·

366 3095 560 3160 sessionibus
576 3094 714 3178 habitas,
740 3103 836 3179 prout
864 3116 918 3160 eos
944 3095 1024 3160 inibi
1050 3095 1270 3178 contigissent
1297 3096 1364 3160 sine
1390 3097 1492 3180 prein-

366 3201 448 3267 dicio
464 3201 583 3267 iurium
602 3201 749 3286 aliorum,
776 3225 834 3286 per
859 3224 950 3271 veras
977 3209 1011 3268 et
1034 3209 1158 3268 veteres
1185 3225 1260 3268 suas
1284 3211 1387 3270 metas
1404 3204 1493 3269 1111-

366 3310 559 3375 stincciones
584 3309 833 3388 reambularent,
859 3317 892 3375 et
917 3334 989 3375 111111
1015 3311 1163 3376 omnibus
1180 3359 1186 3374 .
1203 3361 1209 3374 .
1227 3311 1438 3394 pertinenciis
1463 3313 1493 3376 in

367 3423 507 3501 quatuor
523 3424 633 3500 partes
650 3418 782 3502 equales
807 3418 868 3483 rita
893 3418 1082 3496 dividerent,
1107 3441 1245 3502 quarum
1271 3426 1411 3502 (prratuor
1428 3441 1493 3503 pos-

367 3525 631 3592 sessionariarum
648 3527 833 3610 porcionum
849 3533 925 3592 tune
950 3526 1193 3592 dividendarum
1218 3534 1286 3592 tres
1302 3535 1412 3612 partes
1429 3549 1494 3612 pre·

367 3634 462 3699 dietis
488 3634 645 3700 Michaeli
678 3633 823 3700 Johanni
849 3641 881 3699 et
905 3633 1023 3700 Jacobi
1049 3633 1123 3700 filiis
1150 3633 1308 3718 Stephani
1333 3641 1430 3719 prout
1454 3635 1495 3698 eis

368 3742 528 3826 pertinere
545 3741 790 3808 dinoscerentur
806 3749 988 3807 statuerent
996 3749 1152 3827 perpetuo
1168 3743 1387 3827 possidendas,
1404 3763 1495 3824 quar·

367 3857 435 3915 tam
452 3870 526 3914 vero
552 3856 678 3934 partem
704 3851 889 3918 earumdem
915 3856 1056 3933 quatuor
1080 3851 1277 3934 porcionum,
1302 3850 1451 3916 videlieet
1466 3851 1495 3914 in

367 3957 447 4042 ipsis
472 3956 597 4022 duabus
628 3958 882 4041 possessionibus
913 3958 1018 4040 ipsum
1034 3957 1226 4024 Ladislaum
1250 3959 1497 4042 contingentem,

369 4065 473 4130 cidem
489 4064 611 4131 Thome
636 4065 775 4150 voyvode
801 4065 975 4130 secundum
992 4064 1077 4148 quod
1094 4064 1155 4131 sibi
1172 4087 1211 4130 ex
1227 4065 1316 4132 diota
1332 4067 1423 4150 regia
1439 4065 1498 4130 col-

369 4175 494 4240 lacione
510 4175 696 4258 pertineret,
714 4175 919 4258 assignarent
943 4174 1179 4258 possidendam,
1204 4175 1306 4240 donee
1330 4175 1428 4240 iidem
1445 4173 1498 4239 tilii

370 4281 537 4365 Stephani,
553 4280 683 4346 domina
700 4283 813 4347 relicta
838 4281 985 4348 Ladislai
1011 4289 1044 4348 et
1059 4282 1085 4348 J
1086 4283 1229 4348 ohannes
1245 4281 1332 4347 filius
1349 4283 1498 4356 eiusdem,

370 4391 409 4455 de
425 4409 471 4472 co,
488 4395 596 4454 utrum
612 4389 774 4472 predictus
790 4390 963 4456 Ladislaus
988 4390 1073 4456 filius
1091 4389 1249 4474 Stephani
1265 4411 1325 4478 per
1341 4389 1499 4474 predictos

371 4499 503 4565 comites
519 4517 722 4562 camararum
738 4497 897 4582 regalium
914 4497 1015 4582 culpis
1041 4489 1107 4564 suis
1133 4519 1196 4562 non
1221 4497 1429 4581 exigentibus
1445 4503 1499 4562 ant

372 4628 411 4674 ne
427 4609 648 4672 concrematus
665 4606 816 4686 extiterit,
835 4605 978 4671 debitum
994 4605 1089 4672 finem
1105 4628 1177 4672 oum
1194 4605 1314 4672 eisdem
1331 4603 1499 4670 comitibus
