3188 5476
385 638 449 700 62ss
746 649 935 698 snroonoar
951 633 1157 696 ontrinrriu

343 805 346 812 ’
386 817 447 880 tuli
463 815 589 899 prefate
606 815 738 880 ecclesie
754 812 927 896 Agriensis
944 812 1097 896 pendenti
1124 809 1230 892 sigillo
1256 809 1414 874 confectas
1429 809 1498 874 exhi-

387 924 500 1006 bendo,
527 924 696 1008 proposuit
711 922 771 987 tali
791 921 893 999 modc,
911 919 997 1003 quod
1022 920 1191 984 memorati
1222 919 1283 984 filii
1315 918 1433 983 Thome
1456 917 1499 982 tilii

386 1031 497 1098 Motus
513 1033 673 1118 prefatam
690 1031 852 1096 dominam
869 1035 1048 1096 consortem
1065 1049 1155 1092 suam
1171 1029 1211 1103 de
1227 1028 1329 1092 tercia
1345 1034 1432 1112 parte
1444 1048 1499 1110 pre-

391 1141 458 1206 fate
474 1140 684 1224 possessionis
700 1137 883 1202 Felbarcha
898 1138 932 1200 iu
958 1139 1114 1201 comitatu
1139 1135 1320 1220 Abauyuar
1344 1136 1499 1201 existentis.

386 1269 484 1330 quam
510 1247 585 1314 olim
611 1246 774 1330 predictus
801 1245 943 1310 Thomas
969 1251 1063 1327 pater
1088 1244 1246 1309 dictorum
1277 1242 1454 1310 Sebastiam
1476 1252 1499 1307 et

387 1357 521 1439 Georgii
537 1377 575 1420 ac
591 1352 750 1438 Georgius
767 1353 868 1418 frater
883 1353 984 1436 ipsius
1010 1353 1133 1418 Thome
1158 1373 1266 1417 coram
1283 1354 1354 1438 ipso
1378 1353 1500 1436 capitulo

388 1465 543 1550 Agriensi
560 1461 783 1546 comparendo,
794 1466 945 1543 pretextu
961 1460 1177 1544 expedicionis
1193 1459 1278 1524 dotis
1292 1467 1326 1524 et
1341 1481 1443 1526 reruni
1456 1484 1499 1546 pa-

388 1572 600 1640 rafcrnalium
626 1570 790 1653 quondam
815 1569 932 1634 nobilis
961 1569 1088 1634 domine
1121 1569 1236 1633 matris
1260 1569 1362 1652 ipsius
1392 1569 1499 1635 domine
1569 1599 1570 1604 ¹

386 1681 482 1748 Clare
498 1681 590 1746 iuxta
607 1680 750 1762 ipsorum
766 1685 978 1760 spontaneam
1006 1676 1206 1742 voluntatem
1224 1677 1327 1742 eidem
1344 1677 1460 1743 domine
1474 1688 1497 1742 et

386 1792 452 1856 suis
476 1788 650 1856 heredibus
675 1788 745 1851 iure
770 1795 925 1871 perpetuo
943 1835 975 1853 ..
999 1787 1273 1870 possidendam..
1300 1789 1498 1854 contulissent.

386 1900 612 1984 potencialiter
637 1897 857 1980 exclusissent,
881 1897 1050 1979 ipsamque
1075 1899 1209 1961 terciam
1240 1901 1369 1980 partem
1393 1897 1498 1980 prefate

387 2009 595 2092 possessionis
612 2028 670 2091 per
687 2007 831 2090 spacium
856 2006 1023 2071 duodecim
1049 2015 1207 2071 annorum
1234 2027 1336 2088 usque
1356 2005 1396 2070 ad
1410 2008 1499 2088 ipsum
1569 1993 1570 2010 ¹

387 2117 472 2182 diem
488 2115 719 2201 proposiciouis
735 2117 890 2200 premisse
916 2119 1104 2197 occupatam
1130 2113 1353 2190 detinuissent,
1370 2116 1401 2178 in
1415 2115 1499 2198 ipsius

389 2225 516 2290 domine
542 2225 639 2291 Olore
669 2223 883 2306 preiudicium
899 2271 929 2288 ..
954 2243 1018 2304 quo
1050 2227 1201 2304 percepto
1227 2220 1401 2287 Ladislaus
1429 2223 1500 2288 filius

391 2331 487 2397 Pauli
504 2332 542 2396 de
559 2333 631 2415 Fay
646 2382 652 2396 .
670 2380 676 2395 .
701 2353 759 2416 pro
776 2332 855 2414 ipsis
871 2330 947 2396 filiis
964 2329 1088 2395 Thome
1105 2379 1111 2391 .
1128 2381 1135 2393 .
1159 2330 1369 2412 exsurgendo,
1388 2351 1498 2412 respon-

389 2440 490 2506 disset
506 2461 546 2504 ex
561 2439 704 2521 adverso,
722 2438 808 2522 qnod
823 2438 921 2502 iidem
946 2437 1006 2502 filii
1033 2437 1156 2502 Thome
1182 2437 1343 2522 prefatam
1359 2437 1501 2504 dominun

389 2547 522 2614 Olaram
539 2554 720 2612 consortem
736 2547 837 2631 ipsius
848 2546 873 2611 J
874 2547 1010 2610 ohannis
1021 2545 1061 2609 de
1071 2545 1157 2610 dicta
1164 2529 1269 2610 tercia
1284 2553 1377 2630 parte
1393 2547 1501 2630 prefate

390 2655 601 2741 possessionis
617 2653 802 2721 Felbarcha
815 2676 880 2720 non
897 2654 1109 2720 exclusissent
1132 2675 1191 2718 nec
1215 2654 1320 2738 ipsam
1338 2655 1502 2738 potenciali-

391 2772 442 2828 ter
458 2764 662 2828 detinerent.
679 2815 685 2829 .
710 2763 766 2827 scd
782 2763 873 2828 illam
889 2763 1024 2826 terciam
1040 2767 1168 2844 partem
1184 2762 1286 2846 ipsius
1303 2764 1502 2847 possessionis,

389 2893 487 2955 quam
503 2871 616 2936 eadem
631 2871 762 2935 domina
778 2871 812 2934 in
828 2871 941 2935 eadem
965 2871 1149 2954 porcionem
1175 2891 1267 2936 suam
1283 2871 1352 2936 fore
1368 2873 1458 2937 sciret
1477 2879 1504 2935 et

389 2984 587 3062 agnosceret,
605 2987 737 3063 accepto
753 2981 883 3046 homine
898 2980 999 3064 ipsius
1016 2979 1136 3044 domini
1153 2982 1302 3064 episcopi,
1320 2981 1503 3046 ordineinris

387 3088 614 3170 recaptiuaret,
625 3088 724 3154 talem
735 3091 958 3172 enimpartem
978 3089 1176 3171 recaptivare
1187 3095 1296 3171 posset
1312 3087 1502 3173 (igy),inqun

390 3197 659 3274 contradicerent,
683 3197 782 3261 talem
807 3217 882 3261 vero
908 3196 1108 3280 recaptiuare
1139 3203 1257 3279 posset,
1283 3198 1316 3261 in
1343 3219 1406 3280 qua
1429 3197 1504 3261 nullo

389 3304 657 3370 contradiccicuis
673 3305 831 3370 uelamine
848 3305 1016 3370 obviarent
1033 3303 1144 3370 eidem.
1167 3302 1294 3386 Quibus
1311 3306 1357 3370 sic
1372 3309 1503 3390 peractis,

390 3414 488 3480 iidem
505 3414 651 3496 magistri
677 3415 796 3478 Petrus
823 3413 1067 3479 archidiaconus
1093 3420 1125 3478 et
1150 3411 1503 3494 aeliamsanctiam

389 3522 551 3606 preposito
577 3520 616 3584 de
641 3521 757 3605 Mysis,
788 3521 877 3587 vobis
903 3528 936 3586 et
960 3522 985 3586 J
986 3522 1106 3587 ohanui
1122 3523 1280 3588 sacerdoti
1306 3525 1347 3587 de
1372 3522 1501 3589 Sorai..

391 3629 573 3713 scripsisset
589 3650 626 3692 eo
641 3628 745 3707 modo,
761 3635 798 3694 ut
814 3629 877 3714 ipsi
903 3630 998 3694 simul
1023 3629 1073 3694 vel
1097 3629 1160 3694 duo
1185 3651 1223 3694 ex
1248 3631 1336 3714 ipsis,
1353 3633 1384 3696 in
1400 3633 1503 3697 octavis

389 3737 465 3802 festi
481 3736 640 3800 dominice
655 3737 918 3804 Resurreccionis
934 3738 1078 3821 proxime
1094 3739 1159 3803 iam
1184 3738 1359 3821 preteritis,
1374 3739 1503 3823 partibus

389 3845 439 3909 vel
456 3843 642 3909 earumdem
657 3845 920 3926 procuratoribus
930 3846 1142 3931 presentibus,
1152 3845 1344 3912 accederent
1356 3846 1502 3912 adfaciem

390 3952 514 4036 prefate
540 3951 750 4032 possessionis
775 3951 968 4034 Felbarcha,
984 3961 1018 4020 et
1041 3957 1146 4038 ipsam
1171 3955 1329 4018 universis
1354 3954 1457 4019 vicinis
1477 3959 1503 4015 et

391 4059 619 4125 commetaneis
635 4059 779 4142 legitime
796 4065 978 4129 convocatis
993 4084 1051 4148 per
1062 4085 1238 4130 suasveras
1248 4070 1282 4128 et
1296 4067 1441 4149 antiquas
1451 4083 1503 4126 me·

389 4176 440 4234 tas
456 4169 705 4253 reambularent,
723 4171 891 4254 ipsamque
917 4173 1052 4237 terciam
1076 4179 1205 4256 partem
1230 4173 1355 4256 prefate
1371 4172 1504 4257 possessi-

390 4277 459 4340 onis
475 4277 568 4342 iuxta
584 4279 818 4344 continenciam
835 4332 865 4348 ..
889 4281 1008 4364 prefati
1032 4281 1194 4365 privilegii
1218 4283 1353 4366 capituli
1371 4279 1504 4348 iamdicti

390 4405 462 4450 cum
478 4385 623 4450 omnibus
649 4389 715 4452 suis
733 4440 738 4452 .
756 4439 762 4455 .
787 4390 1042 4474 pertinenciis..
1067 4389 1170 4456 eidem
1195 4389 1324 4456 domine
1344 4391 1435 4458 Clare
1448 4387 1504 4453 filie

389 4492 519 4558 Kemen
536 4500 727 4576 statuerent,
743 4505 901 4582 perpetuo
916 4498 1150 4583 possidendam,
1178 4501 1205 4564 si
1230 4521 1293 4565 non
1320 4500 1428 4566 fuisset
1442 4518 1504 4561 con·

389 4601 575 4685 tradictum,
589 4605 843 4672 contradictores
854 4629 929 4673 vero
945 4609 973 4674 si
991 4609 1047 4691 qui
1062 4607 1206 4689 fuissent,
1218 4615 1332 4674 contra
1347 4611 1443 4694 ipsam
1457 4605 1505 4670 do·

389 4707 511 4775 minam
526 4710 628 4777 filiam
643 4713 781 4794 Kemeu,
798 4716 839 4781 ad
854 4717 956 4800 ipsius
973 4716 1094 4782 domini
1113 4717 1253 4802 episcopi
1278 4717 1504 4801 presenciam..

391 4815 432 4880 ad
449 4823 578 4881 octavas
595 4817 669 4884 festi
685 4821 895 4890 Pentecostes
911 4823 1057 4910 proxime
1067 4823 1240 4919 preteritas
1251 4827 1382 4904 evocari,
1391 4830 1421 4888 et
1429 4828 1508 4908 post-
