3138 5462
359 443 420 504 112
728 459 915 504 surouuosr
932 445 1147 504 osulurrls.

355 617 469 684 nostra
486 618 627 701 generali
644 617 725 683 feria
742 618 882 683 secunda
907 620 1053 703 proxima
1073 626 1148 686 ente
1165 619 1281 686 festum
1297 621 1385 686 beati
1400 621 1478 686 Lan·

354 727 454 793 rencii
479 726 621 792 martiris
646 747 685 792 ex
718 727 807 811 regio
833 735 985 812 precepto
1009 728 1191 795 literatorie
1226 730 1318 795 nobis
1343 731 1478 795 iniuncto

353 837 510 904 universis
526 834 686 901 nobilibus
703 841 736 901 et
750 833 945 904 innobilibus
970 837 1112 902 eiusdem
1128 839 1288 920 provincie
1304 838 1339 902 in
1354 839 1476 906 Castro

353 946 456 1012 ferreo
466 947 528 1010 rite
538 951 571 1009 et
581 945 725 1028 legitimo
742 943 913 1027 celebrato,
930 945 1019 1010 Bede
1029 946 1069 1010 de
1079 945 1176 1030 Hegy
1186 947 1326 1012 serviens
1338 947 1477 1030 magistri

353 1055 386 1121 N
388 1054 482 1120 icolei
497 1053 558 1118 filii
573 1051 710 1118 Helleus
726 1051 766 1116 de
783 1052 886 1118 medio
903 1052 1124 1131 universorum
1146 1055 1356 1138 exsurgendo
1373 1061 1477 1120 contra

354 1163 556 1247 Stephanum
571 1160 674 1226 filium
690 1161 781 1226 Petri
797 1159 856 1240 filii
874 1160 979 1226 Ylerk
1004 1161 1043 1226 de
1060 1160 1171 1226 eadem
1196 1161 1294 1245 Hegy
1318 1164 1478 1246 proposuit

353 1291 389 1335 eo
406 1269 509 1347 modo,
526 1267 612 1350 quod
627 1265 708 1332 seria
723 1267 824 1332 tercia
840 1268 986 1350 proxima
1002 1268 1034 1332 in
1051 1268 1165 1334 festum
1185 1267 1341 1334 Omnium
1352 1267 1476 1336 Sancto

355 1399 435 1454 rum,
452 1375 543 1440 cuius
559 1373 661 1439 tercie
676 1373 843 1438 adveniret
858 1372 1018 1440 revolucio
1034 1375 1193 1456 annualis,
1211 1374 1275 1439 duo
1291 1395 1476 1458 pecorosus

352 1486 469 1553 furtive
494 1483 698 1564 abstulissot3
730 1503 794 1565 quo
819 1481 930 1547 andito
950 1482 1036 1548 idem
1061 1481 1246 1568 Stephanus
1277 1483 1363 1549 filius
1394 1485 1475 1550 Petri

352 1601 465 1661 contra
481 1593 646 1678 proposita
663 1591 798 1675 predicti
814 1589 947 1656 Bedese
957 1591 1159 1658 innocentem
1175 1599 1208 1658 et
1223 1593 1398 1657 immunem
1414 1613 1474 1658 esse

352 1704 523 1788 allegarit3
547 1700 630 1766 uude
655 1721 713 1765 nos
738 1699 857 1764 auditis
880 1699 1027 1784 parcium
1043 1701 1330 1785 proposicionibuS,
1356 1701 1474 1766 admisi-

352 1835 422 1880 mus
438 1811 625 1888 iudicentes,
638 1807 813 1892 quodferia
823 1807 964 1872 secunda
980 1810 1126 1890 proxima
1135 1815 1210 1892 post
1219 1809 1336 1874 festum
1347 1808 1474 1875 Assum·

352 1922 451 1988 cionis
467 1921 561 1985 beate
577 1918 711 2002 virginis
727 1939 813 1983 nunc
828 1923 1008 1996 venturum,
1024 1917 1189 2001 predictus
1200 1918 1387 2002 Stephanus
1397 1917 1473 1981 lilius

334 2075 338 2085 ·
352 2031 443 2096 Petri
460 2047 568 2095 coram
584 2027 713 2093 homine
738 2033 848 2091 nostro
865 2025 907 2090 ad
922 2025 956 2090 id
971 2025 1136 2109 deputato,
1162 2033 1252 2093 sexto
1269 2047 1302 2093 se
1320 2025 1472 2092 nobilibus

352 2137 536 2204 hominibus
561 2143 690 2202 tenetur
715 2141 864 2220 prestare
889 2140 1126 2200 sacramentum
1151 2156 1247 2220 super
1272 2155 1317 2212 eo,
1342 2135 1427 2220 quod
1443 2137 1472 2198 in

352 2247 516 2332 premissis
532 2243 808 2330 proposicionibus
824 2243 962 2326 predicti
978 2242 1068 2308 Bede
1093 2243 1246 2309 innocens
1261 2243 1362 2309 fuerit
1377 2247 1409 2308 et
1423 2243 1472 2306 im·

352 2358 466 2422 munis.
490 2356 616 2420 Datum
642 2352 780 2419 secundo
805 2352 856 2417 die
882 2353 1144 2436 congregacionis
1168 2359 1278 2418 nostre
1304 2357 1472 2436 prenotate,
1559 2383 1560 2410 r

351 2485 435 2530 anno
451 2464 571 2530 domini
587 2463 639 2528 Μο
664 2459 785 2527 000“10
801 2461 1050 2544 quadragesimo
1066 2461 1211 2544 septimo.

457 2627 586 2691 Paplron,
600 2626 661 2675 zdrt
674 2625 802 2688 alakban‚
816 2640 832 2674 a
845 2625 973 2674 ztrlaton
995 2623 1063 2689 lelig
1075 2624 1109 2688 ep
1122 2623 1264 2689 pecsettel‚
1277 2623 1407 2686 melynek
1420 2621 1469 2685 pai·

349 2719 481 2768 zsabana
494 2715 666 2767 czlmeralsb
688 2714 763 2764 resne
785 2715 846 2764 mtr
867 2713 1079 2779 leporladozott,
1103 2715 1228 2764 ozouban
1249 2729 1266 2764 a
1288 2713 1363 2762 sisak
1386 2711 1467 2763 selecti

351 2807 486 2858 oromdlsz
497 2824 503 2856 :
518 2819 570 2870 egy
581 2805 699 2855 koronts
710 2804 755 2868 lej‚
766 2803 895 2867 melynek
908 2803 1030 2853 vslltbdl
1041 2803 1089 2854 ket
1099 2805 1243 2867 sasszdrny
1252 2803 1369 2866 nyomul
1379 2803 1469 2866 jobbro

352 2898 380 2948 ds
393 2899 479 2962 belm,
499 2897 562 2961 meg
581 2896 719 2946 kivehetd.
737 2894 854 2944 Lorincu
868 2893 985 2958 stirpen,
1007 2895 1037 2944 ki
1050 2895 1163 2958 mdskep
1186 2894 1372 2944 ›Laurencius
1386 2894 1470 2942 Toto«

349 2987 438 3038 neven
450 2988 599 3050 ismerotes,
613 2985 690 3035 Kont
703 2983 806 3034 Mikros
829 2983 918 3034 ntdor
939 2983 1017 3046 atyja
1031 2985 1097 3034 volt.
1126 2985 1204 3034 Kont
1226 2983 1328 3035 Mikros
1351 2982 1472 3034 czlmerd·

349 3081 402 3128 ben
415 3075 532 3129 husonlt
545 3075 698 3128 oromdtszt
709 3075 848 3126 taltlunli.
1390 3065 1393 3070 '

888 3509 939 3573 50.

350 3673 445 3737 1347.
462 3670 573 3750 Forrd,
590 3693 661 3755 cup.
672 3671 703 3733 9.
720 3667 831 3755 Abavj
838 3672 1002 3754 odrmepye
1017 3665 1215 3752 ispdojdook
1229 3665 1260 3728 ds
1275 3664 1473 3750 azolpobiro'i·

346 3781 411 3845 oak
419 3781 564 3864 jeloottso
589 3778 707 3844 Mitto
721 3777 889 3856 oddorboz,
907 3799 928 3840 o
939 3775 1059 3840 Ferroi
1073 3775 1175 3841 Jdreos
1194 3778 1351 3861 corpdjdo
1368 3773 1471 3836 reboet

478 3887 559 3952 sual
575 3887 732 3952 olkdoetett
747 3883 1007 3950 botolmcclcodds
1022 3881 1327 3969 mopsizspolosool.

455 4099 462 4115 .
480 4100 486 4115 .
503 4049 641 4116 Nicoleo
658 4098 664 4112 .
681 4098 688 4112 .
712 4040 860 4132 palatino
876 4053 909 4112 et
924 4045 1023 4112 iudici
1048 4065 1278 4111 comanorum.
1295 4093 1301 4108 .
1319 4043 1473 4128 magister

346 4161 463 4226 Petrus
479 4159 693 4244 parochianus
709 4163 743 4222 et
758 4163 899 4240 quatuor
924 4155 1045 4221 iudices
1070 4153 1224 4219 nobilium
1250 4153 1289 4218 de
1314 4152 1469 4217 comitatu
1557 4163 1558 4166 ’

346 4268 386 4333 de
396 4267 578 4353 Abowyvar
588 4319 594 4333 .
606 4317 612 4331 .
623 4267 735 4333 literas
753 4273 858 4331 vestre
874 4263 1115 4348 magnificencie
1132 4312 1139 4327 .
1155 4311 1162 4326 .
1177 4263 1356 4346 recepimus
1371 4261 1403 4324 in
1415 4261 1474 4326 hec

347 4377 461 4442 verba:
484 4375 641 4441 Nicolaus
657 4425 664 4440 .
681 4374 873 4458 .palatinus
899 4377 932 4438 et
955 4371 1052 4437 iudex
1077 4391 1283 4437 comanorum
1308 4421 1340 4434 ..
1366 4369 1476 4433 comiti

347 4484 397 4550 vel
412 4483 589 4550 vicecomiti
606 4489 639 4548 et
654 4481 816 4548 iudicibus
833 4479 990 4546 nobilium
1006 4481 1177 4545 comitatus
1188 4477 1227 4542 de
1243 4475 1429 4560 Abawyvar
1446 4527 1452 4542 .
1470 4527 1476 4540 .

346 4593 426 4658 dicit
439 4593 530 4656 uobis
546 4592 715 4658 dohsnnes
732 4591 817 4654 lilius
832 4589 950 4653 Jacobi
968 4588 1006 4651 de
1023 4587 1155 4652 Forrow
1172 4585 1204 4650 in
1221 4607 1280 4650 sua
1296 4592 1328 4650 et
1343 4583 1475 4651 Nicolai
1557 4619 1558 4644 r
