3192 5466
573 498 668 569 1348.
683 521 752 569 sora
772 507 823 568 25.
1198 503 1259 570 nrt

134 701 194 764 quo
211 689 260 750 est
275 689 363 749 meta
388 690 504 762 terrea,
532 663 647 750 deinde
672 686 837 751 deseendit
853 686 894 750 ad
910 685 1045 751 eandem
1071 692 1200 771 partem
1216 705 1262 749 se-

132 794 333 876 ptemtrionis
349 793 391 857 ad
407 792 532 875 lignum
556 793 638 858 iliois
663 794 722 859 sub
745 816 809 878 quo
825 802 874 860 est
898 802 985 860 meta
1009 803 1125 874 terrea,
1148 794 1262 858 deinde

131 904 247 966 transit
262 901 345 966 valle
362 897 443 985 (igy)
459 901 568 966 Zador
585 908 618 966 et
633 903 722 967 vadit
737 903 778 966 ad
794 926 891 968 unam
908 911 1026 968 metam
1041 911 1190 981 terream,
1207 903 1259 966 de-

129 1010 201 1074 inde
217 1011 336 1075 transit
352 1017 384 1074 et
399 1010 488 1075 vadit
498 1012 540 1075 ad
550 1011 685 1076 eandem
701 1017 828 1096 partem
845 1012 1083 1096 septemtrionis
1102 1011 1143 1076 sd
1159 1032 1259 1075 unum

128 1118 250 1200 lignum
275 1117 394 1182 kerkus
420 1116 479 1183 sub
505 1139 568 1200 qno
596 1125 645 1182 est
670 1124 756 1182 meta
781 1127 896 1201 terrea,
932 1119 1048 1184 deinde
1073 1118 1179 1184 tendit
1198 1141 1255 1201 per

131 1225 267 1290 eandem
284 1226 325 1290 ad
342 1247 440 1290 unam
461 1231 602 1290 terream
620 1232 749 1304 metam,
766 1245 828 1306 que
844 1226 929 1292 iacet
954 1249 1044 1316 secus
1070 1229 1259 1292 seminatam

129 1329 209 1418 (igy)
237 1353 300 1414 que
330 1333 421 1397 vadit
444 1334 479 1396 in
496 1329 643 1414 Garmat,
669 1333 785 1396 deinde
809 1333 915 1398 tendit
939 1356 997 1418 per
1013 1336 1203 1399 seminatam
1220 1334 1261 1398 ad

128 1443 263 1508 eandem
279 1442 540 1526 septemtrionem
556 1441 598 1506 ad
615 1463 713 1506 unam
739 1449 858 1508 metam
883 1452 1024 1509 terream
1049 1465 1112 1528 que
1128 1446 1212 1510 iacet
1227 1446 1261 1508 in

126 1552 187 1616 fine
204 1559 292 1617 terre
308 1551 450 1632 arabilis,
466 1551 582 1616 deinde
598 1551 702 1616 tendit
718 1573 776 1635 per
800 1553 904 1635 ipsam
930 1561 1051 1618 terram
1068 1553 1109 1618 ad
1126 1552 1261 1617 eandem

125 1669 253 1744 partem
269 1662 508 1745 septemtrionis
519 1661 561 1726 od
571 1683 669 1726 unam
679 1667 798 1726 metam
809 1669 956 1742 terream,
971 1663 1085 1728 deinde
1095 1663 1260 1728 deseendit

125 1791 235 1835 versus
261 1773 418 1835 orientem
442 1769 484 1835 ad
509 1791 607 1834 unam
632 1775 752 1834 metam
776 1775 916 1835 terream
942 1791 1004 1852 que
1030 1777 1079 1836 est
1104 1772 1136 1836 in
1153 1769 1257 1836 medio

127 1883 213 1942 terre
239 1877 383 1956 erabilis
400 1877 516 1942 deinde
542 1875 708 1942 deseendit
734 1898 844 1941 versus
870 1878 1006 1942 eundem
1033 1879 1190 1942 orientem
1215 1879 1257 1942 ad

124 2007 224 2050 unam
245 1991 366 2050 metam
392 1991 541 2064 terream,
576 1985 691 2049 deindo
716 1985 882 2050 deseendit
907 2008 1017 2051 versus
1044 1986 1258 2051 meridianum

123 2115 297 2176 peronam
312 2114 465 2176 magnam
481 2093 566 2157 riam
584 2113 646 2175 que
662 2093 751 2157 vadit
776 2093 815 2157 de
840 2093 917 2158 villa
933 2094 1063 2159 Zantho
1090 2095 1123 2158 in
1149 2093 1259 2158 villam

121 2200 264 2266 Demien
281 2203 432 2266 adunam
442 2207 562 2266 metam
577 2201 848 2280 terreamdeinde
859 2202 1024 2268 descendit
1034 2224 1143 2268 versus
1155 2203 1257 2266 orien-

121 2317 189 2376 tem
205 2311 250 2375 ad
265 2319 394 2392 partem
410 2309 541 2375 Luoasii
558 2310 614 2375 ubi
633 2317 708 2376 sunt
726 2311 787 2375 due
808 2317 891 2376 mete
917 2317 1021 2375 terroe
1039 2316 1071 2376 et
1087 2311 1131 2375 ibi
1148 2313 1257 2376 termia

121 2427 264 2500 nantnr3
289 2425 471 2503 *separatur
502 2424 611 2483 autem
636 2418 773 2494 Nicolao
799 2440 837 2484 ao
861 2418 1018 2484 Miohaeli
1043 2419 1213 2483 antedictis
1239 2441 1259 2482 a

120 2535 216 2610 parte
244 2528 398 2607 inferiori,
423 2527 565 2593 Lucasio
589 2548 663 2592 vero
688 2527 852 2592 antedicto
878 2548 898 2590 a
923 2527 1098 2610 superiori;
1128 2531 1257 2609 pratum

119 2643 233 2702 autem
250 2635 329 2701 dieti
345 2635 449 2702 Blasii
466 2635 524 2700 filii
540 2634 634 2700 Benlr
651 2642 761 2718 partes
777 2633 920 2719 predicte
936 2633 1047 2698 taliter
1063 2633 1259 2722 diviserunt:

119 2745 210 2826 quod
227 2766 248 2808 a
264 2745 423 2810 fructibus
439 2743 595 2827 plantatis
617 2744 722 2808 tendit
737 2761 848 2808 versus
864 2741 1078 2806 meridianum
1087 2747 1258 2824 permotas

118 2851 336 2936 quamplures
368 2871 469 2933 usque
486 2849 639 2916 adfinem
655 2851 798 2916 eiusdem
816 2849 912 2932 prati,
938 2855 1066 2931 aparte
1082 2853 1168 2911 terre
1185 2869 1256 2912 ara-

116 2961 194 3026 bilis
210 2960 355 3027 Nikolao
372 2963 405 3025 et
419 2959 573 3026 Michaeli
589 2959 663 3026 filiis
688 2961 714 3026 J
714 2961 850 3025 ohannis
867 2965 999 3042 separat
1015 2964 1047 3021 et
1064 2957 1221 3040 distingit
1238 2981 1258 3022 a

119 3081 219 3158 parte
236 3095 311 3138 vero
327 3071 417 3137 fluvii
433 3073 571 3138 Lucasio
597 3069 662 3138 filio
679 3070 778 3135 Mooh
799 3069 953 3134 successit
977 3065 1209 3150 perpetualiter
1226 3073 1259 3130 et

118 3183 415 3247 sieterminantnr.
433 3181 573 3245 ‚Datum
583 3180 616 3244 in
626 3179 797 3263 Hydnegh‚
807 3177 888 3241 ferie
899 3173 1173 3260 quartaproxima
1182 3181 1255 3255 post

119 3297 256 3354 octavas
273 3297 384 3354 sancte
400 3287 583 3364 Trinitatis,
610 3308 693 3350 anno
713 3287 799 3350 domi
815 3283 868 3348 Μ0
892 3281 989 3350 000ο
1013 3281 1118 3346 XL'0
1134 3286 1256 3344 octavo.

235 3470 390 3534 natrapjan
400 3475 430 3520 ot
440 3469 531 3532 peoset
541 3467 715 3531 nyomaival;
729 3465 859 3528 eredetije
869 3481 885 3515 a
895 3465 929 3514 N.
940 3465 1133 3515 Muzeumban.
1145 3463 1257 3527 Ugyan-

117 3567 165 3612 ott
178 3561 260 3610 orzik
273 3575 306 3610 az
319 3559 484 3626 esztergomi
506 3558 697 3622 keptalannak
721 3561 797 3607 1348.
820 3561 900 3606 mart.
926 3554 1006 3606 lit-en
1028 3554 1087 3602 kelt
1110 3551 1257 3615 oklevelet,

115 3653 198 3715 mely
213 3651 318 3701 ezerint
345 3649 471 3700 »Blasius
484 3648 557 3697 filius
570 3649 648 3697 Benk
663 3647 696 3696 de
709 3645 856 3712 Magerad«
880 3647 1040 3696 hosonnevtl
1062 3645 1140 3692 Hont
1152 3643 1257 3691 verme-

114 3743 187 3807 gyei
198 3740 370 3792 birtoktnak
381 3753 433 3803 egy
442 3736 591 3788 nar-manat
604 3752 620 3786 a
633 3738 748 3786 fontebb
762 3736 883 3785 emittett
893 3731 1055 3798 Magyartdi
1066 3733 1151 3782 Janos
1164 3731 1257 3780 flanak

114 3831 226 3896 eladta,
250 3828 473 3896 mng'egyezven,
496 3830 571 3893 htgy
596 3842 612 3876 a
633 3827 721 3876 mtsik
743 3826 816 3875 reszt
837 3824 993 3874 »Luoaohio
1015 3823 1073 3871 filio
1086 3821 1255 3870 Mooh«·nak

114 3922 239 3972 adtael.
