3188 5470
533 469 627 534 1349.
643 489 710 534 run.
730 472 780 534 16.
886 539 891 548 ,

620 761 691 826 169.

103 923 188 986 1349.
205 919 377 999 Szibobm,
386 921 450 1003 jul.
471 922 519 984 16.
538 919 639 984 Hence
654 923 820 1006 cdrmepye
844 919 1023 1006 alispdajui
1049 923 1079 986 e‘s
1104 923 1220 1008 szolqa·

100 1033 176 1098 birdr‘
189 1030 260 1094 abac
277 1027 396 1107 Isinda
410 1053 432 1093 a
448 1027 557 1114 birdly
583 1035 701 1114 magde
717 1030 920 1114 jcpyzdjdneb
947 1031 1121 1095 Istcdnnck
1129 1034 1220 1119 jepp-

98 1143 163 1225 rdy'e,
188 1137 297 1203 Batai
321 1137 457 1222 Saepdny
481 1133 613 1202 Andeda
632 1135 740 1218 ιΙΐαύαἷ
756 1136 930 1212 Istcdnrral,
950 1135 1094 1220 Giletfla
1118 1138 1220 1204 Jdnos

99 1249 207 1330 lardcai
217 1245 354 1332 fdr'sprdu
363 1243 555 1331 jcpyzdjdocl
570 1243 672 1309 abban
691 1243 838 1330 epyeanelc
858 1267 936 1330 meg,
951 1245 1030 1332 kopp
1048 1269 1070 1309 a
1089 1255 1222 1310 neoczett

101 1355 223 1420 Andrcts
236 1353 289 1435 fla
316 1346 426 1416 Isis-cn
451 1351 482 1415 ds
507 1351 582 1416 Kurr
607 1353 698 1416 Peter
722 1351 791 1415 ken
806 1349 987 1437 fbnforpott
1009 1363 1101 1440 itqyet
1117 1352 1223 1439 fopott

514 1457 607 1523 birdlr
623 1458 749 1522 dbntedic
766 1458 801 1523 el.

197 1601 268 1669 Nos
294 1603 449 1684 magister
481 1601 649 1666 dohannes
674 1599 760 1666 filius
786 1599 967 1668 Alexandri
992 1604 1164 1671 vicecomes
1190 1613 1222 1670 et

97 1713 212 1778 iudices
228 1710 385 1796 nobilium
401 1710 574 1775 comitatus
590 1709 629 1774 de
646 1708 861 1794 Heuesuyuar
886 1713 1039 1777 memorie
1064 1733 1221 1778 commen-

98 1822 216 1902 damus,
248 1819 334 1902 quod
366 1819 521 1902 magistro
552 1817 717 1903 Stephano
748 1819 879 1885 literato
914 1822 1040 1886 notario
1071 1823 1220 1905 magistri

97 1926 249 2010 Stephani
266 1926 415 2012 specialis
431 1927 552 1992 notarii
567 1927 688 1992 domini
704 1929 789 2010 regis
806 1927 847 1993 ab
863 1951 936 2006 una,
952 1931 1029 1994 item
1043 1929 1222 1994 Benedicto

98 2035 157 2100 filio
182 2034 320 2101 Andree
344 2035 421 2100 dicti
447 2035 557 2118 Zegen
582 2035 622 2100 de
647 2036 740 2102 Baab
765 2057 839 2102 cum
863 2038 1094 2121 procuratoriis
1119 2038 1222 2102 literis

95 2144 211 2208 domini
233 2193 264 2210 ..
289 2142 426 2227 palatini
452 2191 483 2207 ..
507 2164 566 2228 pro
591 2145 746 2226 magistro
772 2143 939 2226 Stephano
963 2143 1096 2210 literato
1122 2144 1222 2210 fratre

96 2273 158 2328 suo,
173 2253 302 2316 notario
319 2252 467 2334 magistri
484 2250 508 2315 J
510 2251 646 2316 ohannis
661 2250 720 2316 filii
737 2250 854 2335 Gelety
874 2253 999 2316 comitis
1024 2252 1064 2316 de
1090 2253 1222 2318 Turuch

95 2366 183 2442 parte
194 2358 237 2422 ab
247 2359 353 2422 altera
372 2379 480 2423 coram
490 2357 582 2422 nobis
591 2357 806 2442 personaliter
817 2359 1012 2438 constitutis,
1029 2381 1086 2444 per
1096 2360 1222 2425 eosdem

95 2469 292 2552 propositum
308 2467 434 2533 exstitit
450 2517 456 2531 .
473 2516 480 2530 .
500 2467 586 2550 quod
601 2468 662 2550 ipsi
679 2469 712 2532 in
728 2489 834 2548 causa,
851 2488 950 2549 quam
966 2467 1050 2534 idem
1066 2470 1222 2552 magister

95 2573 278 2659 Stephanus
294 2574 380 2639 filius
397 2572 529 2640 Andree
545 2581 657 2640 contra
681 2575 813 2640 Petrum
842 2574 964 2642 dictum
989 2576 1071 2642 Kun
1095 2597 1222 2641 movere

94 2683 208 2750 babere
235 2684 465 2761 dinosceretur,
491 2682 627 2748 arbitrio
653 2689 794 2765 quatuor
819 2683 992 2768 proborum
1018 2693 1050 2750 et
1067 2683 1223 2750 nobilium

93 2793 231 2856 virorum
257 2813 292 2856 se
316 2791 540 2857 submisissent
564 2841 594 2855 ..
621 2791 679 2856 tali
703 2791 807 2872 modo,
831 2792 918 2875 quod
943 2793 1101 2878 quidquid
1126 2792 1223 2858 iidem

92 2907 232 2980 quatuor
256 2900 349 2984 probi
374 2907 407 2965 et
431 2891 555 2966 nobiles
579 2900 648 2979 viri,
674 2921 811 2982 quorum
837 2901 917 2966 duos
935 2923 1000 2966 una
1015 2901 1171 2986 parcium,
1189 2908 1221 2966 et

92 3007 208 3073 alteros
219 3007 300 3074 duos
310 3007 415 3072 altera
430 3009 576 3092 parcium
591 3008 738 3090 adducet,
758 3007 837 3074 feria
855 3015 972 3090 quarta
987 3009 1134 3093 proxima
1150 3016 1224 3094 post

91 3123 219 3181 cctams
236 3115 325 3181 beati
341 3115 515 3182 Laurencii
531 3117 677 3182 martiris
687 3138 773 3181 nunc
792 3123 944 3182 venturas
961 3137 1068 3182 coram
1081 3116 1223 3202 capitulo

91 3222 222 3289 ecclesie
239 3223 400 3290 Budensis
427 3223 674 3302 arbitrarentur,
699 3225 760 3290 hoc
784 3223 877 3289 ambe
903 3230 1013 3308 partes
1037 3229 1225 3290 tenerentur

91 3337 281 3416 acceptare;
305 3331 366 3397 hcc
390 3353 448 3416 per
464 3331 586 3398 dictum
611 3332 804 3416 magistrum
831 3332 1032 3416 Stephanum
1061 3333 1224 3398 notarium

90 3441 236 3506 eiusdem
252 3443 400 3525 magistri
417 3441 575 3527 Stephani
591 3448 745 3524 assumto,
771 3441 858 3523 quod
883 3443 910 3506 si
936 3441 1080 3526 prefatus
1105 3441 1224 3506 Petrus

89 3551 197 3632 ipsum
221 3549 394 3615 arbitrium
420 3570 484 3616 non
508 3557 702 3634 acceptaret,
728 3550 777 3614 vel
803 3551 872 3634 ipse
896 3549 1045 3615 videlicet
1070 3549 1225 3632 magister

90 3659 280 3742 Stephanus
306 3659 442 3723 eundem
467 3659 602 3724 Petrum
628 3658 800 3740 adipsum
825 3657 997 3723 arbitrium
1016 3657 1175 3722 adducere
1193 3663 1225 3720 et

88 3771 234 3831 statuere
250 3787 313 3830 non
340 3771 469 3830 curaret
486 3772 624 3830 autnon
643 3773 759 3849 posset,
784 3771 902 3829 extunc
927 3763 996 3847 ipse
1021 3764 1144 3830 scilicet
1159 3785 1225 3832 ma·

86 3875 190 3956 gister
205 3872 391 3958 Stephanus
407 3874 552 3940 neurius
562 3874 642 3938 dicti
652 3873 800 3958 magistri
816 3872 983 3956 Stephani,
1000 3877 1111 3936 contra
1127 3891 1224 3936 anno·

87 3989 194 4047 tatum
211 3983 404 4064 magistrum
419 3980 622 4064 Stephanum
638 3983 803 4046 notarium
818 3981 966 4074 magistri
985 3977 1147 4045 Johannis
1164 3978 1224 4042 filii

86 4091 210 4175 Gelety
235 4091 269 4154 in
294 4089 412 4154 iudicio
437 4091 538 4154 trium
563 4111 745 4155 marcarum
776 4089 1018 4154 convinceretur
1037 4107 1075 4151 eo
1090 4085 1174 4151 facto
1191 4135 1223 4151 ..

85 4199 213 4264 Datum
223 4199 258 4263 in
268 4196 437 4277 Zenhalm,
447 4197 529 4263 feria
539 4200 653 4282 quinta
662 4199 809 4285 proxima
825 4203 898 4282 post
910 4195 1027 4261 fastum
1045 4195 1222 4260 Divisicnis

86 4309 337 4394 Apostolorum,
353 4330 438 4372 anno
455 4309 575 4373 domini
592 4307 643 4372 M⁰
668 4305 787 4374 Occu
805 4306 909 4372 XL³²⁰
926 4327 1017 4370 ncnc.

200 4455 331 4518 Paplrou,
344 4454 489 4518 hadapjsn
504 4455 602 4504 harem
616 4455 707 4517 penset
720 4453 926 4518 toredtkeivel3
953 4451 1083 4514 ererletije
1103 4467 1135 4500 az
1156 4467 1226 4502 orez.

87 4547 116 4594 lr.
133 4546 239 4595 kinost.
253 4551 323 4594 oszt.
338 4545 371 4594 N.
385 4546 419 4594 R.
433 4545 466 4594 Λ.
483 4550 559 4596 1698.
574 4550 618 4594 63.
631 4541 699 4608 dipl.
710 4539 777 4595 oszt.
792 4549 870 4595 4059.
891 4543 990 4592 Kozli:
1011 4543 1118 4592 Kovacs
1133 4544 1166 4592 N.

133 4767 293 4804 nnsousoar
310 4752 481 4800 oxulsrrln.
499 4765 524 4803 v.
536 4754 632 4806 uorsa,
1087 4759 1119 4803 ρο
