3180 5470
378 557 443 620 452
742 573 928 618 suuouuour
945 559 1160 618 ouulurrln.

376 734 545 818 dictusque
561 731 752 798 Dominicus
769 734 853 798 filius
869 733 994 812 Doucb,
1010 735 1080 812 hoc,
1098 741 1133 800 ut
1148 735 1217 817 ipse
1233 734 1272 798 de
1306 753 1421 814 genere
1443 733 1500 796 Za-

383 842 463 926 grab
480 854 513 906 et
528 841 661 926 Korpas
677 843 721 906 sit
747 848 779 906 et
804 841 909 922 fuerit,
926 864 964 907 ac
980 843 1058 906 dicti
1078 841 1235 906 Nicolaus
1252 850 1285 906 et
1304 838 1500 925 Georgius..

380 971 547 1034 nunquam
576 950 615 1014 de
648 971 763 1033 genere
789 951 920 1033 Zagrab
956 957 989 1015 et
1015 951 1156 1034 Korpas,
1192 973 1252 1015 nec
1284 972 1357 1016 cum
1383 951 1448 1035 ipso
1473 951 1501 1013 in

379 1081 444 1124 rina
467 1059 553 1123 linea
569 1059 788 1142 generacionis
805 1059 871 1123 siut
887 1058 1009 1124 fuerint
1034 1067 1065 1124 et
1089 1053 1238 1136 existant,
1267 1057 1501 1142 quampluribus

378 1168 484 1253 pteris
521 1167 775 1250 privilegialibus
815 1167 1027 1250 inquisitoriis
1072 1169 1312 1251 protestatoriis
1343 1175 1377 1232 et
1407 1168 1501 1250 probi-

377 1274 513 1356 bitoriis,
538 1297 651 1359 regum
677 1275 893 1358 capitulorum
919 1283 952 1340 et
977 1283 1191 1342 conventuum
1217 1284 1249 1340 et
1275 1275 1416 1342 aliorum
1431 1275 1503 1340 iudi·

378 1412 451 1456 cum
482 1408 538 1451 seu
569 1383 820 1448 iusticiariorum
850 1385 952 1466 regni,
983 1391 1080 1466 prout
1106 1384 1256 1466 superius
1273 1405 1424 1466 expresse
1439 1406 1503 1448 cou-

379 1499 512 1571 tinetur‚
529 1492 762 1556 evidentissime
779 1491 977 1572 declarabat,
1002 1513 1040 1556 ac
1066 1491 1166 1556 eciam
1192 1492 1362 1575 predictus
1379 1493 1503 1560 Gozmas

380 1604 475 1670 simili
493 1600 585 1667 modo
603 1619 741 1662 unacum
757 1597 876 1661 eisdem
887 1595 962 1662 filiis
989 1597 1150 1663 Johannis
1176 1599 1208 1662 in
1234 1621 1299 1664 una
1326 1601 1503 1683 consangui-

382 1711 502 1776 neitate
519 1730 576 1774 seu
592 1707 677 1770 linea
687 1706 907 1788 generacionis
924 1727 993 1770 esse
1004 1711 1037 1770 et
1053 1706 1159 1786 luisse,
1170 1728 1208 1772 ac
1218 1707 1322 1772 dictas
1338 1709 1504 1791 possessio·

379 1841 435 1884 nes
451 1838 526 1882 suas
547 1815 666 1880 eisdem
693 1814 767 1880 filiis
798 1815 960 1879 Johaunis
986 1836 1044 1899 per·
1070 1817 1176 1898 ipsum
1201 1815 1296 1881 datas
1320 1823 1353 1882 et
1379 1817 1503 1882 collatas

378 1926 507 1991 omuino
523 1923 715 2006 abnegabat,
742 1923 884 2005 dictique
902 1922 1056 1988 Nicolaus
1082 1931 1115 1988 et
1135 1923 1295 2006 Georgius
1313 1923 1373 1988 filii
1392 1925 1504 1990 Johan·

378 2034 427 2098 nis
444 2032 535 2097 nobis
552 2038 584 2096 et
603 2029 757 2114 predictis
773 2030 948 2096 baronibus
975 2037 1007 2094 et
1027 2030 1186 2096 nobilibus
1213 2033 1304 2114 regni
1331 2033 1419 2116 ipsas
1436 2054 1500 2116 pos-

378 2141 534 2206 sessiones
551 2161 589 2204 ac
605 2140 857 2222 possessionaria
873 2140 946 2204 iura
963 2141 1130 2204 memorati
1147 2138 1311 2204 Dominici
1327 2139 1388 2204 lilii
1398 2139 1505 2204 Donch

378 2250 483 2314 minus
514 2248 598 2313 iuste
633 2254 665 2311 et
699 2245 840 2310 indebite
865 2245 1042 2330 possedisse
1077 2246 1278 2324 cernebatur,
1309 2248 1382 2311 ideo
1409 2247 1506 2331 predi·

379 2363 449 2422 ctas
465 2355 680 2440 possessiones
696 2353 848 2437 Haripan
864 2353 966 2418 Kezw
983 2359 1014 2418 et
1031 2353 1162 2419 Rechlre
1173 2361 1313 2432 vocatas,
1325 2355 1431 2420 eidem
1447 2356 1505 2420 Do

384 2465 500 2530 minico
525 2461 591 2527 filio
611 2460 728 2526 Donch
752 2461 1014 2540 adiudicarimus,
1030 2463 1100 2526 sine
1125 2462 1300 2545 preiudicio
1316 2463 1398 2528 iuris
1413 2463 1506 2527 alieni

380 2577 536 2658 perpetuo
553 2567 762 2654 possidendas
780 2620 809 2632 ..
836 2569 1027 2654 eosdemque
1052 2569 1135 2635 filios
1160 2570 1323 2635 Johanuis
1343 2591 1402 2652 pro
1426 2570 1506 2635 inde-

378 2680 447 2745 bita
471 2685 504 2744 et
528 2678 728 2762 potenciaria
752 2677 897 2760 ipsarum
923 2678 1167 2744 conservacione
1192 2685 1305 2744 contra
1331 2679 1508 2762 predictum

380 2789 587 2854 Dominicum
605 2839 611 2852 .
629 2838 635 2852 .
659 2787 693 2850 in
709 2785 794 2850 facto
810 2788 966 2868 potencie,
982 2809 1041 2871 pro
1058 2809 1095 2852 eo
1111 2793 1220 2853 autem
1237 2788 1316 2872 quia
1341 2787 1438 2852 iidem
1454 2786 1506 2852 Ni·

379 2897 489 2962 colaus
505 2895 610 2960 dictus
626 2892 771 2976 Chynige
788 2915 847 2958 sua
863 2901 895 2958 et
918 2894 996 2958 dicti
1021 2894 1157 2980 Georgii
1182 2895 1295 2960 fratris
1320 2898 1371 2960 sui
1386 2897 1419 2960 in
1443 2918 1507 2980 per·

380 3025 467 3085 sona,
478 3004 585 3068 hocut
600 3001 765 3086 predictus
782 2998 917 3066 Gozmas
933 3002 1094 3068 diotaduo
1111 3003 1280 3086 privilegia
1297 3003 1507 3086 capitulorum

380 3109 613 3196 Strigoniensis
630 3114 662 3172 et
677 3105 848 3190 Agriensis
865 3108 1073 3175 ecclesiarum
1098 3111 1177 3193 ipsis
1193 3111 1234 3176 ad
1259 3112 1507 3178 conservandum

380 3221 528 3302 dedisset,
545 3223 578 3282 et
593 3216 671 3281 dicti
688 3213 849 3298 Georgius
865 3222 898 3280 et
913 3217 1037 3283 Paulus
1053 3217 1111 3285 filii
1129 3218 1229 3284 Isaalr
1245 3219 1360 3285 eadem
1376 3220 1439 3285 duo
1449 3222 1508 3304 pri·

379 3329 496 3411 vilegia
513 3346 652 3392 unacum
668 3325 741 3390 aliis
768 3325 945 3408 privilegiis
962 3331 995 3390 et
1010 3327 1233 3392 instrumentis
1254 3328 1400 3411 ipsorum
1415 3350 1509 3412 super

379 3432 632 3520 possessionibus
648 3453 759 3496 eorum
775 3431 936 3510 confectis,
947 3434 986 3498 de
997 3435 1133 3501 ecclesia
1149 3433 1269 3502 Sancte
1285 3435 1509 3519 Elyzabethin

381 3543 495 3608 eadem
511 3541 627 3608 Malah
643 3539 754 3606 habita
771 3539 887 3605 furtive
903 3541 1120 3621 abstulissent,
1130 3541 1220 3608 nulla
1229 3543 1371 3608 euidenti
1385 3546 1510 3609 racione

379 3649 618 3736 comprobabat,
634 3648 740 3713 dictus
756 3668 830 3712 vcro
847 3645 983 3714 Gozmas
998 3650 1086 3716 dicta
1111 3650 1174 3716 duo
1197 3651 1369 3734 priuilegia
1392 3653 1512 3718 eisdem

379 3759 454 3826 filiis
470 3759 495 3824 J
496 3756 631 3824 ohannis
648 3777 706 3839 pro
731 3777 777 3834 eo,
803 3757 880 3840 quia
895 3779 955 3823 nec
971 3759 1110 3841 proximi
1134 3780 1193 3824 uec
1218 3761 1453 3846 consanguinei
1468 3763 1511 3846 ip-

381 3868 448 3932 sius
465 3866 569 3931 forent
586 3871 618 3928 et
632 3865 776 3946 fuissent,
794 3864 835 3929 ad
851 3867 1104 3932 conservandum
1120 3889 1154 3932 se
1170 3888 1235 3932 nou
1253 3867 1381 3934 dedisse
1396 3869 1512 3934 rasere

381 3975 446 4054 bat,
463 3974 503 4038 ob
520 3975 580 4038 hoc
596 3992 653 4036 uos
669 3993 808 4036 unacum
825 3972 961 4054 prefatis
977 3973 1152 4040 baronibus
1177 3981 1210 4040 et
1235 3973 1397 4042 nobilibus
1422 3979 1514 4062 regni

381 4083 508 4148 eosdem
525 4080 700 4149 Nicolaum
715 4085 748 4143 et
765 4077 943 4164 Georgium
959 4081 1042 4146 filios
1068 4082 1092 4148 J
1093 4082 1238 4161 ohannis,
1263 4085 1392 4151 racione
1407 4085 1514 4162 huius,

380 4191 457 4275 quia
472 4190 569 4256 iidem
586 4191 645 4258 filii
660 4192 686 4258 J
687 4193 822 4258 ohannis
838 4199 933 4278 prout
949 4195 1095 4278 superius
1112 4201 1328 4276 asseruerant,
1344 4195 1516 4262 iamdictos
1575 4211 1576 4236 l

380 4297 559 4383 Georgium
576 4305 609 4365 et
624 4300 764 4365 Paulum
780 4299 864 4366 filios
890 4301 969 4367 Isalr
994 4301 1082 4367 fures
1108 4301 1329 4386 predictarum
1343 4303 1515 4370 literarum

379 4429 447 4473 esse
479 4414 512 4472 et
541 4408 638 4474 fuisse
669 4407 877 4493 comprobare
893 4431 956 4475 non
980 4409 1117 4491 valebat,
1142 4410 1207 4474 imo
1222 4409 1255 4473 in
1272 4409 1335 4474 hac
1349 4415 1448 4493 parte
1465 4433 1517 4495 pe

380 4515 467 4579 nitus
483 4513 660 4593 deficiebat,
676 4516 709 4578 iu
725 4516 860 4581 emenda
876 4517 1120 4582 homicidiorum
1145 4516 1307 4582 dictorum
1327 4515 1469 4602 Georgii
1486 4529 1518 4582 et

379 4622 522 4688 Pauli..
546 4625 746 4689 remansisse.
780 4623 905 4689 Ultimo
937 4630 1045 4690 autem
1077 4627 1155 4709 quia
1186 4623 1263 4689 dicti
1298 4623 1463 4692 Nicolaus
1487 4637 1518 4692 et

380 4729 541 4814 Georgius
572 4729 629 4794 filii
660 4732 821 4798 Johannis
847 4733 886 4797 de
911 4734 1026 4800 Malab
1051 4735 1092 4799 ab
1124 4756 1197 4814 una,
1222 4755 1261 4798 ac
1286 4732 1456 4818 Georgius
1486 4744 1519 4800 et
