3188 5470
387 491 451 552 364
764 511 950 556 rrnrocnonr
967 499 1180 559 osulnrvia.

385 667 560 735 Benedicto
608 670 735 750 lectore,
768 671 921 738 Ladislao
962 679 1101 753 crantore,
1133 671 1293 760 Gregorio
1339 677 1503 742 custode..

386 777 606 842 existentibus.

498 925 523 973 A
549 925 721 989 nagyrt'vradi
755 926 946 989 lraptalannak
976 931 1052 978 1355.
1077 926 1136 989 jun.
1166 927 1266 977 17-lren
1288 931 1439 994 »magister
1462 934 1504 980 Ab

387 1015 484 1063 raham
507 1015 580 1064 filius
602 1015 722 1066 Dionisii
744 1015 776 1064 de
800 1017 897 1066 Ger-la«
923 1016 1196 1068 herelmerakiadott
1209 1018 1368 1082 atiratabol,
1389 1022 1502 1083 melpach
1565 1027 1566 1040 ¹

387 1105 517 1169 credetije
530 1121 647 1170 megvan
662 1122 698 1163 azv
709 1121 778 1156 orsz.
792 1109 824 1156 lt.
837 1107 903 1170 dipl.
918 1113 994 1157 osat..
1009 1113 1104 1158 30299.
1118 1108 1217 1158 Kaan:
1232 1109 1340 1160 Koraos
1358 1111 1391 1160 N.

393 1611 485 1672 1350.
504 1620 594 1673 azert.
613 1613 639 1674 7.
666 1611 693 1674 Α
712 1612 799 1674 vanai
814 1610 966 1696 lrdptrrloa
985 1611 1055 1675 elota
1081 1611 1246 1676 Fb'de‘aresi
1268 1613 1386 1677 Mittas
1401 1618 1431 1678 e's
1456 1614 1504 1676 Zu-

447 1721 510 1802 lar
525 1719 621 1800 Jaha,
639 1719 722 1782 Hoat
738 1720 918 1804 octrmepyei
934 1719 980 1781 dai
995 1717 1192 1782 birrotaikon
1208 1720 1444 1806 mcyosztozaolr.

495 1861 564 1926 Nos
581 1861 758 1944 capitulum
778 1862 1126 1928 ecclesieWachiensis
1152 1863 1412 1947 significamus..
1433 1865 1505 1949 quod
1568 1873 1569 1914 f

388 1968 544 2033 Nicotaus
569 1967 654 2034 filius
679 1968 808 2034 Nicolai
838 1968 896 2033 filii
927 1969 1039 2034 Jahou
1070 1969 1109 2034 de
1140 1969 1301 2036 Fodemus
1330 1971 1371 2036 ab
1389 1994 1458 2051 una,
1480 1982 1506 2036 et

388 2076 498 2142 Jahou
529 2076 615 2141 filius
647 2075 803 2160 Stephani
836 2075 893 2142 filii
925 2076 964 2141 de
999 2077 1110 2142 Jalrou
1136 2078 1257 2163 Zvvhay
1283 2087 1374 2162 parte
1400 2101 1437 2143 ex
1468 2081 1505 2144 al·
1569 2141 1570 2164 ,

388 2194 468 2262 tera,
509 2185 633 2249 nobiles
671 2185 709 2249 de
749 2185 904 2250 comitatu
936 2183 1108 2264 Huntensi,
1149 2187 1191 2251 ad
1232 2194 1374 2253 nostram
1409 2209 1504 2271 perso·

391 2293 508 2357 naliter
538 2295 727 2358 accedentes
766 2294 973 2376 presenciam,
1005 2294 1184 2360 confessum
1215 2297 1340 2362 exstitit
1370 2317 1425 2379 per
1447 2318 1504 2360 eos·

390 2403 461 2466 deur
488 2452 518 2466 ..
568 2403 652 2485 quod
702 2403 764 2486 ipsi
807 2403 878 2485 pari
926 2423 1142 2469 consensu..
1188 2405 1221 2468 in
1269 2405 1506 2488 possessionibus
1570 2465 1571 2476 ,

391 2512 533 2592 ipsorum
575 2511 781 2574 hereditariis
816 2509 1075 2575 insranominatis
1114 2511 1212 2576 talem
1244 2513 1442 2578 ordinassent
1470 2566 1475 2577 .
1503 2561 1507 2574 .

390 2619 576 2684 divisionem
603 2671 632 2683 ..
657 2627 813 2702 perpetuo
838 2619 1036 2697 duraturam,
1063 2620 1148 2702 quod
1182 2621 1396 2703 possessiones
1419 2621 1507 2685 Fede·

390 2749 460 2792 mus
495 2735 527 2792 et
557 2729 683 2792 Parasa
714 2735 824 2792 vocate
858 2749 929 2792 cum
961 2727 1108 2793 omnibus
1135 2781 1165 2792 ..
1199 2729 1405 2812 pertinenciis
1428 2777 1455 2796 ..
1477 2747 1508 2790 eo

391 2837 459 2900 iure
485 2843 517 2901 et
543 2837 645 2901 titula.
672 2857 736 2919 quo
762 2857 819 2918 per
844 2835 971 2900 eosdem
996 2837 1200 2902 existiterant
1219 2859 1372 2920 possesse,
1396 2837 1506 2920 prelato

390 2943 527 3010 Nicolao
543 2945 608 3009 lilio
634 2945 762 3010 Nicolai
787 2943 846 3009 filii
862 2945 972 3010 daton
998 2951 1030 3008 et
1055 2965 1112 3026 per
1129 2967 1201 3010 eum
1218 2945 1285 3010 suis
1300 2944 1464 3010 heredibus
1479 2995 1505 3008 ..

391 3053 642 3119 irrevocabiliter
668 3054 775 3136 equali
800 3053 954 3117 divisione
980 3053 1064 3118 inter
1080 3073 1114 3118 se
1139 3053 1225 3119 tacta
1241 3103 1272 3117 ..
1295 3053 1338 3118 ad
1363 3053 1508 3137 possiden·

391 3162 466 3228 dnm
483 3211 509 3226 ..
534 3164 721 3242 cessissent,
747 3162 961 3243 possessiones
989 3181 1061 3224 vero
1086 3160 1186 3226 tha
1210 3169 1243 3226 et
1266 3161 1399 3226 Zkorna
1414 3170 1509 3225 vocate

392 3273 424 3336 in
450 3271 535 3336 dicto
560 3272 714 3335 comitatu
740 3270 903 3335 Huntensi
929 3273 1089 3333 exstantes
1114 3275 1147 3333 et
1172 3269 1291 3348 habite,
1321 3271 1428 3334 Jalrou
1450 3268 1509 3332 filio

392 3379 548 3461 Stephani
574 3378 633 3443 filii
649 3378 758 3443 Jahou
784 3383 956 3461 prenotato
982 3385 1015 3440 et
1039 3398 1097 3460 per
1123 3397 1195 3441 eum
1220 3378 1289 3442 eius
1306 3376 1510 3442 heredibus..

395 3487 544 3550 similiter
573 3508 643 3550 cum
670 3485 819 3550 omnibus
846 3485 1107 3566 ..pertinenciis
1133 3485 1174 3548 ad
1200 3485 1328 3550 easdem
1369 3483 1509 3567 spectanti

394 3595 452 3660 bus
479 3593 785 3660 ..irrevocabiliter
821 3592 1009 3674 possidenda
1035 3593 1257 3675 provenissent
1290 3600 1323 3657 et
1348 3592 1510 3658 cessissent.

392 3704 614 3768 Possessiones
631 3701 837 3766 nihilominus
853 3699 1012 3765 Fodemus
1029 3707 1061 3764 et
1076 3701 1208 3766 Zkorna
1224 3707 1412 3785 prenotatas
1427 3719 1511 3783 penes

394 3814 527 3877 invicem
545 3812 717 3875 existentes
734 3808 830 3874 arbor
847 3810 987 3892 quedam
1002 3829 1062 3891 pro
1081 3809 1172 3892 signo
1188 3809 1299 3874 metali
1324 3829 1382 3893 per
1400 3807 1510 3875 eoadem

393 3923 549 4005 deputata
564 3917 774 3984 barlrolchafa
789 3923 903 3981 vocata
919 3916 960 3981 ab
977 3917 1110 3982 invicem
1128 3924 1303 4000 separaret,
1319 3918 1359 3982 de
1376 3937 1436 4000 qna
1451 3913 1512 3996 qni·

394 4029 466 4093 dem
498 4028 612 4093 arbore
637 4026 742 4091 eundo
769 4046 877 4089 versus
909 4026 1171 4109 septemtrionem
1202 4025 1288 4090 cadit
1313 4027 1347 4089 in
1377 4021 1511 4108 paludem

393 4135 650 4220 erornapotaka
681 4140 839 4214 vocatum,
871 4123 923 4198 et¹
943 4135 1058 4198 dehinc
1089 4135 1195 4200 eundo
1225 4154 1337 4198 versus
1372 4133 1511 4196 orientem

394 4244 537 4328 predicte
555 4245 768 4327 possessiones
788 4241 948 4307 Fedemus
975 4249 1007 4306 et
1023 4241 1154 4306 erorna
1178 4247 1373 4326 separantur
1388 4239 1427 4304 ab
1443 4235 1513 4301 invi·

394 4374 481 4432 cem,
505 4352 672 4416 ecelesiam
698 4373 773 4415 vero
798 4352 832 4414 in
857 4351 943 4415 dicta
968 4350 1169 4433 possessione
1194 4349 1356 4414 Fedcmus
1381 4345 1512 4412 habitam

397 4463 609 4525 communiter
625 4458 757 4543 pacifice
774 4461 860 4523 inter
885 4480 917 4522 se
943 4456 1134 4534 habendam,
1159 4478 1214 4520 seu
1240 4455 1400 4522 communi
1417 4459 1513 4538 patro

395 4569 484 4632 natui
500 4569 733 4633 commisissent
758 4574 791 4632 et
815 4566 1030 4649 reliquissent,
1054 4565 1114 4629 hoo
1139 4571 1248 4629 tamen
1264 4564 1443 4647 specialiter
1461 4579 1516 4642 per

393 4682 503 4762 partes
534 4697 643 4740 coram
668 4675 758 4740 nobis
784 4675 916 4754 adiecto,
942 4681 978 4738 ut
1002 4673 1029 4738 si
1047 4693 1110 4758 qua
1136 4674 1330 4759 parcium..
1352 4692 1447 4756 per..
1469 4667 1515 4730 in·
