3192 5466
589 472 683 532 1348.
701 486 774 532 aue.
792 475 820 534 9.
1210 474 1272 533 217

143 647 295 725 volentes,
312 647 460 713 uidelicet
476 651 621 714 homines
646 649 736 714 vobis
763 649 923 715 subiectos
950 657 982 714 et
1007 651 1170 732 quoslibet
1195 651 1275 716 alies

143 755 327 820 nullatenus
343 761 572 840 presummatis
588 758 768 843 prohibere,
788 780 847 823 uec
862 759 1126 841 impedimentum
1142 760 1274 842 aliquod

141 863 262 929 eisdem
279 865 434 943 inseratis,
460 865 516 930 sed
532 866 632 932 libere
658 873 691 932 et
717 866 838 948 absque
865 867 1001 932 alicuius
1026 869 1276 952 inquietacionis
1302 939 1306 946 ,
1364 868 1367 875 ’

140 970 309 1038 obstaculo
320 973 446 1038 eosdem
456 974 498 1038 ad
508 974 614 1057 ipsum
625 973 728 1040 forum
739 974 912 1058 procedere
923 979 955 1040 et
966 975 1005 1040 de
1015 976 1126 1041 eodem
1143 977 1186 1041 ad
1202 999 1274 1060 pro-

139 1080 214 1162 pria
239 1081 344 1146 redire
370 1083 575 1165 permittatis,
607 1103 698 1147 secus
724 1101 783 1166 pro
810 1089 920 1148 nostra
946 1085 1056 1167 gracia
1080 1083 1187 1148 facere
1212 1105 1275 1148 non

139 1187 315 1268 audentes;
341 1189 425 1254 sieut
450 1189 550 1254 eciam
581 1189 729 1254 dominus
755 1210 812 1254 rex
837 1191 964 1272 genitor
989 1195 1098 1256 noster
1129 1191 1275 1273 predicto

139 1295 231 1360 Bede
255 1296 341 1380 patri
366 1297 468 1381 ipsius
492 1298 584 1362 Petri
609 1296 729 1363 dietum
760 1297 865 1363 forum
897 1298 1033 1364 eontulit
1060 1298 1275 1364 mediantibus

139 1404 245 1470 literis
261 1405 328 1470 suis
345 1404 405 1469 sub
420 1407 534 1471 maiori
550 1405 656 1488 sigillo
667 1427 723 1472 suo
734 1407 900 1472 emanatis.
917 1407 963 1472 Et
978 1405 1038 1472 bec
1053 1405 1199 1471 volumus
1217 1429 1275 1491 per

140 1510 211 1576 lora
227 1519 262 1577 et
277 1513 397 1594 ubique
422 1515 531 1596 palam
556 1515 797 1597 proclamari..
815 1515 939 1580 Datum
964 1516 998 1578 iu
1024 1515 1165 1598 Lypche‚
1191 1513 1273 1580 feria

140 1625 262 1700 quarta
276 1623 424 1705 proxima
440 1631 515 1689 ante
531 1622 649 1690 festum
674 1625 777 1690 sancti
794 1625 820 1689 J
821 1624 913 1692 aecbi
938 1623 1087 1708 apostoli,
1111 1643 1196 1688 anno
1222 1621 1275 1690 do·

139 1729 219 1792 mini
237 1729 289 1796 M⁰
313 1727 411 1796 000ο
436 1731 541 1797 XL¹¹¹⁰
557 1741 678 1798 octavo

250 1874 401 1938 Hatlapjs'rn
424 1877 515 1938 peccet
537 1878 713 1942 uycrnaival5
732 1878 864 1942 credetiie
885 1895 918 1928 aa
943 1893 1012 1928 orsz.
1032 1879 1064 1928 lt.
1084 1862 1183 1928 kiucst]
1207 1881 1267 1928 oszt

138 1965 173 2014 N.
188 1967 221 2016 R.
236 1965 270 2016 A.
285 1971 345 2017 903.
360 1971 384 2016 2.
397 1966 465 2031 dipl.
478 1972 546 2017 oszt.
561 1973 639 2018 3998.
659 1967 758 2018 Kozli:
781 1968 889 2018 Kovtcs
907 1970 941 2018 V.

672 2315 744 2375 105.

130 2452 504 2536 peruastauerat).
532 2449 558 2516 Ι.
587 2454 682 2537 Lcjoc
707 2453 817 2540 lcirdly
831 2451 976 2520 'Miltldst
1007 2454 1073 2518 To'l-
1090 2457 1121 2518 c's
1139 2455 1272 2519 Hercul·

142 2563 253 2645 orszdp
270 2558 378 2644 banjos
394 2563 537 2644 sclasitjo,
554 2561 633 2646 kopp
649 2559 824 2625 Turiostu.
835 2561 987 2646 ojtdndlld
1002 2574 1112 2626 creater
1128 2563 1278 2628 boecurt-si

145 2668 252 2753 ttpyeit
268 2667 386 2732 Budo'a
414 2669 522 2731 inle'zzc
548 2668 586 2750 el,
612 2693 633 2732 a
659 2667 855 2755 birtolcpcrele
879 2670 1065 2751 kive'tcle'vel,
1094 2669 1240 2756 irtelpclect
1255 2696 1276 2736 o

467 2775 527 2839 loir.
543 2776 658 2840 curidu
667 2775 794 2862 fopaalc
811 2777 937 2842 eltlc'lui.

252 2917 433 2983 Lodcvicns
458 2965 488 2980 ..
514 2939 622 2982 rex..
647 2916 784 2982 Nicolac
809 2917 892 2982 barm
918 2918 1020 2982 tocius
1047 2916 1215 2984 Sclavenie
1240 2927 1272 2984 ct

142 3028 279 3094 Croacie
296 3049 354 3112 pro
370 3048 455 3090 nunc
479 3027 654 3092 constituto
674 3047 712 3090 ac
727 3048 786 3108 pro
812 3033 956 3108 tempore
982 3027 1212 3104 constituendo
1237 3051 1274 3093 ac

142 3137 228 3202 vices
245 3157 354 3200 eorum
372 3134 557 3220 gerentibus
574 3185 580 3198 .
598 3187 604 3201 .
622 3157 694 3200 cum
710 3135 864 3217 magister·
884 3133 1007 3200 Tuteus
1023 3137 1177 3220 magister
1193 3137 1272 3200 iani·

143 3251 252 3309 torum
268 3251 451 3308 nostrorum
469 3244 500 3308 in
517 3249 630 3308 nostra
647 3243 736 3308 curia
752 3242 1046 3321 continuamlaciat
1063 3244 1273 3310 resideneiam

142 3359 175 3417 et
191 3353 225 3415 in
242 3350 374 3434 speciali
390 3350 495 3416 officio
521 3358 631 3416 nostro
656 3351 805 3416 videlicet
830 3352 1008 3434 magisterii
1024 3351 1162 3416 ianualis
1188 3351 1274 3436 apud

142 3481 201 3524 nos
218 3460 261 3524 sit
277 3466 462 3543 occupatus,
479 3466 511 3523 et
527 3459 567 3524 ob
592 3459 653 3524 hoc
678 3459 888 3523 consideratis
914 3457 1125 3525 fidelitatibus
1151 3461 1216 3526 suis
1242 3467 1274 3524 et

140 3568 287 3633 fidelium
303 3567 509 3632 serviciorum
524 3567 679 3651 preclaris
693 3567 816 3632 meritis
833 3567 949 3648 quibus
968 3567 1058 3633 nobis
1068 3569 1274 3635 laudabiliter

141 3676 270 3742 studuit
286 3677 484 3758 complacere
510 3684 590 3740 etse
617 3674 741 3740 efficere
767 3677 956 3758 graciosum,
981 3676 1128 3742 volumus
1153 3685 1190 3742 ut
1206 3675 1274 3760 qui-

140 3805 271 3866 cunque
288 3785 424 3850 eundem
443 3785 633 3868 magistrum
651 3783 774 3849 Tutens
800 3791 832 3848 et
859 3783 941 3850 filios
967 3807 1042 3850 suos
1067 3786 1109 3850 ad
1134 3792 1274 3852 vestrum

140 3891 316 3957 citaverint
331 3893 531 3974 presenciam
548 3891 596 3954 vel
612 3891 756 3974 aliquam
773 3897 885 3956 contra
902 3891 1028 3957 eosdem
1054 3913 1161 3958 coram
1186 3893 1274 3958 vobis

141 4000 176 4064 in
203 3999 402 4080 quibuslibet
428 3999 533 4064 causis
550 3999 726 4064 maioribus
758 4007 791 4064 et
821 3999 1009 4080 minoribus,
1034 4001 1217 4082 specialiter
1241 4003 1274 4065 in

141 4108 229 4173 t'acto
254 4108 508 4190 possessionario
532 4109 690 4174 moverint
716 4110 927 4190 quescionem,
952 4108 997 4172 ibi
1021 4114 1127 4174 vestro
1151 4109 1274 4174 banatu

141 4237 207 4281 non
223 4215 355 4299 possitis
372 4215 522 4296 iudicare,
539 4216 595 4282 sed
606 4239 679 4281 cum
689 4217 824 4301 prelatis
835 4221 867 4280 et
875 4215 1050 4282 baronibus
1065 4216 1157 4300 regni
1173 4218 1275 4282 nostri

140 4325 220 4389 dum
246 4324 289 4388 ad
315 4331 458 4388 nostram
484 4325 609 4390 curiam
635 4324 834 4390 accesseritis
859 4323 986 4388 eosdem
1011 4322 1166 4390 iudicetis.
1195 4325 1274 4390 Ideo

141 4431 296 4499 fidelitati
327 4439 432 4498 vestre
462 4433 599 4498 firmiter
630 4433 844 4517 precipientes
875 4433 1083 4510 mandamus,
1114 4439 1274 4516 quatenus

140 4541 264 4606 dictum
280 4541 471 4624 magistrum
483 4541 607 4606 Tuteus
618 4547 649 4606 et
659 4539 741 4606 filios
751 4562 825 4607 suos
841 4546 953 4606 contra
969 4541 1105 4606 formam
1120 4542 1275 4625 premisse

140 4653 252 4713 nostre
270 4648 378 4730 gracie
403 4647 464 4713 sibi
491 4647 586 4732 facte,
603 4653 716 4714 contra
742 4647 911 4732 quospiam
937 4647 970 4711 in
996 4648 1095 4714 nullis
1121 4651 1226 4718 causis
1243 4657 1275 4719 et
