3192 5466
356 380 418 438 232
718 389 901 448 ¹¹istrionum
920 376 1136 432 (luminario.

356 553 519 632 rfarrtibus,
532 557 683 634 pretextu
694 551 854 616 dictarum
871 549 1037 616 vinearum
1054 551 1086 614 iu
1104 550 1173 632 ipso
1190 555 1297 612 monte
1309 548 1491 612 habitarum

359 659 373 746 (
376 710 505 726 ......
509 658 522 744 )
540 661 663 726 tributa
679 659 875 725 tunellarum
903 666 935 724 et
959 660 1099 726 fertones
1115 661 1242 743 exigere
1259 658 1404 722 valerent
1418 675 1493 735 quo·

359 769 519 851 quomodo
536 819 542 834 .
561 820 567 833 .
584 769 673 835 Mete
691 774 799 832 autem
818 767 935 850 quibus
952 769 1041 852 prius
1057 769 1144 834 dicta
1160 769 1231 832 loca
1247 765 1435 832 sessionrdia
1453 763 1492 826 ab

358 878 493 942 invicem
519 877 771 960 distingereutm·
797 926 827 940 ..
853 877 913 940 hoc
938 877 1049 942 ordine
1075 875 1366 960 protenderentur:
1391 873 1491 956 prima

360 985 445 1049 enim
471 990 557 1049 meta
583 984 740 1067 inciperet
765 985 897 1068 aplaga
914 985 1066 1049 orientali
1091 1005 1190 1066 prope
1216 983 1339 1047 dictum
1363 981 1491 1045 flurium

360 1093 508 1156 Zerench
525 1099 557 1157 et
573 1092 606 1156 in
623 1090 685 1156 fine
711 1091 877 1157 cuiusdam
895 1095 1002 1175 pontis
1029 1091 1083 1156 ubi
1110 1096 1194 1157 esset
1220 1113 1302 1155 unus
1327 1089 1414 1173 lapis
1440 1111 1492 1171 pro

361 1207 447 1266 meta
463 1201 594 1284 positus,
612 1223 631 1264 a
648 1221 711 1280 quo
728 1222 837 1264 versus
862 1207 989 1282 partem
1013 1200 1186 1265 occidentis
1212 1219 1269 1280 per
1287 1220 1385 1262 unum
1412 1198 1491 1260 ricu-

360 1311 427 1374 lum
445 1309 548 1375 eundo
565 1311 687 1374 veniret
704 1310 744 1373 ad
770 1309 867 1374 aliam
884 1314 1006 1374 metam
1022 1316 1163 1373 terream
1188 1306 1337 1372 similiter
1353 1305 1490 1388 lapidem

361 1418 394 1482 in
410 1439 443 1482 se
460 1416 633 1482 habentem
650 1423 683 1482 et
700 1417 792 1482 iuxta
817 1417 1009 1481 cimiterium
1025 1416 1110 1480 dicte
1136 1415 1268 1480 ecclesie
1294 1415 1492 1490 existentem,

361 1525 446 1590 unde
463 1524 504 1590 ad
520 1525 741 1590 sanctuarium
756 1523 857 1606 ipsius
873 1523 1004 1588 ecclesie
1016 1522 1178 1606 pergendo
1194 1529 1226 1587 et
1242 1521 1380 1586 eandem
1396 1520 1489 1586 ecclo-

364 1634 444 1698 siam
456 1654 513 1715 per
523 1631 756 1715 longitudinem
768 1631 973 1709 transeundo,
984 1633 1122 1700 intraret
1131 1631 1172 1694 ad
1183 1651 1335 1713 magnam
1352 1629 1487 1712 plateam

363 1740 522 1824 sepedicto
534 1742 618 1820 ville,
636 1744 667 1806 in
685 1763 749 1824 qna
766 1743 979 1824 retrogiraret
997 1739 1037 1804 ad
1053 1740 1183 1823 plagam
1200 1739 1450 1816 meridionalem,
1461 1747 1489 1800 et

364 1850 522 1914 currendo
540 1850 625 1914 infra
650 1851 773 1914 veniret
789 1849 830 1914 ad
846 1871 944 1914 unam
960 1854 1079 1912 metam
1098 1855 1237 1912 terream
1251 1847 1403 1912 similiter
1419 1845 1489 1928 lapi-

365 1957 488 2022 demin
505 1979 538 2023 se
555 1959 780 2036 continentem,
798 1963 830 2021 et
846 1957 890 2021 ibi
907 1957 1064 2040 regiraret
1090 1956 1122 2019 in
1149 1955 1288 2036 quodam
1305 1953 1370 2020 alio
1396 1954 1489 2018 viculo

366 2067 521 2150 populoso
550 2067 787 2132 Zeuleusulcha
812 2071 932 2142 vocato,
958 2086 1015 2148 per
1041 2085 1136 2146 quem
1162 2065 1360 2129 transiretur
1390 2083 1488 2126 versus

366 2173 476 2240 villam
487 2174 622 2250 Manak,
638 2180 670 2238 et
686 2176 719 2238 in
736 2173 846 2238 eodem
863 2172 1019 2237 currendo
1029 2174 1152 2237 veniret
1168 2171 1210 2236 ad
1226 2172 1362 2236 terciam
1379 2176 1486 2236 metam

367 2287 508 2346 terream
532 2281 672 2364 lapidem
699 2283 731 2346 in
757 2303 789 2346 ec
814 2281 988 2346 habentem
1013 2281 1103 2346 acin
1129 2283 1218 2345 exitu
1243 2279 1383 2364 predicti
1402 2279 1485 2342 viculi

367 2389 566 2468 existentem,
593 2396 625 2454 et
642 2389 686 2454 ibi
711 2395 795 2453 mete
820 2390 963 2453 locorum
988 2389 1211 2453 sessionalium
1236 2389 1486 2452 terminarentur.

366 2497 451 2562 Item
466 2504 550 2563 mete
567 2499 764 2582 prefatarum
780 2505 942 2562 terrarum
968 2497 1141 2562 arabilium
1160 2497 1219 2562 hec
1245 2502 1368 2562 esseut:
1389 2495 1486 2578 prima

366 2611 449 2670 mete
465 2606 622 2689 inciperet
631 2626 730 2689 prope
746 2604 882 2670 cundem
897 2606 1010 2682 vicum,
1022 2611 1055 2669 et
1065 2605 1097 2668 in
1108 2605 1313 2668 extremitate
1330 2601 1483 2668 cuiusdam

366 2713 456 2777 vinee
472 2733 581 2778 versus
598 2713 717 2778 dictam
735 2713 843 2777 villam
860 2712 985 2780 Manak
1006 2712 1172 2790 currend0,
1194 2711 1319 2776 veniret
1335 2711 1377 2775 ad
1402 2731 1485 2773 uniam

368 2827 488 2886 metam
505 2828 653 2900 terream,
670 2827 702 2886 et
720 2822 833 2886 deinde
850 2821 892 2885 ad
908 2821 1005 2886 aliam
1031 2821 1180 2886 similiter
1205 2819 1329 2904 lapides
1347 2821 1380 2882 in
1395 2838 1426 2882 se
1440 2817 1487 2880 ha-

368 2930 506 3006 bootem,
516 2937 548 2994 et
557 2930 671 2995 deinde
682 2931 721 2994 ad
733 2931 866 2995 terciam
877 2929 1065 3013 simpliciter
1080 2935 1229 3010 terream,
1249 2927 1323 2992 inde
1343 2924 1487 2991 currendo

369 3039 546 3120 attingeret
570 3039 603 3102 in
629 3039 770 3103 radicem
796 3038 932 3122 predicti
958 3038 1076 3102 montis
1103 3045 1135 3102 et
1159 3039 1204 3102 ibi
1230 3045 1314 3102 mete
1341 3043 1486 3100 terrarum

372 3143 544 3210 arabilium
570 3148 830 3212 terminarentur.
867 3147 957 3211 Mete
975 3146 1134 3228 siquidem
1159 3145 1276 3229 quibus
1302 3145 1386 3210 dicte
1410 3145 1487 3208 vinee

372 3259 405 3317 et
421 3253 492 3318 loca
508 3255 674 3319 vinearum
691 3276 728 3318 ac
744 3253 956 3336 virgultorum
982 3276 1041 3338 pro
1060 3255 1159 3318 vineis
1176 3260 1327 3337 aptorum
1343 3253 1486 3319 discurre-

372 3367 452 3432 rent,
469 3361 531 3425 isto
557 3359 668 3426 modo:
694 3363 797 3444 primo
814 3383 953 3443 numque
979 3362 1135 3444 inciperet
1160 3384 1179 3426 a
1204 3369 1296 3445 parte
1323 3362 1448 3426 orientis
1461 3362 1488 3423 iu

373 3467 479 3533 radice
505 3468 646 3533 eiusdem
678 3469 796 3532 montis
831 3467 1234 3534 inte1·rincas1)ominici
1260 3467 1317 3532 filii
1345 3467 1443 3534 Sechh
1464 3473 1489 3528 et

372 3575 489 3641 ‹lacobi
505 3576 564 3640 filii
580 3576 728 3653 Fabiani,
745 3575 800 3642 ubi
818 3583 902 3640 esset
919 3598 983 3640 una
999 3581 1087 3640 meta
1102 3582 1218 3654 terrea,
1235 3597 1254 3640 a
1280 3597 1346 3658 qua
1370 3596 1488 3658 parrum

373 3683 494 3748 declivo
511 3684 604 3748 modo
630 3705 739 3748 versus
756 3685 952 3749 occidentem
969 3685 1010 3748 ad
1027 3684 1132 3768 ipsum
1149 3691 1289 3750 montem
1305 3681 1490 3748 ascendendo

372 3793 495 3856 reniret
511 3793 553 3856 ad
570 3793 667 3856 aliam
684 3798 802 3856 metam
820 3797 960 3857 terream
977 3793 1009 3856 in
1026 3793 1183 3875 superiori
1200 3799 1293 3876 parte
1319 3790 1491 3856 earumdem

376 3901 544 3965 vinearum
570 3900 732 3965 Dominici
760 3907 794 3964 et
819 3900 936 3966 Jacobi
964 3900 1127 3976 habitam,
1153 3900 1332 3984 deindeque
1358 3899 1492 3964 simihter

374 4006 497 4072 declivo
513 4009 608 4073 modo
624 4030 733 4073 versus
753 4009 1014 4092 septemtrionem
1031 4030 1129 4092 supra
1146 4008 1303 4074 currendo
1320 4011 1493 4073 annecteret

373 4117 507 4182 terciam
523 4124 642 4181 metam
657 4123 797 4182 terream
813 4139 912 4201 prope
929 4138 1081 4182 cacumen
1092 4119 1192 4200 ipsius
1213 4118 1330 4182 montis
1347 4121 1491 4188 erectam,

375 4224 568 4290 adiecissent
587 4225 686 4290 eciam
704 4227 874 4308 prescripti
892 4226 999 4307 regius
1011 4231 1043 4289 et
1054 4225 1191 4309 predicti
1203 4205 1336 4308 capituli
1353 4223 1491 4290 homines.

376 4333 461 4418 quod
488 4334 597 4397 eedem
623 4339 731 4416 partes
760 4355 895 4398 irnacum
912 4333 989 4418 ipsis
1006 4334 1223 4418 preallegatas
1248 4340 1351 4398 terras
1368 4329 1491 4397 arabiles

377 4439 410 4502 in
426 4441 609 4523 porcionem
626 4439 703 4506 dicti
719 4441 816 4506 Pauli
836 4441 1010 4522 devolutas,
1027 4465 1047 4506 a
1062 4441 1163 4506 vineis
1189 4443 1222 4505 in
1237 4441 1417 4525 porcionem
1433 4457 1491 4520 pre·

377 4547 467 4617 libati
485 4549 629 4618 Ladislai
658 4551 753 4617 cessis
780 4574 852 4620 cum
878 4573 933 4616 sex
957 4553 1051 4620 metis
1077 4552 1192 4622 terreis
1217 4556 1291 4638 post
1315 4573 1348 4616 se
1373 4547 1490 4614 invicem
