3188 5470
544 492 638 553 1350.
656 510 749 552 sulca.
769 494 820 554 21.
981 554 987 566 f
1192 493 1254 554 359

124 669 287 734 ⁸iohannes
304 670 390 734 filius
407 669 535 734 Nicoiai
552 670 591 734 de
617 669 715 734 Niuai
742 667 826 753 (igy)
851 678 994 734 assumto
1020 670 1134 753 sigillo
1151 679 1183 735 et
1199 692 1254 734 no·

124 777 205 842 mine
223 783 335 842 nostro
351 777 519 861 prohibuit
534 775 713 858 Georgium
730 775 832 841 filium
849 775 1030 842 Salamonis
1041 783 1073 842 et
1083 777 1255 843 Nicolaum

125 886 255 949 fratrem
289 907 391 966 suum,
415 885 489 948 item
518 881 680 950 Simonem
706 884 744 948 de
775 883 943 962 Helmech‚
973 883 1190 950 Laurencium
1222 891 1255 950 et

123 993 254 1057 Petrum
272 992 357 1058 filios
374 993 514 1057 eiusdem
542 989 681 1056 Simonis
698 992 737 1056 de
753 993 906 1076 porcione
926 993 1066 1057 eiusdem
1092 992 1254 1058 Johannis

124 1100 204 1182 quod
231 1101 264 1164 i'n
290 1100 490 1182 possessione
521 1099 589 1165 Lan
625 1107 736 1165 vocata
761 1100 866 1184 ipsum
892 1099 1077 1165 Johannem
1108 1103 1251 1184 contigit.

124 1207 226 1292 Super
241 1230 306 1292 quo
322 1231 402 1274 avus
419 1209 561 1274 eiusdem
576 1208 600 1273 J
602 1209 746 1284 ohannis,
757 1230 835 1273 usne
852 1206 935 1293 (igy)
952 1209 993 1274 ab
1009 1209 1129 1274 eisdem
1142 1209 1255 1274 suisset

121 1303 289 1398 separatus
305 1339 413 1382 coram
438 1316 529 1381 nobis
553 1316 768 1400 protestando.
800 1316 925 1382 Datum
952 1316 1087 1382 sabbato
1106 1319 1253 1400 proximo
1294 1377 1296 1382 .

120 1431 191 1489 ante
208 1425 402 1490 dominicam
418 1425 646 1502 Reminiscere,
663 1446 747 1488 anno
764 1425 883 1489 domini
900 1423 952 1489 Μο
976 1423 1102 1492 000000
1118 1427 1192 1492 L¹¹¹⁰.

226 1589 325 1638 Kival:
340 1589 568 1640 Prohibicionalis
578 1603 627 1652 pro
638 1589 767 1638 Johanne
778 1587 836 1637 lilio
846 1587 954 1638 Nicolai
966 1587 999 1636 de
1009 1589 1065 1636 Imz
1076 1587 1145 1653 (igy)
1156 1593 1253 1639 contra

120 1678 258 1727 Simonem
272 1677 306 1728 da
319 1679 432 1728 Holmoe
446 1685 474 1729 et
487 1679 556 1728 alios
568 1679 755 1740 intrapositos.

225 1789 355 1853 Paphon,
370 1789 495 1838 zarlatan
517 1787 608 1852 pecstt
631 1787 803 1850 nyomaira13
825 1786 956 1849 eredetije
975 1801 1007 1835 az
1021 1801 1090 1836 omz.
1104 1787 1215 1836 ltarban
1235 1801 1252 1836 a

118 1879 239 1940 t'siceery
253 1893 289 1927 cs.
302 1877 550 1940 lelelamenyeben.
578 1877 670 1926 Kczli:
702 1877 864 1924 Kammerer
877 1877 960 1924 lli-no.

123 2345 216 2408 1350.
231 2343 315 2426 febr.
333 2345 384 2406 21.
401 2341 431 2406 A
448 2343 503 2408 kei
517 2342 670 2427 kdpiaiorr
689 2343 760 2406 elati
777 2343 886 2428 Irepdi
902 2341 1118 2424 Audrdafiai,
1129 2346 1251 2430 oayjuk

109 2455 211 2537 jchn
227 2453 297 2516 cler
313 2451 398 2517 illem
415 2451 753 2537 Alcida-Saeatppdrpp
784 2459 864 2514 aecii
881 2451 1145 2538 Bdcaodrmeqyei
1161 2454 1251 2531 hirto

240 2559 294 2624 kal
308 2559 587 2645 ricppbdtpjcimak
604 2559 726 2622 Foruli
743 2559 906 2622 Dinesaek
922 2560 1134 2646 or'sszccrdjdlr.

222 2721 448 2804 ..capitulum
465 2721 596 2786 ecclesie
621 2722 660 2785 de
686 2721 750 2787 Kw
767 2770 796 2785 ..
817 2720 1028 2800 declaramus,
1054 2723 1140 2806 quod
1165 2721 1250 2790 Ocra

115 2829 251 2893 Blasius
267 2836 301 2892 et
315 2827 341 2892 J
342 2830 484 2894 ohannes
504 2828 562 2892 filii
580 2827 712 2894 Andree
728 2829 767 2893 de
784 2829 886 2911 Irugd
911 2851 970 2912 pro
995 2851 1028 2893 se
1045 2835 1077 2894 et
1101 2851 1160 2913 pro
1175 2829 1250 2897 filiis

112 2957 224 3000 eornm
243 2936 284 3001 ab
300 2957 374 3014 una,
390 2937 467 3000 item
483 2937 638 3018 magister
655 2935 823 3001 Dionisius
840 2936 879 3000 de
899 2936 1008 3002 Futak
1018 2959 1077 3020 pro
1098 2960 1132 3002 se
1148 2945 1180 3002 et
1190 2961 1248 3022 pro

114 3043 284 3127 Stephano
309 3043 375 3108 filio
401 3065 458 3108 suo
483 3050 516 3108 et
540 3045 608 3108 eius
629 3042 705 3107 filiis
731 3049 824 3126 parte
850 3043 891 3107 ab
916 3045 1028 3124 altera,
1047 3045 1089 3110 ad
1105 3053 1248 3112 nostram

111 3153 330 3236 personaliter
355 3152 542 3217 accedentes
575 3153 783 3234 presenciam,
810 3151 906 3216 iidem
939 3153 1024 3219 Cora
1054 3153 1186 3219 Blasius
1218 3161 1250 3219 et
1276 3169 1279 3176 “

110 3261 284 3326 Johannes
312 3259 446 3324 confessi
479 3265 554 3324 sunt
579 3308 610 3324 ..
636 3259 719 3341 quod
747 3260 824 3342 qnia
849 3259 932 3326 idem
959 3263 1114 3343 magister
1137 3261 1250 3326 Dioni·

110 3371 179 3435 sius
220 3369 378 3454 patruelis
417 3370 560 3452 ipsorum
592 3389 689 3432 unam
720 3369 952 3451 possessionem
994 3390 1085 3433 suam
1119 3367 1249 3435 Almas·

110 3485 288 3562 scentgurg
312 3485 458 3543 vocatam
485 3477 516 3540 in
551 3477 706 3541 comitatu
736 3475 910 3541 Bachiensi
942 3477 1139 3555 existentem,
1169 3478 1248 3561 ipsis

109 3588 199 3654 [tana
223 3587 337 3652 Blasio
362 3592 395 3649 el
411 3585 436 3650 J
437 3585 557 3650 ohanni
582 3589 615 3648 et
630 3605 688 3666 per
704 3585 789 3665 ipsos
809 3604 919 3648 eorum
945 3583 1114 3649 heredibus
1131 3635 1138 3650 .
1154 3639 1161 3652 .
1178 3592 1248 3652 tum

108 3696 243 3759 racione
259 3694 475 3778 proximitatis
494 3699 563 3758 tum
584 3693 712 3756 racione
738 3697 854 3771 quarte
877 3691 1032 3774 puellaris
1060 3715 1115 3758 seu
1139 3692 1248 3760 filialis

108 3804 243 3867 domine
259 3801 366 3867 Mario
384 3802 501 3867 sororis
527 3800 670 3864 eiusdem
697 3798 845 3880 magistri
870 3799 1019 3876 Dionisii
1035 3802 1149 3866 matris
1173 3824 1248 3866 vero

107 3911 333 3996 predictorum
351 3909 433 3975 Coae
449 3908 554 3974 Blasii
571 3913 604 3972 et
619 3905 780 3971 Johannis
806 3907 876 3971 iure
906 3913 1062 3990 perpetuo
1088 3961 1094 3973 .
1112 3961 1118 3975 .
1144 3910 1247 3974 dedis-

108 4027 210 4086 set..
235 4017 307 4084 ideo
338 4019 400 4102 ipsi
426 4017 548 4084 dictam
565 4021 716 4099 quartam
733 4013 865 4081 filialem
889 4037 944 4080 seu
964 4015 1149 4098 puellarem,
1166 4019 1247 4082 raci-

106 4151 169 4193 one
197 4127 341 4191 eiusdem
365 4127 492 4191 domiue
518 4125 624 4190 Maria
649 4123 762 4187 matris
787 4125 931 4205 ipsorum
947 4124 1034 4206 ipsos
1059 4131 1244 4207 tangentem

107 4235 396 4316 eisdemmagistro
407 4229 766 4314 DionisioetStephano
776 4228 842 4294 filio
853 4251 911 4294 suo
921 4251 959 4295 ac
969 4251 1247 4297 eorum..succes·

106 4341 239 4408 soribus
256 4391 287 4405 ..
311 4343 344 4406 in
361 4348 551 4424 perpetuum
578 4339 829 4424 reliquissent..
857 4339 939 4404 sicut
963 4339 1063 4403 eciam
1083 4340 1245 4423 quondam

106 4450 225 4516 eadem
242 4448 373 4512 domina
389 4449 498 4513 Maria
513 4454 616 4512 mater
632 4447 775 4529 ipsorum
793 4445 1009 4512 mediantibus
1034 4447 1153 4512 nostris
1177 4448 1247 4513 lite·

107 4561 153 4623 ris
192 4553 449 4641 privilegialibus
483 4557 561 4639 ipsis
587 4555 812 4637 reliquerat..
836 4553 895 4618 tali
920 4553 1119 4637 obligacione
1150 4554 1247 4620 madi-

105 4675 199 4744 ante,
215 4664 302 4752 quod
318 4665 345 4729 si
362 4663 479 4750 prefati
495 4663 581 4730 Ooza
596 4663 727 4730 Blasius
752 4671 785 4727 et
809 4661 833 4726 J
835 4663 977 4732 ohannes
993 4663 1041 4729 vel
1067 4685 1177 4730 eorum
1193 4663 1246 4730 he·
