3180 5470
364 509 428 572 388
714 523 901 570 antonnonr
918 507 1132 568 0110101010.

363 689 519 765 iubemus,
535 687 640 753 lacere
657 692 689 751 01
706 736 712 750 .
730 736 736 750 .
753 685 865 751 habito
882 687 1038 750 intervos
1055 684 1200 769 diligenti
1227 687 1372 749 tractatu
1390 733 1396 746 .
1414 732 1421 745 .
1436 682 1488 746 hoc

363 803 473 862 utrum
489 797 646 862 medietas
672 795 815 880 predicte
841 795 1049 879 possessionis
1075 793 1236 879 chhyne
1254 845 1260 858 .
1278 844 1284 858 .
1301 789 1488 877 (pre)dictos

363 905 457 970 Zonk
481 905 585 970 filium
601 905 749 982 Hennes,
774 904 799 968 J
801 904 936 970 acobum
961 903 1126 969 literatum
1152 925 1190 969 ao
1215 903 1317 968 eciam
1332 901 1487 967 Mathiam

362 1013 464 1079 filium
482 1013 608 1078 Zeurus
625 1033 747 1078 necnon
779 1013 1019 1096 predecessores
1035 1015 1178 1096 ipsorum
1194 1031 1319 1095 semper
1335 1018 1369 1076 et
1385 1009 1426 1074 ab
1441 1031 1488 1072 an·

363 1119 483 1205 tiquo(
484 1170 609 1186 ......
611 1119 625 1204 )
651 1121 710 1185 hec
735 1126 881 1204 tempora
906 1125 965 1185 aut
989 1139 1047 1203 per
1072 1120 1209 1204 populos
1225 1139 1281 1184 seu
1296 1119 1439 1202 hospites
1454 1118 1487 1182 de

362 1229 560 1294 Mendzenth
585 1229 735 1294 similiter
760 1249 885 1313 semper
911 1235 943 1293 et
968 1228 1009 1292 ab
1035 1229 1170 1311 antiquo
1195 1227 1244 1292 vel
1269 1227 1335 1292 ullo
1353 1247 1487 1309 unquam

363 1343 508 1422 tempore
524 1357 672 1421 possessa
688 1338 730 1402 sit
747 1336 846 1402 fuerit
864 1343 897 1402 et
922 1337 1049 1415 existat,
1075 1335 1168 1400 nobis
1195 1337 1228 1401 in
1254 1335 1358 1402 literis
1384 1335 1487 1399 vestris

362 1445 510 1512 videlicet
535 1446 677 1512 iudicum
705 1446 860 1512 nobilium
885 1446 1024 1511 fideliter
1059 1444 1265 1526 rescribatis3
1288 1443 1487 1510 nihilominus

362 1556 465 1622 tocius
481 1556 558 1622 facti
584 1557 700 1621 seriem
724 1577 782 1639 per
806 1555 988 1639 predictum
1014 1554 1192 1638 capitulum
1218 1553 1352 1620 ecclesie
1379 1551 1488 1636 Scepa-

363 1666 477 1730 siensis
494 1664 628 1730 rescribi
646 1664 790 1730 volumus
807 1663 960 1729 seriatim.
977 1663 1102 1728 Datum
1119 1662 1222 1742 Rode,
1242 1664 1275 1727 in
1292 1661 1373 1728 festo
1389 1661 1488 1726 beato·

363 1793 435 1836 rum
452 1771 543 1838 Petri
560 1779 593 1836 et
609 1772 704 1836 Pauli
722 1771 950 1853 apostolorum,
967 1791 1050 1836 anno
1069 1770 1188 1835 domini
1205 1769 1258 1834 Μο
1283 1769 1382 1838 000ο
1405 1771 1487 1853 quin-

364 1901 559 1964 quagesrmo.

469 2045 495 2094 A
509 2043 611 2106 szepesi
624 2042 815 2107 kdptalannak
831 2046 906 2093 1350.
920 2057 983 2108 aug.
1002 2041 1487 2105 15110010111111011001010110011

368 2134 512 2198 eredetijet
524 2149 541 2184 a
553 2134 587 2184 N.
601 2135 786 2184 Muzeumban
801 2149 816 2183 a
828 2133 964 2198 Mdriatssy
977 2151 1013 2184 cs.
1027 2133 1266 2198 letetemenydben
1279 2135 1365 2183 brzik.

894 2479 967 2542 233.

365 2655 459 2721 1350.
468 2656 531 2741 jad.
550 2658 578 2720 1.
595 2654 726 2741 Apdcsi
741 2654 896 2741 kdptolan
913 2655 983 2720 eldtt
1008 2656 1100 2741 Vejlci
1119 2655 1187 2722 Pa'l
1191 2657 1323 2739 ficiculo
1332 2655 1490 2722 ι1010000011
1570 2673 1571 2719 l

283 2777 287 2784 ·
363 2765 393 2827 ds
418 2763 600 2828 Mikldsnok
610 2764 684 2847 fiai,
710 2765 787 2849 pepp
812 2761 969 2850 Boranya
986 2765 1170 2851 vdrmepyei
1200 2764 1343 2830 birtolron
1368 2787 1488 2850 anepos:-

862 2872 982 2937 tozoak.
1569 2869 1570 2878 ’

451 3049 520 3117 Nos
536 3053 717 3136 capitulum
727 3050 1225 3136 Quinqueecclesiensisecclesie
1236 3103 1260 3118 ..
1278 3053 1487 3138 significamus
1568 3129 1569 3146 ἵ

372 3209 397 3224 ..
414 3160 501 3241 quod
517 3160 702 3246 Stephanus
713 3161 911 3228 Nicolauset
921 3161 1065 3227 Micheel
1081 3160 1140 3226 filii
1149 3161 1175 3227 J
1176 3161 1315 3228 ohannis
1328 3161 1386 3228 filii
1401 3161 1489 3227 Pauli

363 3267 403 3332 de
419 3267 527 3353 Weyk
537 3268 579 3334 ad
596 3275 739 3334 nostram
754 3270 968 3354 personaliter
988 3269 1179 3336 accedentes
1195 3272 1405 3354 presenciam,
1421 3275 1488 3336 sunt
1567 3335 1568 3365 ἦ

363 3375 498 3440 confessi
515 3426 521 3440 .
539 3429 545 3442 .
573 3376 660 3457 quod
673 3378 734 3460 ipsi
751 3379 785 3442 in
801 3377 1055 3461 possessionibus
1066 3377 1211 3460 ipsorum
1229 3377 1354 3444 scilicet
1369 3377 1489 3442 indicta

366 3481 475 3567 Weyk
485 3484 518 3547 in
536 3505 602 3567 qua
618 3484 753 3549 ecclesia
768 3486 801 3548 in
818 3485 937 3550 honore
954 3486 1058 3550 sancti
1069 3483 1205 3568 Georgii
1216 3486 1361 3551 martiris
1371 3485 1437 3550 fore
1448 3485 1488 3549 di·

363 3592 516 3670 noscitur,
532 3599 565 3657 et
580 3592 671 3677 Paly,
688 3593 851 3678 Kysfolud
862 3599 894 3658 et
909 3591 1030 3659 Sedseu
1046 3595 1169 3659 vocatis
1179 3595 1212 3658 in
1224 3595 1381 3661 comitatu
1396 3595 1490 3660 Bara-

363 3699 418 3762 nia
433 3698 563 3780 habitis,
579 3701 613 3764 in
629 3700 784 3766 divisione
801 3722 873 3766 cum
892 3701 1029 3768 Nicolao
1045 3701 1112 3768 filio
1139 3703 1236 3768 Pauli
1262 3703 1363 3770 fratre
1387 3723 1490 3768 eorum
1565 3717 1566 3726 ¹

363 3807 510 3888 patruele
527 3808 639 3874 habita
649 3809 728 3892 ipsis
739 3809 1045 3894 devolutiapropter
1059 3810 1179 3876 bonum
1189 3813 1279 3896 pacis
1291 3819 1323 3876 et
1333 3809 1492 3876 concordie

363 3915 513 3979 unionem
529 3915 713 3982 huiusmodi
729 3916 814 3981 inter
830 3939 863 3982 sc
880 3917 1031 3984 fecissent
1041 3918 1252 3986 divisionem:
1278 3920 1363 4002 quod
1381 3918 1491 3984 drudus

364 4021 452 4085 curie
468 4024 684 4104 prenominati
700 4024 725 4089 J
727 4024 862 4091 ohannis
878 4027 981 4109 patris
998 4027 1141 4110 ipsorum
1151 4027 1185 4092 in
1195 4028 1286 4094 dicta
1301 4029 1491 4110 possessione

363 4128 470 4210 Weyk
486 4149 506 4192 a
522 4135 614 4211 parte
630 4130 821 4197 occidentali
838 4131 922 4197 dicte
939 4133 1072 4199 ecclesie
1089 4135 1175 4198 santi
1186 4131 1323 4218 Georgii
1340 4133 1493 4198 adiacens.

363 4257 435 4301 cum
452 4255 516 4300 uno
532 4236 633 4302 fundo
648 4238 736 4302 curie
752 4240 847 4305 unius
862 4239 1042 4324 iobagionis
1067 4247 1155 4306 retro
1179 4241 1361 4325 predictam
1375 4241 1493 4308 curiam
1562 4235 1563 4238 '

362 4343 473 4409 habito
490 4351 523 4410 et
538 4346 639 4410 eciam
656 4367 728 4410 eum
745 4368 809 4411 uno
827 4349 896 4413 vico
912 4370 932 4413 a
947 4355 1042 4432 parte
1058 4348 1147 4414 fluvii
1165 4347 1309 4416 Orassou
1325 4350 1493 4416 adiacente.

363 4451 420 4531 qui
436 4451 594 4533 inciperet
617 4452 805 4520 oboriente
831 4476 851 4519 a
876 4457 1017 4537 quodam
1042 4457 1161 4542 angulo
1177 4457 1390 4542 Wkruszugh
1405 4457 1495 4523 dicto.

363 4564 396 4622 01
411 4557 532 4622 directe
548 4559 589 4622 ad
615 4560 812 4628 occidentem
841 4585 943 4647 usque
971 4565 1133 4647 quendam
1159 4572 1309 4632 troncum
1335 4567 1391 4650 qui
1417 4571 1494 4631 esset

363 4665 446 4728 inter
462 4666 582 4728 curiam
600 4667 705 4750 Ohyre
719 4668 896 4753 iobagionia
907 4672 1026 4752 prelati
1037 4673 1210 4738 Michaelis
1222 4680 1255 4738 et
1265 4675 1391 4740 citriam
1403 4673 1494 4740 Pauli
