3138 5462
514 438 608 500 1347.
624 453 692 497 sn„
710 438 761 498 ns.
1141 439 1203 501 ros
1235 401 1238 408 ’

88 616 154 678 item
169 613 200 676 in
215 613 417 694 possessione
435 613 575 678 Kuteles
591 615 624 678 in
641 616 796 680 comitatu
821 613 860 678 de
877 614 1009 681 Zaboch
1035 614 1155 698 habita,
1172 615 1204 680 in

88 741 144 802 qua
158 719 291 784 ecclesia
307 726 393 785 esset
407 720 442 784 in
457 721 578 786 honore
594 721 681 788 beati
698 719 832 805 Georgii
852 723 996 788 martiris
1012 727 1205 804 constructa,

87 827 271 894 divisionalis
307 829 474 910 separacio
499 827 586 893 facta
611 829 831 894 huiuscemodi
856 831 1049 895 exstitisset:
1074 831 1160 912 quod
1186 853 1205 896 a

89 939 167 1002 curia
182 935 352 1002 Benedicti
377 936 531 1002 inclusive
548 944 677 1022 aparte
702 938 877 1004 occidentis
902 959 1012 1004 versus
1038 939 1205 1005 meridiem

87 1065 176 1128 usqne
191 1043 287 1110 finem
303 1046 452 1111 cessisset
466 1045 615 1112 Dionisio
640 1046 841 1130 possidenda,
868 1067 907 1112 ex
932 1048 1079 1132 opposito
1096 1054 1205 1114 autem

87 1153 198 1217 scuria
213 1153 305 1218 Petri
321 1152 475 1218 inclusive
491 1174 511 1218 a
527 1159 620 1238 parte
636 1154 811 1220 occidentis
826 1175 936 1220 versus
954 1153 1119 1221 'orientem
1134 1162 1203 1222 ten·

87 1263 171 1326 dente
194 1282 296 1344 usque
320 1259 418 1326 finem
444 1261 622 1326 devenisset
640 1261 674 1326 in
699 1261 749 1327 ius
767 1267 800 1326 et
815 1261 1046 1345 proprietatem
1062 1263 1205 1348 Pyrinch

88 1369 237 1452 sepedicti,
262 1389 283 1433 a
307 1377 400 1454 parte
415 1391 489 1434 vero
515 1370 754 1454 septemtrionis
773 1370 885 1455 Zanyo
901 1377 1104 1454 remanente3
1127 1371 1205 1438 item

88 1478 189 1543 silvam
213 1478 254 1542 ad
270 1477 433 1562 prefatam
449 1479 555 1544 Perch
573 1481 787 1562 pertinentem
813 1481 859 1545 sic
883 1486 1095 1564 separassent,
1119 1481 1205 1562 quod
1257 1547 1260 1555 ,

87 1587 161 1650 inter
175 1585 253 1650 duas
269 1586 337 1650 vias
353 1607 411 1670 per
428 1605 509 1668 quas
525 1585 568 1651 ad
584 1585 711 1670 Sarang
727 1591 760 1651 et
775 1585 949 1671 Kysbogus
965 1589 1040 1667 itur,
1057 1589 1206 1654 cessisset

84 1692 236 1774 Dionisio,
260 1693 347 1758 inter
363 1693 498 1774 eandem
513 1715 588 1759 vero
612 1695 698 1758 viam
713 1715 771 1778 per
787 1715 886 1777 quam
911 1695 977 1760 itur
1001 1695 1044 1760 ad
1069 1697 1204 1762 eandem

85 1799 254 1884 Kysbogus
287 1807 321 1865 et
344 1787 431 1866 viam
456 1823 514 1885 per
538 1823 636 1886 quam
661 1803 819 1867 transitur
835 1801 877 1866 ad
893 1801 1002 1866 villam
1018 1802 1206 1888 Nogbogus,

87 1907 223 1972 devoluta
237 1906 353 1972 fuisset
363 1909 397 1972 in
407 1909 640 1992 proprietatem
650 1907 770 1991 prefati
786 1907 948 1991 Perynch3
964 1907 1053 1974 ultra
1069 1909 1203 1974 eandem

84 2017 159 2079 riam
173 2035 229 2099 per
244 2036 344 2099 quam
360 2018 427 2082 itur
442 2016 484 2082 ad
493 2013 710 2100 Nogbogns,a
726 2021 819 2099 parte
834 2017 967 2080 orientis
977 2016 1011 2080 in
1021 2019 1206 2100 porcionem

84 2123 184 2208 anyo
208 2123 439 2207 relinquendo,
462 2125 540 2190 item
564 2124 799 2208 possessionem
824 2123 967 2208 prhur
992 2125 1024 2188 in
1050 2127 1206 2191 comitatu

84 2231 284 2316 Supruniensi
301 2229 383 2318 (igy)
409 2234 607 2311 existentem,
623 2233 656 2297 in
681 2233 772 2298 cuius
788 2231 869 2297 facie
886 2237 935 2297 est
950 2231 1086 2297 ecclesia
1102 2234 1205 2298 sancti
1258 2285 1259 2290 1

83 2340 217 2420 Martini,
233 2341 312 2406 item
328 2339 426 2406 aliam
442 2341 675 2425 possessionem
699 2339 814 2405 Hurth
838 2345 984 2406 vocatam
1000 2341 1034 2404 in
1051 2342 1205 2406 comitatu

84 2449 120 2514 de
136 2448 262 2514 Zabcch
278 2449 469 2514 existentem
485 2449 519 2514 in
536 2469 602 2530 qua
616 2447 900 2514 habetnreoclesia
915 2447 948 2511 in
965 2448 1085 2513 honore
1102 2449 1206 2514 sancti

83 2557 240 2637 Demetrii,
255 2560 463 2642 reliquissent
477 2559 563 2624 inter
578 2579 612 2624 se
627 2557 799 2637 indivisas3
817 2558 868 2624 ius
884 2563 993 2623 autem
1009 2563 1201 2642 patronatus

83 2665 280 2732 ecclesiarum
296 2669 330 2734 in
346 2667 493 2733 omnibus
509 2665 764 2752 possessionibus
774 2687 894 2745 eorum,
905 2671 938 2730 et
946 2671 1051 2730 terras
1063 2665 1203 2748 usuales,

84 2795 203 2859 campos
219 2781 252 2840 et
266 2793 371 2857 aquas
387 2775 548 2840 communi
572 2775 645 2840 usui
661 2774 893 2856 deputassent.
911 2823 918 2836 .
934 2772 1059 2838 Datum
1073 2775 1107 2840 in
1123 2767 1206 2840 festo

85 2881 164 2948 beati
178 2884 202 2949 J
203 2883 296 2951 acobi
311 2885 460 2968 apostoli,
477 2905 560 2950 anno
571 2883 692 2949 domini
708 2886 784 2950 Mmo
800 2881 923 2949 CCO'no
939 2884 1043 2950 ΧΙιῑἩο
1059 2883 1206 2967 septimo.

182 3028 333 3093 Hatlapjan
347 3029 439 3093 peccet
460 3031 636 3094 nyornaival;
656 3029 786 3093 eredetije
809 3045 825 3078 a
848 3030 881 3078 N.
904 3031 1035 3079 Muzcum
1058 3027 1202 3083 ltartbam

83 3125 210 3181 ugyanott
222 3135 340 3186 megvan
353 3120 534 3186 privilegialis
546 3121 667 3170 alakban
680 3119 711 3168 is.
731 3119 831 3168 Kczli:
852 3119 1009 3170 Sohonherr
1022 3117 1122 3180 Gyula.

560 3279 721 3289 —-.—-

617 3447 670 3510 48.

90 3585 172 3649 1347.
180 3585 243 3671 jul.
260 3587 313 3650 29.
341 3585 371 3651 A
386 3588 518 3653 amca-ri
531 3587 690 3674 lociptolcn
714 3589 777 3652 Vas
791 3591 956 3674 vdrmepyc
976 3585 1207 3672 alispdojdoalo

83 3691 111 3753 e's
125 3691 378 3776 szclqobirctiaalc
385 3694 506 3780 jeleota',
522 3695 601 3781 kopp
611 3693 772 3780 Nddaady
786 3693 899 3758 Ldszld
911 3695 942 3757 a
958 3691 1069 3758 Istcdn
1075 3693 1206 3774 finiculo

84 3799 209 3865 Petriacz
224 3809 305 3867 acolt
322 3801 386 3865 Vos
397 3802 577 3890 odrmepyei
595 3800 730 3866 birtolcdt
746 3825 767 3864 a
774 3799 860 3885 felsd
871 3800 998 3865 liodoai
1013 3799 1122 3865 Szeclri
1141 3822 1207 3864 csc·

279 3909 334 3974 lact
350 3908 531 3975 cirotaitol
545 3907 772 3994 haldrjslelclsel
786 3907 1005 3973 elkitdioa'tcttc.

186 4101 218 4117 ..
244 4051 426 4118 Laurencic
451 4049 518 4115 filio
543 4048 707 4114 Herbordi
732 4048 911 4114 vicecomiti
946 4048 1094 4130 magistri
1121 4047 1207 4117 Lau-

85 4159 177 4224 rencii
208 4159 336 4225 comitis
368 4157 575 4224 Oestriferrei
601 4165 634 4222 et
657 4155 816 4223 indicibus
847 4154 1003 4220 nobilium
1035 4155 1207 4220 comitatus

84 4268 230 4348 eiusdem,
255 4266 433 4352 capitulum
448 4266 580 4332 ecclesie
605 4263 810 4331 Oastriicrrei
827 4263 986 4328 ..literas
1011 4269 1135 4329 vestras
1160 4284 1208 4328 re·
1287 4285 1290 4290 ·

84 4378 220 4461 cepimus
237 4425 245 4441 .
262 4428 268 4441 .
285 4376 320 4440 in
330 4375 447 4460 quibus
456 4374 593 4440 vidimus
603 4374 769 4451 contineri,
785 4371 872 4456 quod
881 4372 1029 4455 magistri
1039 4371 1064 4436 J
1064 4371 1207 4436 ohannes

85 4486 164 4552 filius
178 4479 328 4552 Ladislai
344 4490 377 4548 et
391 4481 593 4548 Laurencius
617 4480 704 4545 filius
729 4480 888 4563 Stephani
904 4479 943 4544 de
961 4477 992 4546 N
993 4477 1094 4544 adasd
1118 4475 1208 4542 uobis

84 4593 244 4670 dixissent,
269 4591 356 4674 quod
382 4591 496 4656 nobilis
521 4591 651 4654 domina
682 4587 796 4652 relicta
821 4587 971 4670 magistri
997 4586 1123 4652 Nicolai
1149 4585 1208 4650 filii
