3226 5462
599 509 694 570 1347.
710 525 806 594 rnen.
823 511 853 569 2.
1247 511 1284 573 ll
1362 545 1364 549 ·

147 690 263 772 inquo
288 686 392 753 eciam
416 687 554 753 termino
579 686 722 772 predicte
747 693 858 772 partes
884 693 950 756 tres
976 687 1018 754 ad
1042 687 1289 754 distinctionem

147 799 305 882 premisse
321 818 418 864 08080
433 803 467 864 01
482 798 551 864 0108
566 795 696 862 finalem
720 795 996 864 adiudicaciunem
1020 797 1237 882 personaliter
1252 801 1287 863 et

148 927 215 973 non
239 927 300 992 per
324 907 468 990 aliquem
496 910 741 991 procuratorem
772 905 863 970 iuxta
894 910 1038 970 nostram
1064 911 1097 971 et
1126 905 1287 972 baronum

147 1018 243 1102 regni
258 1015 462 1082 iudiciariam
482 1015 746 1094 commissionem,
771 1014 1022 1098 earumdemque
1048 1015 1195 1099 parcium
1215 1035 1287 1099 pro-

149 1131 342 1192 curatorum
357 1125 575 1192 voluntariam
591 1124 827 1204 assumtionem
852 1143 962 1190 eoram
989 1124 1082 1190 nobis
1101 1145 1287 1209 comperero

148 1240 349 1302 tenerentur.
362 1234 506 1301 Domum
516 1235 595 1320 ipsis
605 1234 726 1300 octavis
736 1231 801 1298 diei
811 1229 1026 1300 Strennernm
1036 1235 1289 1316 occurrentibus,

149 1344 312 1412 Albertus
329 1343 416 1410 filins
431 1343 603 1410 Merlrardi
619 1341 774 1409 antedicti
799 1362 858 1426 pro
884 1342 996 1407 eodem
1021 1349 1115 1426 patre
1131 1364 1189 1409 suo
1207 1393 1213 1408 .
1230 1393 1236 1410 .
1255 1351 1287 1410 et

148 1455 300 1537 prefatus
315 1453 474 1521 Nicolaus
499 1453 585 1521 filius
601 1453 766 1524 Dominici
782 1453 822 1518 de
838 1453 864 1518 J
865 1452 953 1518 anuk
978 1452 1202 1536 personaliter,
1218 1477 1289 1538 pre-

149 1569 241 1630 tucto
265 1561 422 1629 Ladisleo
453 1562 523 1629 filio
546 1563 637 1628 Petri
668 1559 727 1626 filii
758 1559 885 1626 Ivanke
918 1581 976 1646 per
1001 1563 1087 1644 ipsos
1113 1559 1288 1632 Albesium

148 1671 255 1738 lilium
270 1679 305 1738 et
320 1678 565 1757 procuratorem
588 1669 734 1736 iamdicti
750 1670 922 1736 Morbsrdi
937 1691 976 1735 80
988 1667 1162 1736 Nicolaum
1187 1670 1289 1737 filium

148 1780 318 1847 Dominici
343 1781 459 1865 viginti
490 1779 615 1846 duobus
645 1777 758 1846 diebus
790 1774 950 1845 eondnuis
975 1786 1010 1844 et
1033 1780 1121 1846 ultre
1145 1779 1289 1864 legitime

148 1911 260 1956 coram
276 1890 370 1956 nobis
386 1894 581 1974 exspectato,
597 1893 709 1954 nostro
727 1894 914 1972 postengeio
939 1888 1059 1954 iudicio
1069 1910 1133 1955 non
1143 1890 1289 1956 veniente

150 2019 211 2064 000
226 2001 387 2083 mittente,
404 1999 446 2065 ad
462 2005 607 2064 nostram
623 1996 811 2064 aecedentes
821 1997 1030 2082 presenciam,
1046 1997 1160 2064 literas
1175 2019 1290 2083 prenn-

147 2108 255 2174 notati
273 2108 411 2192 capituli
427 2107 453 2173 J
453 2108 611 2173 auriensis
628 2106 718 2190 regie
743 2105 919 2188 rescriptas
944 2106 1113 2172 serenitati
1129 2104 1221 2172 nobis
1238 2106 1291 2172 de·

147 2223 387 2296 monstrarunt,
397 2218 431 2282 in
441 2215 558 2301 quibus
574 2215 688 2282 baberi
699 2215 923 2300 conspeximus
934 2214 997 2280 1810
1008 2213 1113 2280 modo:
1130 2221 1169 2280 ut
1184 2215 1291 2298 ipsum

147 2327 335 2410 capitulum
351 2326 377 2391 J
382 2325 531 2391 auriense
556 2345 654 2410 super
680 2323 846 2409 premissis
871 2323 1062 2388 excellencie
1087 2324 1175 2407 regie
1192 2375 1198 2388 .
1216 2376 1222 2389 .
1239 2346 1290 2389 re-

148 2435 367 2520 spondissent,
392 2434 479 2519 quod
494 2436 557 2518 ipsi
573 2437 607 2500 in
623 2434 675 2500 die
692 2440 725 2499 et
740 2434 877 2499 termino
900 2437 1071 2515 prenotato
1088 2432 1130 2498 ad
1147 2433 1291 2499 sonitum

146 2565 309 2629 campane
328 2543 556 2610 universaliter
581 2544 615 2608 in
640 2563 741 2607 unum
766 2547 799 2607 et
824 2540 1037 2624 collegialiter
1052 2542 1290 2624 convenientes,

151 2653 237 2735 ipsis
252 2653 359 2718 literis
374 2654 494 2718 nostris
510 2650 695 2717 0808811108
720 2650 824 2733 primo
850 2650 968 2716 seriose
984 2649 1134 2734 perlectis
1151 2655 1184 2714 01
1198 2649 1292 2715 10101-

149 2762 258 2840 lectis,
267 2767 302 2826 et
310 2761 426 2827 deinde
441 2761 630 2846 prescriptis
639 2761 743 2826 literis
753 2758 1009 2844 privilegialibus
1019 2759 1059 2824 de
1068 2760 1138 2844 ipso
1149 2759 1292 2844 capitulo

149 2869 180 2935 J
180 2871 325 2936 auriensi
341 2869 549 2954 loquentibus
559 2868 732 2953 diligenter
747 2867 998 2952 circumspectis,
1016 2869 1120 2951 primo
1130 2867 1292 2953 etprinci-

149 2980 276 3064 paliter
291 2980 436 3063 ipsarum
451 2977 623 3046 literarum
648 2977 757 3062 sigilla
772 2998 925 3062 appensa,
940 2977 974 3042 in
1000 2978 1184 3060 quantitate
1209 2977 1288 3060 quie

148 3090 282 3154 minora
298 3088 404 3173 sigillo
418 3108 531 3154 corum
547 3087 697 3172 diligenti
722 3087 962 3154 examinacione
988 3085 1108 3151 eisdem
1124 3107 1182 3170 per
1198 3085 1288 3170 ipsos

147 3199 187 3262 10
204 3197 373 3281 presencie
388 3195 519 3262 Nicolai
544 3195 622 3262 dicti
648 3195 723 3280 Ogh
747 3197 887 3262 hominis
911 3195 994 3280 regii
1019 3196 1169 3280 apposite
1193 3215 1292 3280 apps-

148 3307 305 3385 ruissent
331 3305 471 3372 seoundo
495 3306 574 3388 quia
597 3303 667 3390 ipse
692 3304 786 3371 litere
810 3304 932 3370 nullius
957 3305 1153 3389 scriptorum
1178 3325 1292 3370 eorum

146 3415 273 3500 prioris
306 3419 339 3480 et
363 3413 510 3479 moderni
543 3414 744 3479 notariorum
775 3411 874 3479 fuisse
904 3412 1163 3496 perhiberentur,
1187 3413 1290 3478 tercio

148 3524 233 3609 0010
249 3543 309 3608 per
333 3521 621 3587 1108011010ὼο
640 3523 705 3585 sice
730 3543 829 3588 00000
854 3521 1009 3587 mursiam
1025 3531 1165 3586 stauros
1181 3522 1287 3585 iurar-

148 3633 297 3697 naeionie
321 3637 420 3716 prout
438 3630 483 3697 ibi
508 3630 741 3714 comperissent
756 3631 790 3694 in
804 3630 890 3695 datie
907 3630 1073 3694 literarum
1093 3652 1228 3694 sucrum
1247 3629 1290 3695 ad

150 3763 264 3806 eorum
281 3740 468 3806 messoriam
484 3761 547 3804 noc
554 3737 698 3824 subeant
712 3737 886 3825 calfacere
902 3739 1058 3817 00000001,
1075 3743 1194 3820 008010
1212 3739 1291 3823 quie

146 3849 262 3916 nullus
280 3853 577 3914 commetaneorum
601 3854 661 3913 aut
678 3847 856 3913 vicinorum
873 3847 1112 3932 possessionum
1128 3869 1202 3912 cum
1218 3868 1293 3931 pre·

147 3961 241 4026 dicto
257 3957 397 4024 Nicolao
412 3955 481 4022 fflio
497 3957 662 4023 Dominici
673 3957 707 4021 in
717 3962 785 4022 tam
801 3954 916 4039 grandi
933 3953 1019 4021 10010
1030 3955 1095 4020 sive
1104 3955 1291 4021 0001101000

148 4069 376 4152 comparuisse
392 4071 604 4144 astrueretur,
620 4065 735 4148 001010
752 4065 831 4148 0018
856 4065 964 4148 ipsum
988 4061 1162 4129 Nicolaum
1188 4063 1294 4130 filium

149 4176 321 4244 Dominioi
337 4176 371 4240 in
387 4174 571 4241 huiusmodi
587 4173 774 4240 condicione
792 4171 902 4238 nullus
918 4173 1063 4256 ipsorum
1078 4173 1294 4256 personaliter

147 4287 204 4352 001
227 4307 288 4370 per
312 4290 559 4370 procuratorem
584 4284 803 4367 comparuisse
827 4281 1067 4361 recondebatur,
1098 4289 1188 4348 sexto
1214 4283 1293 4366 0018

143 4401 263 4461 cartas
288 4395 322 4458 in
348 4413 459 4460 eorum
475 4395 712 4460 conservatoris
738 4393 926 4458 0011810008
950 4392 1128 4457 0810188001
1149 4393 1294 4459 invenire

141 4503 359 4588 requirendo,
376 4505 513 4588 septimo
529 4502 610 4588 quia
625 4523 700 4568 cera
715 4503 819 4586 prime
845 4500 1054 4586 sigillarionis
1079 4501 1244 4566 reconcior
1261 4507 1294 4566 et

146 4615 266 4679 novior
282 4634 381 4696 qnam
396 4613 534 4680 secunde
550 4612 763 4696 apparuisset,
780 4617 892 4676 0018οο
916 4611 993 4693 0018
1012 4609 1150 4674 maxime
1166 4611 1295 4675 0000118

144 4723 247 4806 signa
262 4741 374 4788 eorum
390 4721 489 4807 sigilli
505 4719 689 4790 nullomodo
709 4721 788 4805 ipsis
813 4717 1081 4804 impressionibus
1097 4718 1162 4783 sive
1179 4717 1293 4804 sigillis
