3192 5466
551 401 739 464 laceror.
760 403 808 464 13.

645 690 717 752 124.

116 847 206 910 1348.
222 873 289 912 aon.
308 853 337 912 2.
355 853 546 935 Apozsonpi
566 849 721 934 lupicina
738 850 809 914 ellit
826 849 965 914 Marozel
981 851 1031 930 fin
1048 851 1160 928 Jcinos,
1179 849 1241 913 bir-

278 959 362 1022 tolet
379 959 517 1022 Palboni
533 957 693 1020 Barnolch
701 957 819 1038 fiducie
834 957 962 1042 za'lopba
979 958 1066 1042 adju.

218 1135 404 1218 Capitulum
436 1137 566 1204 ecclesie
597 1138 813 1216 Posoniensis‚
846 1137 1064 1221 significamus
1091 1185 1097 1201 .
1125 1137 1244 1220 „quod

113 1246 283 1310 lohannes
300 1245 384 1312 filius
401 1248 527 1312 Marcel
543 1248 576 1312 in
594 1247 695 1312 nostri
712 1248 880 1330 presencia
896 1247 1112 1330 personaliter
1128 1247 1245 1312 consui-

113 1360 211 1430 tutus,
236 1353 300 1418 duo
325 1355 435 1437 iugera
453 1363 614 1422 terrarum
640 1377 781 1432 suarum,
806 1377 943 1438 quorum
968 1377 1066 1420 unum
1093 1355 1246 1421 Benkara

112 1462 270 1546 reliquum
286 1483 361 1528 vero
376 1462 560 1530 Lenchehel
575 1472 806 1548 nuncupatum,
822 1465 926 1530 Paulo
942 1465 1008 1529 filio
1023 1464 1189 1530 Barnolch
1204 1464 1244 1527 de

113 1572 241 1636 Potbon
257 1594 278 1636 a
294 1571 375 1636 sesa
390 1571 477 1637 beali
492 1574 664 1640 Michaelis
690 1573 877 1656 archangeli
893 1595 978 1639 nnnc
993 1574 1152 1657 preteribo
1167 1573 1245 1637 inci·

111 1679 211 1762 piens,
229 1679 323 1762 plene
336 1685 409 1744 octo
419 1681 511 1746 annis
527 1703 586 1764 pro
596 1689 667 1746 octo
678 1682 785 1765 pensis
802 1681 1008 1746 denariorum
1024 1681 1245 1746 viennensium

110 1786 204 1870 plene
221 1768 254 1851 et
270 1788 303 1851 in
320 1793 389 1852 ato
405 1787 534 1866 habilis,
558 1797 589 1855 et
615 1811 678 1854 non
704 1790 800 1868 ultra,
828 1791 855 1854 si
880 1787 1046 1872 completis
1071 1787 1149 1870 ipsis
1174 1793 1246 1852 oclo

111 1896 204 1960 annis
221 1917 281 1980 pro
297 1917 351 1960 sex
368 1892 508 1980 pensis(
510 1945 611 1960 .....
612 1893 625 1979 )
642 1897 767 1963 duabus
783 1898 890 1980 pensis
916 1917 974 1980 pro
1001 1902 1079 1960 tunc
1103 1895 1165 1960 sibi
1193 1895 1246 1959 de-

113 2002 272 2069 falcandis
289 2001 331 2069 ab
348 2003 461 2068 codem
476 2003 581 2070 Paulo
597 2005 753 2070 redimere
774 2006 903 2089 poterii,
929 2003 978 2068 vel
1003 2003 1091 2070 ultra
1118 2004 1241 2068 iamdiu

112 2111 124 2195 (
127 2160 254 2176 ......
257 2109 271 2194 )
288 2132 347 2195 pro
364 2133 491 2176 summa
506 2111 667 2176 diolarum
683 2134 737 2178 sex
754 2135 927 2197 pensarum
941 2112 1099 2178 redimere
1115 2114 1243 2196 poterit,

112 2222 208 2288 riuulo
225 2220 371 2302 pignoris
396 2218 438 2301 ad
462 2219 618 2284 utendum
634 2221 793 2286 commisit
809 2227 843 2286 et
857 2221 975 2286 locavit
991 2217 1005 2303 (
1007 2267 1228 2284 ..........
1231 2217 1244 2306 )

115 2331 324 2396 nihilominus
340 2327 426 2393 idem
442 2329 468 2392 J
469 2330 613 2395 ohannes
628 2329 714 2394 filius
730 2330 856 2396 Marcel
873 2336 1087 2396 memoratum
1103 2329 1245 2396 Paulum

111 2439 150 2504 ab
166 2439 317 2504 omnibus
332 2437 437 2502 medio
454 2443 598 2520 tempore
614 2438 742 2503 racione
768 2437 927 2504 dictorum
943 2439 1080 2504 duorum
1095 2439 1244 2522 iugerum

110 2547 263 2613 infestare
279 2545 457 2611 volentibus
473 2545 539 2610 suis
555 2544 719 2611 laboribus
735 2552 768 2610 eb
784 2545 930 2630 expensis
941 2543 1031 2630 (lgy).
1048 2546 1172 2612 Datum
1190 2545 1242 2610 die

111 2655 270 2721 dominico
281 2655 427 2739 proximo
438 2659 510 2738 posb
519 2654 636 2719 sestam
646 2653 798 2720 Omnium
810 2652 1013 2738 Samiorum,
1026 2677 1111 2720 anno
1122 2655 1242 2720 domini

110 2761 161 2826 ΙΨ
184 2760 309 2831 0001110
326 2759 432 2827 XL¹¹¹⁰
447 2767 569 2827 octavo.

216 2925 359 2991 Eredelije
372 2943 388 2976 a
401 2927 435 2975 N.
449 2928 578 2978 Muzeum
591 2927 727 2976 lterhban.
748 2925 847 2976 Kezli:
869 2925 1027 2976 Schbnherr
1040 2925 1139 2988 Gyule.

117 3525 211 3588 1348.
233 3523 342 3601 Bada,
359 3544 425 3586 noc.
446 3523 494 3586 13.
507 3521 533 3586 I.
547 3521 642 3606 Lajos
653 3521 760 3605 Ισίνάίῃ
772 3515 799 3586 Ι.
810 3519 933 3606 Kciroly
945 3518 1118 3605 kirdlynak
1131 3518 1243 3582 Palus-

108 3632 189 3696 lelek
205 3633 238 3694 6³
261 3629 467 3694 Vmbuiznenr'l
478 3626 610 3693 Dobobu
623 3629 800 3714 rdrmeqyei
815 3627 966 3690 birtolrriil
981 3627 1011 3688 e'a
1028 3625 1152 3690 urdb'rbl
1163 3626 1245 3690 ezelo

107 3739 387 3824 adomcinylerele't,
413 3737 503 3822 Sulcy
518 3735 637 3800 Miller
652 3736 782 3817 flaiani·
804 3735 984 3813 lee‘relmere,
1011 3733 1066 3796 leik
1083 3759 1102 3798 a
1119 3734 1244 3798 lalcirolc

164 3849 299 3912 berriae·
314 3847 392 3910 allen
408 3871 429 3908 a
445 3846 565 3931 oe‘pelcel
583 3845 693 3908 nile'zi'i'l
709 3843 989 3930 mepnddelmezlelc,
1006 3844 1189 3928 nieqcrlleiti.

218 4026 290 4094 Nos
300 4027 480 4093 Lodoricus
497 4079 503 4092 .
521 4078 527 4092 .
543 4047 600 4092 rex
616 4075 623 4090 .
640 4075 647 4090 .
664 4023 883 4109 significemus
900 4073 906 4088 .
924 4074 930 4088 .
948 4023 1034 4106 quod
1052 4024 1130 4107 quia
1141 4045 1241 4106 quan·

107 4139 185 4204 dam
210 4143 333 4202 cenam
358 4134 565 4202 Palusleleke
590 4139 746 4215 voculam,
778 4133 874 4198 simul
905 4153 979 4198 cum
1011 4132 1092 4198 silva
1116 4131 1243 4198 Vmbuz

108 4247 287 4322 nominata,
304 4245 336 4309 in
353 4246 507 4310 comitatu
524 4243 563 4308 de
580 4242 718 4309 Doboka
734 4243 935 4323 existentem,
960 4239 1121 4324 quondam
1138 4261 1195 4324 per
1212 4291 1218 4305 .
1236 4289 1242 4302 .

107 4353 273 4421 Karolnm
309 4373 417 4437 regern
433 4401 464 4416 ..
485 4351 641 4418 Michaeli
666 4357 699 4416 el
725 4349 862 4416 Nicoluo
889 4349 963 4414 filiis
990 4348 1121 4414 Alberli
1148 4347 1243 4432 Swlry

108 4485 222 4528 eorum
238 4459 450 4527 fidelitatibus
461 4467 493 4525 et
501 4459 642 4525 serviciis
660 4457 898 4540 requirentibus
914 4457 1083 4540 privilegio
1099 4455 1243 4522 eiusdem

111 4620 117 4634 .
134 4619 141 4634 .
157 4567 277 4635 Karoli
295 4569 380 4652 regis
397 4619 404 4633 .
422 4616 428 4629 .
444 4567 544 4652 priori
561 4573 594 4631 ct
610 4565 787 4649 antiquiori
813 4564 921 4648 sigillo
937 4565 1038 4649 ipsius
1055 4565 1242 4648 consignato
