3180 5466
568 523 663 585 1352.
679 541 750 584 san.
771 525 820 586 20.
895 573 898 578 .
1191 519 1254 582 543

130 701 216 783 ipsas
233 701 439 784 pertinentes
456 719 601 764 assereus
618 699 721 780 ipsum
739 699 887 764 Blasium
902 699 941 762 dc
954 699 1043 782 Fony
1060 701 1128 763 siue
1145 699 1262 764 herede

129 807 311 884 decessisse,
328 814 415 872 etex
432 828 468 871 eo
494 809 580 892 ipsas
596 807 814 889 possessiones
831 827 904 870 suas
926 807 965 870 de
982 806 1051 870 iure
1069 812 1177 871 nostre
1203 807 1265 870 col·

130 916 249 980 lacioni
265 917 435 998 pertinere,
452 937 472 978 a
489 916 579 978 nobis
594 914 664 992 sibi,
676 915 751 978 item
764 913 941 998 Stephano,
952 913 1114 992 Michaeli‚
1132 911 1266 994 Simoni,

129 1020 282 1105 Georgia
298 1021 446 1087 Johanni
471 1030 502 1086 et
527 1020 678 1086 Emerico
704 1021 858 1087 fratribus
884 1025 949 1087 suis
965 1023 1111 1102 uterinis,
1128 1023 1264 1088 exclusis

131 1131 281 1196 omuibus
298 1130 453 1195 fratribus
469 1129 671 1214 patruelibus
697 1135 730 1192 et
755 1129 827 1194 aliis
854 1128 1118 1210 generacionibus
1135 1130 1201 1194 suis
1219 1129 1264 1194 di-

133 1238 351 1315 visionalibus,
368 1245 524 1322 perpetuo
541 1239 611 1303 dari
638 1243 671 1301 et
689 1237 825 1302 conferri
842 1238 1027 1320 postulavit.
1059 1236 1129 1301 Nos
1155 1239 1266 1318 itaque

132 1346 278 1429 pensatis
295 1345 507 1410 fidelitatibus
523 1351 555 1408 et
582 1346 787 1410 serviciorum
812 1345 1011 1408 multimodis
1026 1344 1151 1408 meritis
1167 1345 1268 1428 ipsius

133 1455 284 1536 magistri
299 1454 400 1530 Petri,
418 1453 536 1536 quibus
562 1455 630 1535 ipse
656 1453 688 1515 iu
705 1453 830 1516 cunctis
854 1454 973 1518 nostris
999 1459 1031 1516 et
1056 1453 1146 1535 regui
1167 1455 1268 1517 nostri

130 1565 274 1646 negociis
291 1564 454 1646 prosperis
471 1571 503 1626 et
519 1563 670 1638 adversis,
687 1562 820 1626 diversis
847 1562 976 1626 fortune
1004 1563 1130 1626 casibus
1147 1583 1180 1626 se
1196 1565 1268 1629 sub-

134 1672 303 1748 mittendo,
328 1671 535 1736 laudabiliter
560 1677 667 1734 nostre
693 1671 860 1734 serenitati
876 1670 1000 1734 studuit
1024 1669 1221 1753 complacere
1237 1677 1269 1734 et

132 1799 166 1842 se
184 1778 318 1842 reddere
335 1799 412 1860 erga
428 1783 572 1841 nostram
598 1777 799 1840 maiestatem
826 1779 1006 1858 graciosum
1032 1783 1065 1840 et
1089 1783 1266 1861 acceptum,

131 1887 299 1950 universas
316 1887 531 1968 possessiones
558 1893 590 1948 et
615 1886 884 1969 possessiouarias
911 1886 1076 1968 porciones
1102 1885 1265 1967 quondam

132 1995 212 2059 dicti
228 1994 332 2059 Blasii
348 1993 387 2056 de
404 1993 506 2076 Fony‚
523 1992 642 2072 ubique
658 1994 740 2058 etin
756 1993 952 2074 quibuslibet
961 1993 1166 2058 comitatibus
1176 1995 1266 2074 regni

132 2104 237 2166 nostri
255 2105 437 2176 existentes
464 2101 646 2182 specialiter
665 2101 826 2182 predictas
850 2101 1113 2184 possessiones..
1138 2107 1171 2164 et
1186 2101 1267 2163 alias

133 2209 300 2294 quaslibet
316 2209 358 2273 ad
375 2209 501 2273 easdem
520 2209 726 2292 pertinentes
742 2209 829 2272 omni
845 2229 882 2272 eo
898 2209 967 2272 iure
984 2215 1017 2273 et
1032 2209 1128 2272 titulo
1145 2209 1267 2291 quibus

132 2325 243 2384 nostre
260 2317 426 2382 collacioni
443 2317 653 2382 dinoscuntur
669 2317 839 2399 pertinere,
855 2337 933 2380 nove
958 2317 1142 2382 donacionis
1158 2323 1267 2381 nostre

132 2427 239 2502 titulo,
256 2447 327 2490 cum
345 2425 492 2490 omnibus
517 2426 583 2488 suis
601 2473 606 2486 .
625 2475 630 2486 .
655 2426 906 2506 pertinenciis..
932 2423 991 2488 sub
1017 2426 1084 2489 suis
1105 2427 1186 2489 veris
1203 2445 1266 2489 me-

129 2535 173 2598 tis
189 2541 223 2597 et
238 2533 382 2616 antiquis
399 2585 405 2598 .
422 2582 428 2596 .
453 2533 676 2615 prenominato
701 2533 854 2613 magistro
879 2532 977 2596 Petro
994 2533 1081 2596 dicto
1097 2533 1208 2596 Zudor
1233 2541 1265 2597 et

130 2663 190 2725 per
207 2662 280 2705 eum
298 2693 304 2705 .
322 2693 327 2706 .
353 2641 508 2706 iratribus
525 2641 590 2704 suis
607 2641 741 2704 uterinis
758 2641 950 2722 acipsorum
966 2640 1140 2705 heredibus
1157 2690 1163 2703 .
1181 2693 1187 2704 .
1214 2661 1265 2704 ex-

130 2749 230 2814 clusis
261 2749 417 2832 predictis
443 2747 598 2812 fratribus
624 2747 825 2831 patruelibus
851 2753 884 2810 et
911 2747 1175 2829 generaciouibus
1200 2750 1266 2812 suis

129 2858 289 2922 universis
306 2908 311 2920 .
331 2909 336 2924 .
361 2857 549 2921 donavimus
567 2907 573 2918 .
591 2909 596 2920 .
613 2859 677 2920 imo
693 2857 806 2922 damus
823 2909 828 2920 .
846 2909 852 2922 .
878 2857 909 2920 iu
931 2857 980 2920 his
1005 2859 1133 2940 scriptis
1150 2877 1262 2942 perpe-

129 2973 187 3030 tuo
206 3015 236 3031 ..
264 2966 522 3049 possidendas..
546 2964 641 3030 salvis
652 2965 776 3030 iuribus
787 2965 914 3044 alienis;
925 2966 985 3029 hoc
995 2965 1167 3042 declarate,
1179 2965 1264 3050 quod

131 3075 159 3139 si
175 3076 263 3157 ipsos
280 3073 364 3140 filies
381 3074 546 3140 Dominici
563 3073 686 3137 volente
703 3074 831 3138 domino
842 3073 909 3137 sine
926 3073 1097 3138 heredibus
1114 3073 1266 3138 decedere

132 3185 313 3266 contigerit,
330 3183 415 3266 quod
432 3183 525 3260 absit,
542 3189 620 3246 tuno
637 3203 675 3245 ex
692 3181 802 3246 eodem
826 3182 921 3246 titulo
947 3187 1056 3246 nostre
1082 3182 1267 3248 donacionis

131 3291 252 3354 fratres
268 3291 454 3356 eorumdem
471 3291 635 3373 patrueles
662 3290 830 3354 succedere
855 3290 978 3372 possint
1004 3291 1036 3353 in
1053 3293 1267 3372 possessiones

131 3405 321 3482 prenotatas
341 3451 347 3464 .
365 3449 371 3463 .
396 3399 519 3469 Datum
536 3398 638 3476 Rode,
655 3399 735 3462 feria
751 3400 852 3462 tercia
878 3398 1023 3480 proxima
1048 3406 1122 3482 post
1138 3407 1266 3466 octavas

133 3507 409 3590 Epiphaniarum
426 3528 510 3573 auno
527 3507 647 3570 domini
668 3505 742 3568 M¹¹¹⁰
759 3504 961 3572 00οΓ01]ῐῃο
978 3507 1125 3571 secunde.

240 3654 393 3718 Httlapjan
406 3670 422 3704 a
435 3667 509 3718 nagy
522 3653 623 3714 kirtlyi
651 3651 741 3714 pecset
754 3651 921 3714 nyomaival‚
947 3655 1020 3714 mcly
1043 3655 1114 3702 alatt
1136 3668 1228 3717 ugyan
1251 3671 1267 3704 a

130 3744 260 3794 stlntebbi
272 3745 373 3796 saavak
387 3743 568 3807 olvashatdk;
593 3741 721 3802 credetije
743 3755 775 3790 az
799 3755 867 3789 orsz.
881 3740 913 3790 lt.
928 3742 1025 3792 kincst.
1054 3749 1121 3790 osat.
1134 3743 1167 3791 N.
1183 3743 1216 3792 R.
1232 3745 1265 3793 A.

135 3837 213 3884 1537.
228 3838 271 3883 49.
285 3834 351 3896 dipl.
365 3841 432 3884 oszt.
448 3839 526 3882 4249.
541 3832 639 3881 Kdali:
654 3831 761 3880 Kovdcs
775 3832 808 3880 N.

665 4105 739 4166 335.

110 4259 115 4266 ·
133 4229 231 4292 1352.
250 4227 442 4313 Budu,jon.
462 4229 512 4291 20.
532 4227 650 4292 blatta
666 4225 773 4291 nator
789 4229 859 4292 elon
878 4227 1000 4313 Korope·
1012 4227 1132 4314 Fsupos
1148 4229 1259 4292 lru'rorn

125 4339 192 4418 fia,
212 4338 444 4420 Szonrbotbely‚
456 4337 568 4415 Esze'lc,
581 4337 733 4405 Nu'daad,
746 4338 905 4422 li'apurnu
922 4343 952 4400 e‘s
972 4335 1085 4421 Clropo
1105 4346 1181 4398 arcuit
1200 4347 1267 4398 ϋνϋ-

432 4447 495 4508 tou
512 4445 701 4508 dirteboken
721 4445 969 4528 ¹rneposztoznnlc.

244 4588 313 4654 Nos
330 4588 485 4654 Nicolaus
501 4639 531 4653 ..
556 4589 718 4670 palatinus
736 4639 741 4650 .
760 4639 765 4651 .
790 4587 1008 4669 significamus
1026 4636 1055 4649 ..
1081 4588 1166 4668 quod
1195 4609 1267 4652 cum

133 4701 226 4764 iuxta
243 4698 477 4761 continenciam
496 4697 660 4760 literarum
679 4697 800 4760 domini
816 4697 916 4758 nostri
935 4695 1028 4776 regis,
1041 4696 1187 4760 universe
1197 4718 1267 4778 pos·
