3192 5466
562 533 656 594 1348.
674 535 744 592 nia
764 533 813 594 16.
1194 531 1255 593 187

125 709 263 792 predicti
281 709 373 774 Petri
390 709 596 790 viceroyroile
622 711 722 774 nostri
748 711 842 774 horno
868 717 975 775 noster
1001 710 1043 774 ad
1059 709 1119 773 hoc
1134 709 1255 792 specia-

124 817 201 882 liter
217 817 407 898 destinatus,
432 816 603 882 adfaciem
620 818 762 901 predicte
789 819 963 902 superioris
989 818 1170 884 medietatis
1187 838 1257 900 pos·

122 927 278 991 sessionis
294 925 458 991 Palathka
474 933 507 990 ct
516 927 725 1009 possessionis
737 927 933 1011 Mykotelkc,
943 927 1055 992 vicinis
1072 933 1105 991 et
1120 947 1254 990 comine-

125 1036 230 1098 taneis
256 1036 323 1098 suis
349 1083 379 1098 ..
406 1035 587 1100 convocatis
613 1085 643 1100 ..
669 1036 814 1113 accedat,
838 1041 871 1099 et
896 1035 1030 1100 eandem
1062 1034 1258 1116 superiorem

125 1142 335 1207 medictatem
361 1141 569 1226 possessionis
595 1141 757 1207 Palathlra
783 1144 945 1208 nominate
970 1151 1003 1208 et
1027 1142 1258 1226 possessionem

124 1249 315 1333 Mykctelkc
331 1257 484 1328 vocatam,
508 1272 566 1334 per
582 1272 695 1315 earum
710 1273 802 1315 veras
819 1259 851 1316 et
866 1252 1018 1335 antiquas
1038 1256 1140 1315 ructas
1157 1271 1258 1314 reani-

125 1360 270 1424 bulando
294 1369 326 1424 et
342 1359 398 1424 ubi
413 1379 541 1424 necesse
566 1358 663 1424 fuerit
687 1382 784 1424 novas
808 1367 910 1424 metas
935 1361 1027 1425 iuxta
1052 1365 1175 1424 veteres
1199 1358 1259 1422 eri·

125 1469 241 1551 gendo,
264 1491 336 1534 cum
353 1467 500 1532 omnibus
525 1489 637 1532 carum
663 1468 858 1533 utilitatibus
884 1467 1010 1550 prefato
1034 1467 1168 1532 Iwanka
1193 1465 1259 1530 filio

125 1577 280 1660 Gregorii
298 1599 335 1640 eo
351 1567 420 1640 iuro
445 1575 588 1659 quesibi
609 1577 818 1642 dinoscuntur
843 1578 1014 1661 pertinere,
1030 1599 1095 1641 non
1111 1575 1258 1641 obstante

125 1685 385 1750 contradiccione
416 1685 633 1769 predictorum
664 1683 793 1752 Kiliani
826 1686 966 1752 Simonis
998 1684 1172 1750 Michaelis
1201 1683 1258 1747 Jo-

126 1795 245 1858 hannis
262 1800 296 1858 et
311 1793 459 1859 Ladislai
484 1792 624 1872 filiorum
649 1795 822 1860 Michaelis
846 1794 904 1858 filii
930 1795 1077 1878 Semyen,
1101 1791 1259 1876 Stephani

125 1901 304 1968 Laurencii
320 1908 353 1966 ct
369 1901 541 1966 Michaelis
557 1901 697 1967 liliorum
723 1901 880 1986 Stephani
905 1903 982 1968 dicti
1008 1903 1078 1985 Pap
1104 1900 1259 1966 nobilium

126 2010 166 2073 de
184 2009 330 2086 Thusuu
354 2016 479 2075 statuat
494 2010 562 2075 sine
579 2009 755 2094 preiudicio
780 2013 859 2076 iuris
876 2011 973 2076 alieni
989 2017 1143 2095 perpetuo
1159 2009 1259 2094 possi-

127 2117 204 2181 ‹lcre
221 2165 228 2180 .
245 2166 252 2181 .
269 2117 296 2181 si
314 2138 371 2201 per
387 2117 468 2183 alios
485 2117 647 2200 quoslibet
666 2141 730 2183 non
756 2120 854 2184 fuerit
870 2119 1112 2196 contradictum,
1135 2124 1268 2193 contras

128 2225 270 2290 dictores
286 2247 360 2290 vero
386 2225 466 2290 alios
483 2227 510 2291 si
528 2227 583 2307 qui
600 2226 731 2306 fuerint,
755 2228 833 2292 citet
858 2235 971 2294 centra
994 2229 1102 2312 ipsum
1126 2225 1261 2292 Iuanka

127 2331 231 2396 filium
256 2331 408 2415 Gregorii
433 2333 475 2397 ad
500 2339 643 2399 nostram
677 2333 727 2398 vel
752 2334 894 2400 eiusdem
925 2335 1016 2400 Petri
1045 2333 1261 2418 vicevcywcdc

129 2439 1260 2526 nostripresenciamcdtcrminunrcompetentcm3etposthecseriem

128 2550 283 2632 premisse
308 2549 496 2614 statucionis
529 2571 601 2614 cum
626 2551 772 2616 cursibus
797 2557 979 2633 metarum,
1005 2551 1053 2615 vel
1079 2548 1260 2614 nominibus

129 2656 402 2721 contradictorum
429 2663 460 2721 ct
485 2659 657 2722 citatorum
682 2679 720 2723 ac
745 2659 882 2723 termino
906 2660 1080 2741 assignato,
1104 2643 1194 2722 nobis
1211 2657 1261 2719 vel

131 2765 234 2829 eidem
260 2765 468 2848 riccrcyrode
502 2773 613 2831 nostro
633 2815 662 2831 ..
689 2767 882 2832 rescribatis.
906 2767 1030 2832 Datum
1056 2766 1089 2830 in
1115 2763 1262 2848 predicta

131 2871 272 2952 Thorda,
289 2873 424 2956 septimo
441 2873 492 2938 dic
508 2874 770 2958 congregacionis
786 2880 894 2940 nostre
910 2879 1089 2957 prenotate,
1105 2894 1190 2942 anno
1206 2871 1260 2936 do·

131 2979 209 3044 nrini
224 2977 300 3042 Μ1110
314 2977 439 3068 000Μο
456 2981 560 3048 XL¹¹¹⁰
577 2988 696 3047 octavo.

239 3161 279 3208 ΑΖ
292 3161 396 3223 erulolyi
411 3162 599 3225 kirptalannak
616 3168 692 3212 1348.
703 3162 763 3226 jun.
778 3163 861 3212 ‘lb-an
872 3162 953 3211 Peter
966 3159 1131 3224 alvajiliihoz
1145 3159 1262 3209 intezett

127 3250 317 3314 jelenteseblth
336 3251 410 3314 rnely
429 3252 531 3302 szerint
552 3268 568 3302 a
588 3253 726 3302 beiktatas
739 3251 927 3302 ellcnnrondris
949 3251 1045 3300 nelkiil
1068 3249 1258 3314 moguntium

132 3340 317 3403 shararjztras
339 3341 417 3391 niues
440 3341 602 3392 riszletcsen
625 3344 789 3406 selsorclva5
809 3357 825 3392 a
836 3340 953 3406 jelentes
975 3339 1105 3405 ercdctijc
1124 3355 1141 3390 a
1153 3339 1187 3388 N.
1202 3339 1262 3386 Mu·

132 3433 267 3481 zemnban
286 3447 348 3481 van.

674 3815 724 3874 93.

139 3973 229 4038 1348.
247 3973 355 4050 Barla,
374 3974 447 4055 νηῷ.
467 3973 516 4035 lc.
538 3973 970 4056 ,Petorschtiromaso-csta
986 3995 1063 4035 ozon
1080 3971 1260 4056 eppa-seper,

137 4079 273 4164 neeiyeto
289 4079 409 4164 lirinpe
424 4083 455 4144 es
472 4081 623 4144 anveibc'b
640 4091 720 4145 accii
738 4080 821 4144 Pilis
837 4083 1015 4165 crirnreppei
1032 4077 1173 4142 birtobob
1190 4076 1261 4140 ciel-

139 4187 185 4250 len
192 4189 294 4274 felicit
309 4189 439 4252 tizcnh'e'i
454 4189 566 4274 ckc'nyi
576 4189 663 4274 feld,
687 4191 800 4253 uoces
812 4189 905 4254 szb'llb'
913 4187 1134 4273 feleszlcisciro'l
1153 4185 1263 4250 Zosicr

139 4295 226 4358 Pc'ler
242 4297 273 4358 c's
292 4295 504 4380 Gothorulorf
515 4297 618 4361 Jo'eos
635 4321 691 4383 epp
706 4297 833 4374 rescrb'l,
850 4301 919 4360 necis
935 4293 1051 4359 riszrb'i
1061 4295 1157 4380 peclip
1176 4295 1264 4357 Zoar·

224 4401 345 4484 Leiszlo',
362 4403 510 4491 Apharei,
521 4406 551 4468 e's
562 4404 741 4470 Sennabris
757 4405 900 4488 criobojc
910 4405 1021 4467 istoria
1031 4403 1171 4466 cereces.

241 4585 275 4650 N
276 4607 311 4650 cs
337 4605 442 4650 comes
467 4584 591 4650 Paulus
615 4584 712 4649 iudex
738 4584 826 4649 curie
842 4631 849 4647 .
866 4632 872 4648 .
889 4585 975 4667 regis
993 4631 999 4646 .
1017 4631 1023 4647 .
1040 4581 1259 4666 significamus

145 4693 267 4776 ..quod
292 4715 366 4758 cum
390 4693 475 4760 inter
499 4693 636 4758 Petrum
661 4691 772 4760 Zudcr
798 4696 830 4756 et
848 4690 1034 4756 iohannem
1052 4687 1264 4758 Guthundori
