3192 5466
589 471 683 539 1348.
702 495 772 538 nuo.
791 481 819 540 8.
1200 475 1263 540 253

20 643 22 670 *
127 673 214 719 nunc
230 657 302 738 pari
318 662 391 718 voto
408 705 414 718 .
432 706 438 718 .
455 677 528 720 cum
545 656 655 720 eodem
673 659 829 738 magistro
846 658 1000 724 dohunne
1018 657 1165 742 proximo
1183 659 1263 740 ipso·

18 833 19 842 6
126 784 200 826 rum
217 763 329 827 taliter
345 763 594 828 concordassent
611 813 617 827 .
636 815 642 828 .
659 764 745 847 quod
771 765 849 847 quia
872 765 1092 849 preallegatus
1108 766 1264 849 magister

126 871 300 938 Johannes
315 895 374 956 pro
390 875 538 957 expensis
555 875 697 956 ipsorum
708 874 742 938 in
753 873 840 939 dicta
856 875 913 940 lite
929 875 1023 942 lactis
1040 882 1074 940 et
1090 876 1265 940 consumtis

129 981 269 1063 triginta
286 983 366 1046 duos
382 981 519 1046 florenos
546 981 652 1064 quoad
679 984 862 1066 porcionem
888 983 1032 1066 ipsorum
1049 982 1262 1066 persolvisset,

126 1141 133 1152 .
151 1088 243 1152 .ideo
253 1091 317 1172 ipsi
329 1095 453 1154 sextam
463 1097 588 1172 partem
599 1091 822 1172 prenominato
833 1091 1265 1174 possessionisAtbauereze‚

127 1196 278 1262 videlicet
292 1204 394 1262 totam
412 1199 594 1282 porcionem
610 1198 753 1282 ipsorum
767 1199 800 1262 in
811 1199 923 1264 eadem
939 1198 1093 1276 habitam,
1104 1199 1263 1282 assignas-

128 1311 201 1368 sent
219 1355 225 1367 .
243 1358 249 1368 .
267 1307 438 1370 memorati
454 1306 579 1371 Petbeu
595 1312 629 1370 et
644 1305 703 1369 filii
720 1304 862 1387 Andros,
878 1315 946 1372 tam
963 1328 1022 1389 pro
1039 1329 1072 1371 66
1090 1327 1189 1388 quem
1205 1328 1265 1390 pro

128 1412 251 1478 eisdem
268 1412 425 1478 fratribus
450 1415 595 1497 ipsorum
613 1412 809 1490 absentibus,
836 1415 997 1498 sepedicto
1024 1415 1180 1497 magistro
1205 1413 1265 1479 Jo-

126 1520 227 1584 banni
254 1526 288 1584 et
314 1523 380 1586 suis
406 1522 576 1587 heredibus
602 1529 758 1605 perpetuo
777 1523 1003 1606 possidendam
1020 1573 1026 1587 .
1045 1575 1051 1590 .
1068 1524 1099 1587 Ε
1115 1541 1266 1586 converso

126 1649 202 1694 vero
220 1631 404 1712 sepedictus
428 1630 585 1714 magister
600 1629 625 1694 J
627 1630 768 1695 ohannes
795 1630 880 1696 filius
896 1631 1025 1696 Nicolai
1042 1630 1190 1696 similiter
1206 1651 1265 1713 pro

128 1760 161 1803 se
178 1745 214 1804 et
229 1761 290 1822 pro
306 1737 449 1821 Georgio
465 1738 620 1803 Ledislao
636 1745 668 1802 et
684 1735 844 1821 Gregorio
859 1738 934 1804 filiis
953 1739 1020 1804 suis
1052 1760 1191 1820 quorum
1207 1758 1260 1802 nc-

128 1849 259 1930 gocinm
276 1849 345 1930 ipse
361 1846 394 1910 iu
412 1847 474 1911 bac
490 1866 588 1910 causa
605 1846 728 1930 pariter
744 1852 777 1910 et
792 1847 998 1912 ordinacione
1014 1847 1055 1912 ad
1071 1868 1165 1911 suurn
1182 1867 1262 1910 onus

126 1955 292 2032 assumsit,
317 1975 413 2038 super
439 1953 525 2019 dicta
550 1953 712 2036 particula
737 1959 823 2018 terre
854 1953 1053 2020 sufficienter
1084 1959 1262 2032 contentus,

126 2063 293 2145 predictas
311 2063 392 2127 duas
408 2061 625 2145 possessiones
641 2061 810 2126 Harmach
827 2061 949 2143 etAzo,
967 2062 1103 2146 iuraque
1120 2064 1263 2146 ipsorum

126 2171 161 2234 in
177 2171 302 2235 eisdem
318 2169 432 2235 habita
448 2175 673 2253 perpetuasset
688 2219 694 2232 .
712 2219 718 2233 .
735 2169 863 2234 Petbeu
888 2169 956 2234 filio
972 2169 1111 2235 Martini
1136 2177 1169 2235 et
1194 2191 1265 2252 pro·

126 2278 224 2342 rimis
241 2279 309 2343 suis
324 2277 526 2360 supradictis,
546 2276 671 2341 nullum
696 2277 746 2342 ius
772 2278 937 2342 nullumve
953 2277 1130 2342 dominium
1156 2277 1264 2342 eedem

127 2393 239 2470 partes
265 2386 454 2452 alternatim
485 2385 624 2470 amplius
658 2406 716 2468 pro
744 2407 777 2451 se
802 2388 834 2451 in
860 2386 980 2451 eisdem
1013 2386 1266 2469 possessionibus

127 2493 307 2576 modoque
327 2515 425 2577 supra
449 2494 678 2558 transmutatis
704 2499 915 2560 reservantes.
941 2493 982 2558 In
1008 2494 1098 2558 cuius
1115 2494 1161 2558 rei
1177 2496 1266 2560 testi-

127 2602 276 2666 moninm
292 2652 298 2666 .
316 2653 322 2666 .
339 2607 504 2686 presentes
520 2599 715 2666 contulimus
732 2599 831 2684 sigilli
851 2602 954 2667 nostri
970 2601 1126 2666 autentici
1142 2607 1176 2665 et
1191 2621 1266 2686 666-

127 2710 237 2776 dentis
263 2709 441 2775 munimine
466 2709 636 2775 roboratas
662 2729 700 2773 66
725 2707 899 2793 alphabeto
925 2708 1113 2790 intercisas3
1136 2730 1266 2793 presen-

126 2819 216 2883 tibus
233 2824 345 2884 tamen
360 2817 498 2885 Nicolao
514 2820 687 2902 preposito,
704 2817 730 2882 J
730 2818 857 2882 ohanne
882 2818 1009 2896 lectore,
1034 2818 1059 2883 J
1061 2818 1160 2884 acobo
1176 2815 1264 2902 (can-

131 2924 229 3010 tore),
255 2925 283 2991 J
283 2926 409 2992 ohanne
440 2926 572 2992 custode
598 2926 752 3008 dominis,
785 2926 863 2992 item
887 2926 912 2991 J
914 2927 1040 2991 ohanne
1065 2925 1105 2992 de
1130 2927 1265 3002 Borsod,

130 3033 243 3099 David
260 3035 301 3098 de
317 3033 482 3112 Zabouob‚
508 3033 607 3099 Petro
633 3034 672 3098 de
695 3033 816 3112 HeueS,
841 3033 1012 3099 Dominico
1039 3035 1078 3099 (16
1103 3034 1264 3114 Borsuua,

127 3143 268 3207 Andrea
283 3141 324 3207 de
340 3142 522 3218 Panlratha‚
539 3142 563 3206 J
565 3141 691 3208 ohanne
702 3142 741 3208 de
751 3141 915 3227 Zemlyen,
932 3138 1075 3225 Georgio
1086 3141 1125 3206 (16
1137 3143 1266 3208 Tarcho

128 3249 151 3334 (.
169 3302 176 3316 .
194 3301 200 3315 .
219 3249 243 3336 .)
260 3251 347 3315 dicto
363 3249 478 3316 Katho
495 3250 534 3315 (16
559 3251 669 3316 Patha
694 3249 928 3315 archidiaconis
945 3301 951 3314 .
969 3302 975 3315 .
992 3249 1117 3314 Datum
1134 3250 1167 3314 in
1183 3251 1265 3316 festo

129 3359 363 3442 Ooncepcionis
389 3357 482 3423 beate
507 3358 649 3441 virginis,
686 3379 770 3422 anno
796 3357 918 3422 domini
943 3356 1118 3423 Millesimo
1144 3355 1265 3425 OCO¹²¹⁰

132 3467 238 3532 ΧΙι1110
254 3473 385 3546 octav03
409 3472 567 3549 regnante
582 3465 744 3531 Lodcrico
761 3515 767 3528 .
786 3516 791 3528 .
810 3486 884 3547 rege
902 3517 907 3529 .
925 3515 932 3530 .
950 3463 1143 3530 Obanadino
1159 3465 1264 3530 archi·

132 3575 284 3659 episcopo
314 3573 536 3658 Strigoniensi,
561 3573 753 3640 Golocbensi
772 3573 846 3638 sede
871 3581 1015 3652 vacante,
1031 3581 1065 3638 et
1081 3626 1087 3639 .
1104 3624 1111 3638 .
1129 3574 1265 3639 Nicolao

130 3735 136 3748 .
153 3737 160 3750 .
177 3684 330 3767 episcopo
346 3681 501 3765 Agriensi
518 3683 740 3748 existentibus.

240 3865 264 3913 A
275 3864 360 3928 ffiggb
371 3863 462 3926 pecset
474 3863 614 3928 elvcszett,
627 3879 644 3912 a
657 3863 882 3926 chyrographum
895 3861 953 3912 albl
964 3877 1018 3912 ven
1029 3861 1119 3925 rajta3
1133 3860 1265 3925 oredetije

129 3969 162 4002 az
174 3967 245 4002 orsa.
256 3954 288 4002 lt.
301 3953 398 4001 kincst.
411 3959 478 4002 oszt.
493 3953 525 4002 N.
539 3954 573 4002 R.
586 3953 618 4002 A.
635 3959 693 4001 134.
709 3959 732 4002 9.
746 3951 813 4014 dipl.
828 3957 895 4002 oszt.
910 3956 987 4000 4023.
1001 3951 1093 4000 Kozli:
1109 3953 1216 4000 Kovbcs
1231 3951 1264 4000 N.
