3138 5462
336 461 398 522 122
689 477 873 524 insonnem
891 465 1106 525 orntnrrln.

331 638 417 720 regis
434 638 590 723 Stephani
608 661 691 706 nunc
708 641 852 722 proxime
869 641 1042 724 preteritis,
1052 640 1257 724 presentibus
1267 641 1379 708 Blasio
1396 641 1464 706 filio

332 745 494 812 ‹lohannis
511 747 550 812 de
566 747 661 813 Koch
686 769 745 832 pro
761 755 854 832 parte
870 748 948 814 dicti
973 749 1094 814 domiui
1121 751 1273 834 episcopi,
1298 751 1375 814 item
1393 749 1464 816 Ste

333 855 440 938 phano
456 855 521 922 filio
538 857 629 922 Petri
645 856 684 922 de
699 857 845 943 Woytha
869 879 927 942 pro
943 865 1036 941 parte
1064 858 1207 924 eiusdem
1225 857 1386 942 Stephani
1403 857 1464 923 filii

333 963 429 1028 Pauli
446 966 519 1031 aliis
535 967 721 1032 absentibus
731 967 914 1033 hominibus
931 968 1029 1050 regiis
1040 973 1072 1032 et
1081 969 1274 1034 testimoniis
1290 973 1465 1033 conventus

334 1071 374 1170 de
390 1071 415 1137 J
416 1093 509 1152 anon,
526 1097 589 1156 que
604 1097 662 1160 per
678 1077 784 1159 ipsum
801 1081 992 1140 conventum
1018 1075 1060 1140 ad
1084 1075 1117 1139 id
1143 1075 1357 1142 amicabiliter
1383 1075 1465 1140 serie

334 1181 504 1248 literarum
520 1191 704 1250 nostrarum
714 1186 892 1251 transmitti
909 1185 1157 1267 postularemus,
1167 1184 1201 1249 in
1211 1185 1293 1250 facie
1303 1183 1463 1250 dictarum

332 1291 567 1373 particularum
587 1299 673 1358 terre
698 1293 847 1377 litigiose,
863 1294 897 1356 in
913 1293 1067 1358 tredecim
1092 1294 1210 1357 merois
1227 1345 1233 1358 .
1250 1342 1257 1356 .
1274 1299 1311 1357 ut
1326 1291 1465 1375 prefere-

333 1397 430 1464 batur
455 1402 612 1480 estimate,
628 1403 661 1466 in
678 1425 741 1468 uuo
766 1402 836 1468 looo
861 1401 1075 1485 comparando
1092 1452 1098 1466 .
1116 1453 1123 1466 .
1140 1407 1378 1466 sacramentum
1395 1422 1465 1484 pre·

334 1485 619 1589 stare'teneretur,
651 1511 707 1593 qui
733 1511 760 1576 si
786 1515 955 1594 prestaret,
987 1517 1065 1575 tuno
1090 1510 1187 1574 iidem
1213 1509 1357 1573 homines
1383 1509 1464 1590 regii

332 1616 534 1700 presentibus
551 1619 743 1684 testimoniis
759 1617 836 1684 dicti
853 1623 1027 1683 conventus
1043 1617 1082 1682 de
1108 1616 1133 1682 J
1134 1638 1228 1694 azow,
1253 1616 1340 1698 ipsas
1364 1615 1465 1699 parti·

333 1725 423 1792 oulas
439 1735 525 1792 terre
549 1728 708 1812 litigiosas
734 1730 767 1794 in
784 1729 937 1794 tredecim
962 1729 1080 1793 marcis
1106 1728 1281 1805 estimatae,
1305 1725 1369 1810 ipsi
1395 1725 1465 1792 Ste-

202 1861 205 1871 ’
333 1833 441 1916 phano
457 1835 522 1901 filio
539 1837 636 1901 Pauli
652 1835 694 1902 ad
711 1837 853 1902 eiusdem
879 1837 1111 1919 possessionem
1136 1834 1244 1901 Olnad
1260 1841 1465 1918 prenotatam

334 1942 536 2025 applicando,
561 1945 706 2025 alioquin
722 1945 869 2027 predicto
885 1944 1013 2009 domino
1030 1945 1178 2028 episcopo
1188 1939 1343 2026 Agriensi
1359 1949 1393 2007 et
1409 1965 1464 2008 sue

334 2049 466 2115 ecclesie
482 2051 642 2116 antediote
658 2052 700 2116 ad
716 2052 948 2134 possessionem
971 2072 1082 2116 eorum
1091 2051 1262 2134 Hydwegh
1284 2049 1465 2135 applicatas

335 2162 522 2236 statuerent,
546 2179 583 2224 eo
599 2159 669 2224 iure
693 2180 757 2240 quo
773 2160 946 2240 uuicuique
972 2160 1113 2242 ipsorum
1134 2159 1296 2241 pertinere
1321 2158 1465 2224 dinosce-

334 2272 446 2330 rentur
462 2274 619 2351 perpetuo
635 2267 861 2350 possidendam
878 2275 910 2332 et
926 2268 1067 2352 posthoc
1083 2267 1201 2331 seriem
1215 2267 1362 2350 premissi
1380 2265 1465 2330 iura·

334 2374 434 2438 menti
461 2380 495 2438 et
519 2377 769 2458 possessionarie
794 2377 984 2441 statucionis
1010 2381 1187 2458 prenotate,
1213 2367 1292 2439 oum'
1311 2424 1317 2439 .
1334 2423 1341 2436 .
1361 2374 1466 2438 tocius

336 2483 413 2546 lacti
430 2503 580 2564 processu
597 2489 706 2566 partes
723 2483 814 2548 nobis
831 2485 863 2548 in
881 2484 984 2549 literis
1009 2483 1086 2548 dieti
1107 2485 1280 2546 conventus
1297 2481 1337 2546 de
1353 2481 1466 2546 dazow

300 2615 304 2624 ’
334 2590 374 2655 ad
392 2597 539 2655 octavum
556 2590 641 2655 diem
667 2598 853 2657 octavarum
870 2592 973 2656 saneti
990 2591 1076 2672 regis
1093 2588 1252 2671 Stephani
1277 2595 1467 2653 tenerentur

334 2706 508 2781 reportare.
533 2699 674 2764 Demum
699 2701 768 2782 ipso
792 2701 931 2764 termino
957 2699 1188 2782 reportaoionis
1214 2697 1308 2762 seriei
1334 2698 1467 2779 premis·

334 2829 441 2872 sorum
468 2814 663 2886 oecurrente,
689 2807 852 2890 predictus
869 2807 1053 2890 Stephanus
1078 2805 1163 2870 filius
1188 2806 1284 2871 Pauli
1301 2803 1341 2870 de
1358 2804 1467 2870 Olnad

333 2915 547 2999 personaliter
563 2917 604 2981 ad
621 2924 765 2983 nostram
782 2918 937 2982 accedens
953 2915 1163 3000 presenciam,
1187 2916 1302 2980 literas
1327 2915 1467 2998 preteeti

334 3032 506 3100 conuentus
523 3025 563 3089 de
578 3026 690 3092 Jazow
706 3026 797 3091 nobis
813 3027 1043 3092 demonstravit
1059 3026 1269 3106 continentes,
1291 3021 1378 3104 quod
1395 3044 1468 3087 cum

334 3136 401 3218 ipse
418 3140 591 3200 conventus
607 3135 646 3200 de
663 3135 773 3200 Jazow
790 3135 833 3200 ad
848 3135 1010 3219 predictas
1036 3141 1165 3199 octavas
1190 3132 1277 3198 beati
1293 3131 1380 3214 regis
1398 3130 1469 3196 Ste-

334 3241 433 3323 phani
451 3241 492 3306 ad
509 3244 616 3306 omnia
632 3245 790 3325 premissa
806 3245 839 3309 in
856 3244 977 3308 eisdem
992 3243 1095 3308 literis
1120 3243 1241 3308 nostris
1267 3241 1395 3324 plenius
1413 3239 1467 3304 de·

334 3349 461 3414 clarata
477 3353 581 3414 virum
602 3350 752 3416 idoneum
767 3351 932 3417 Mathiam
950 3351 1125 3434 plebanum
1141 3348 1275 3414 ecclesie
1292 3347 1380 3412 beati
1405 3347 1471 3412 Mi-

334 3455 455 3521 chaelis
465 3457 653 3542 archangeli
664 3460 869 3542 capellanum
880 3481 990 3524 eorum
1001 3480 1060 3542 pro
1071 3459 1254 3524 testimonio
1269 3456 1471 3521 transmisis-

332 3570 411 3642 sent,
435 3565 565 3629 tandem
590 3588 662 3631 eum
688 3565 853 3652 Stephano
878 3567 944 3632 filio
969 3567 1061 3632 Petri
1094 3567 1132 3630 de
1167 3563 1313 3649 Woytha
1339 3565 1471 3629 homine

334 3673 422 3754 regio
433 3672 474 3739 ad
485 3693 538 3738 eos
555 3673 736 3752 redeuntes,
752 3673 837 3738 idam
847 3674 942 3739 homo
952 3676 1078 3757 regius.
1096 3669 1277 3738 ,retulisset
1291 3672 1353 3736 isto
1364 3669 1472 3748 modo,

335 3781 421 3860 quod
437 3781 470 3844 in
487 3780 640 3864 predictis
651 3783 885 3847 octavissanoti
896 3783 981 3866 regis
993 3781 1160 3864 Stephani,
1177 3779 1262 3843 idem
1279 3775 1471 3860 Stephanus

334 3886 420 3952 filius
437 3889 533 3954 Pauli
550 3891 589 3954 de
606 3888 721 3972 Olnad,
739 3913 811 3957 oum
829 3891 982 3956 tredecim
996 3890 1161 3982 nobilibus
1180 3889 1240 3954 sibi
1257 3887 1418 3952 similibus
1438 3909 1474 3951 so

335 3996 466 4074 incluso,
482 3997 632 4064 videlieet
647 4021 720 4064 cum
736 3999 913 4064 Benedioto
929 3998 996 4063 filio
1011 3997 1157 4063 Ladislai
1175 3996 1214 4061 de
1230 3995 1348 4079 Bezed,
1363 3997 1474 4061 Peteu

334 4103 401 4168 filio
417 4104 524 4188 Heym
542 4105 581 4170 de
597 4107 718 4191 Fynlre,
744 4106 909 4189 Stephano
927 4105 993 4171 filio
1009 4107 1136 4190 Bolyan
1154 4104 1193 4170 de
1209 4102 1311 4181 Ohub,
1338 4101 1474 4169 Simone

335 4211 401 4276 filio
417 4211 535 4277 Jacobi
552 4213 591 4278 de
609 4213 720 4292 Subta,
739 4214 836 4280 Petro
853 4213 920 4278 lilio
935 4213 1100 4278 Dominici
1117 4211 1156 4276 de
1172 4212 1274 4290 Baba,
1300 4210 1476 4294 Stephano

335 4317 401 4383 filio
417 4319 442 4384 J
444 4319 534 4386 acobi
551 4320 590 4386 de
607 4321 709 4399 Baba,
726 4321 824 4387 Petro
840 4320 908 4386 filio
922 4319 1086 4386 Dominici
1103 4320 1142 4385 de
1159 4319 1312 4404 Woytha,
1329 4317 1476 4386 Nicolao

335 4427 401 4492 filio
426 4425 609 4493 Alexandri
635 4429 674 4493 de
700 4428 788 4508 Beel,
813 4427 977 4494 Michaele
1002 4427 1068 4492 filio
1093 4427 1213 4512 Mylrus
1238 4428 1277 4492 de
1293 4426 1478 4508 Zalantha,

336 4535 491 4602 Ladizlao
501 4536 567 4602 filio
579 4537 713 4620 Georgii
724 4538 763 4602 de
780 4537 901 4616 eadem,
912 4537 1059 4603 Fabiano
1071 4537 1138 4602 filio
1150 4535 1279 4602 Nicolai
1296 4536 1337 4601 de
1353 4537 1478 4603 eadem

337 4649 370 4708 et
386 4643 490 4709 Paulo
506 4641 572 4708 filio
588 4645 678 4710 Petri
696 4644 735 4709 de
750 4643 852 4723 Baba,
869 4645 902 4709 in
918 4643 999 4710 faeie
1016 4645 1226 4728 possessionis
1242 4642 1352 4709 Olnad
1369 4666 1478 4729 super
