3188 5476
328 573 392 632 592
679 586 864 630 ascensori
882 572 1096 628 canistris.

328 748 464 812 Nicolao
490 745 600 810 Zarlra
616 747 704 810 nullo
730 745 966 810 contradictore
992 751 1199 828 comparente
1220 749 1374 827 perpetuo
1392 765 1466 827 pos-

328 855 505 933 sidendam,
522 854 580 918 sub
597 855 691 918 metis
705 853 936 936 infrascriptis:
954 854 1143 935 incipientes
1154 853 1303 947 videlicet
1318 855 1351 917 in
1368 858 1465 934 parte

328 963 529 1028 meridionali
554 987 573 1028 a
597 963 701 1028 tribus
727 966 829 1041 metis,
855 985 993 1045 quarum
1018 985 1083 1028 una
1109 963 1239 1027 ecclesie
1267 963 1370 1027 sancti
1398 962 1464 1026 Mi-

328 1069 440 1146 kaelis,
465 1070 530 1136 alia
554 1067 768 1154 Gyarmanus
794 1070 894 1134 tercia
918 1071 1080 1153 Pnrpach,
1106 1069 1180 1133 inde
1204 1070 1349 1133 ascendit
1373 1071 1464 1133 circa

330 1179 589 1262 Rapchapataka
614 1185 647 1240 et
671 1178 776 1242 tendit
800 1179 841 1242 ad
867 1185 988 1242 terram
1014 1177 1162 1242 Raduzlo
1187 1177 1333 1240 adduas
1358 1183 1465 1240 metas

329 1288 414 1350 circe
430 1307 548 1368 aquam
565 1287 748 1362 existentes
775 1305 837 1367 qne
863 1307 949 1367 aqua
974 1293 1024 1349 est
1048 1293 1134 1350 meta
1162 1285 1465 1366 utriusquepartis,

329 1395 446 1459 abinde
469 1416 580 1459 versus
604 1415 753 1458 occasum
769 1393 874 1456 tendit
898 1393 939 1458 ad
965 1394 1224 1478 Rapchapatalra
1241 1394 1382 1458 adduas
1399 1415 1465 1456 me-

330 1509 381 1567 tas
398 1524 536 1586 querum
553 1523 618 1566 nna
635 1509 683 1566 est
698 1500 838 1565 filiorum
863 1501 1010 1566 Raduzlo
1027 1504 1093 1568 alia
1112 1503 1274 1586 Purpach,
1299 1501 1374 1564 inde
1392 1521 1467 1582 pro-

330 1611 414 1676 cedit
430 1632 487 1694 per
503 1609 748 1692 Nadaspatslra,
765 1631 827 1692 que
844 1616 893 1674 est
909 1617 997 1674 meta
1013 1610 1152 1676 filiorum
1167 1607 1315 1676 Raduzlo
1332 1615 1364 1672 et
1379 1609 1466 1672 Pur-

264 1794 271 1806 ·
329 1720 420 1802 pach,
437 1719 582 1783 ascendit
592 1740 651 1801 per
661 1717 797 1781 eundem
808 1738 918 1782 versus
929 1739 1077 1782 occasum
1094 1718 1135 1783 ad
1152 1719 1305 1802 Purpach
1322 1718 1465 1781 liliorum

329 1827 473 1910 Mathcy‚
490 1833 522 1889 et
538 1847 597 1908 per
620 1826 725 1908 ipsum
751 1824 885 1890 fluvium
911 1827 1113 1908 pervenitad
1131 1827 1240 1890 villam
1257 1827 1415 1909 Purpach
1431 1831 1466 1887 et

330 1936 396 1998 exit
411 1935 517 2017 ipsum
533 1933 665 1998 fluvium
682 1935 768 1998 circa
793 1933 873 1998 (luas
898 1941 1000 1998 metas
1027 1955 1136 1998 versus
1161 1935 1337 2011 meridiem,
1355 1941 1386 1997 et
1404 1935 1466 1997 cir·

329 2045 395 2106 cuit
412 2042 574 2124 qrrandam
600 2042 712 2106 silvam
740 2049 826 2106 retro
852 2043 953 2124 ipsam
980 2042 1098 2120 villam,
1125 2064 1186 2125 que
1213 2043 1294 2107 silva
1321 2042 1467 2125 pertinet

329 2151 371 2214 ad
387 2151 539 2232 Purpach
566 2171 721 2214 consensu
737 2156 769 2214 et
784 2150 950 2214 voluntate
976 2149 1115 2213 liliorum
1140 2150 1318 2230 Radizlou3
1344 2149 1464 2214 abinde

329 2279 440 2322 versus
456 2257 639 2340 aquilonem
664 2257 873 2340 procedendo,
900 2259 1046 2340 pervenit
1061 2258 1103 2322 ad
1118 2258 1198 2322 dues
1215 2265 1320 2322 metas
1337 2259 1397 2322 sub
1413 2279 1466 2321 ar-

329 2365 405 2429 bore
422 2364 485 2447 piri
503 2367 681 2444 existentes,
699 2373 731 2430 et
747 2367 790 2430 ibi
817 2367 919 2431 intrat
937 2367 1055 2430 iterum
1080 2365 1211 2431 fluvium
1237 2365 1270 2432 N
1272 2365 1465 2449 adaspatalr‚

330 2479 363 2536 et
379 2495 436 2554 per
453 2475 588 2538 eundem
614 2474 745 2538 fluvium
769 2474 915 2540 ascendit
931 2476 972 2539 ad
989 2495 1140 2556 magnam
1163 2476 1248 2538 viam
1272 2474 1374 2556 regni.
1400 2493 1464 2554 que

329 2579 476 2646 Vtteuim
507 2589 648 2657 vocatur,
680 2582 721 2645 ad
745 2589 811 2646 tres
843 2589 954 2660 metas,
985 2603 1121 2663 quarum
1151 2603 1216 2646 une
1241 2588 1292 2646 est
1317 2581 1460 2646 filiorum

330 2689 478 2753 Raduzlo
503 2690 570 2754 alia
595 2691 758 2773 Purpach,
791 2693 893 2755 tercie
918 2691 1110 2773 populorum
1136 2689 1235 2753 castri
1260 2688 1300 2751 de
1326 2687 1464 2764 Walth;

329 2796 443 2862 deinde
459 2819 518 2881 per
533 2799 666 2862 eandem
692 2800 777 2862 viam
803 2799 1003 2881 procedendo
1029 2800 1174 2880 pervenit
1200 2799 1287 2861 circa
1306 2797 1463 2860 Fuenies-

329 2905 437 2987 patah,
463 2905 607 2986 pervenit
633 2905 674 2969 ad
699 2912 765 2969 tres
790 2913 901 2982 metas,
927 2927 1064 2987 quarum
1089 2910 1138 2968 est
1163 2901 1252 2988 (inp)
1270 2904 1309 2968 dc
1336 2902 1464 2978 walth,

329 3012 395 3075 alia
411 3013 544 3076 ecclesie
561 3013 600 3076 de
618 3013 718 3096 Tyalr‚
735 3014 836 3078 tercia
852 3013 986 3096 Pupaoh
1007 3009 1096 3098 (top)
1113 3010 1126 3094 (
1135 3061 1344 3076 ..........
1353 3009 1367 3093 )
1388 3033 1462 3075 cnm

329 3126 418 3184 terra
434 3119 564 3183 ecclesie
590 3121 735 3202 predicte
758 3123 844 3184 circa
861 3122 965 3202 ipsum
992 3119 1130 3183 rivulum
1157 3117 1361 3202 pervenitad
1378 3116 1463 3182 duas

329 3223 464 3307 metas(
473 3275 795 3292 ...............
804 3225 817 3306 )
842 3249 939 3290 unam
965 3227 1095 3292 ecclesie
1120 3227 1207 3290 beati
1224 3225 1344 3308 Egidii,
1361 3226 1463 3289 aliam

329 3335 500 3417 Purpach3
523 3335 599 3398 inde
616 3357 673 3417 per
690 3336 853 3415 quendam
881 3336 964 3398 viam
992 3355 1057 3415 qua
1073 3335 1138 3398 itur
1162 3335 1201 3398 de
1228 3333 1289 3400 Sar
1313 3337 1464 3416 pervenit

329 3444 371 3507 ad
388 3443 544 3523 quasdam
561 3443 693 3507 rubetas
711 3443 912 3527 Sydharasta
939 3444 1042 3508 dictas
1059 3465 1167 3508 versus
1184 3445 1360 3523 orientem3
1385 3444 1463 3508 inde

330 3551 434 3615 tendit
458 3553 499 3616 ad
524 3552 647 3616 foveam
671 3572 845 3630 cervorum,
870 3551 924 3616 ubi
940 3551 1055 3616 fluvius
1079 3552 1201 3635 piscine
1226 3551 1354 3616 abbatis
1379 3550 1464 3620 fluit.

330 3661 370 3726 ad
387 3662 468 3726 duas
484 3668 595 3739 metae,
621 3683 686 3725 nna
712 3661 843 3725 ecclesie
869 3661 955 3726 beati
982 3660 1093 3743 Egidii
1109 3659 1175 3724 alia
1191 3660 1352 3742 Purpach,
1378 3661 1464 3723 etin

329 3769 440 3833 eadem
465 3775 558 3851 parte
584 3770 670 3833 circa
695 3769 831 3833 eundem
856 3769 995 3833 rivulum
1020 3769 1219 3852 procedendo
1245 3769 1393 3850 pervenit
1419 3767 1463 3831 ad

329 3877 409 3940 duas
426 3871 523 3962 (top),
538 3897 636 3942 unam
661 3877 792 3941 ecclesie
818 3878 960 3959 predicte
977 3877 1041 3942 alia
1057 3877 1219 3959 Purpach,
1246 3899 1305 3960 per
1321 3877 1460 3940 eundem

329 3983 461 4048 fluvium
477 3983 696 4049 descendendo
713 3985 916 4065 pervenitad
933 3986 1096 4065 quandam
1110 3984 1232 4062 silvam,
1249 4005 1312 4066 que
1330 4006 1350 4048 a
1366 3995 1463 4068 parte

211 4084 218 4096 ’
330 4093 490 4174 aquilonis
516 4099 566 4156 cst
590 4094 722 4157 ecclesie
748 4093 836 4156 beati
861 4093 1008 4174 Egidiia
1031 4093 1163 4158 meridie
1189 4093 1361 4174 Purpach;
1385 4092 1463 4156 hinc

330 4221 388 4283 per
414 4199 550 4262 eundem
583 4199 721 4264 rivulum
753 4201 973 4264 descendendo
1003 4201 1150 4283 pervenit
1178 4201 1221 4264 ad
1251 4207 1318 4264 tres
1348 4207 1463 4268 metes.

329 4328 467 4389 quarum
494 4328 559 4370 una
584 4313 632 4370 est
657 4307 791 4371 ecclesie
816 4307 949 4389 prefate,
981 4308 1046 4371 alia
1071 4306 1211 4371 filiorum
1243 4305 1463 4390 Gyarmanus,

329 4417 430 4480 tercia
454 4415 623 4497 Purpach3
648 4416 722 4481 inde
739 4437 849 4479 versus
866 4416 1030 4480 meridiem
1057 4415 1222 4480 descendit
1238 4415 1280 4478 ad
1297 4415 1462 4497 Poplrere-

330 4527 384 4604 qni
403 4521 491 4608 (ipo)
508 4525 549 4588 ad
567 4546 716 4606 magnam
733 4525 881 4590 arborem
898 4525 1035 4588 tremule
1052 4521 1139 4610 (tpy)
1156 4545 1218 4606 que
1234 4529 1284 4588 est
1310 4526 1323 4605 (
1333 4573 1455 4587 ......

337 4681 387 4696 ...
404 4653 410 4694 ·.
427 4683 432 4694 .
448 4682 454 4694 .
472 4630 498 4714 .)
519 4631 664 4712 abbatis3
681 4633 754 4696 inde
771 4634 857 4696 circa
873 4632 1076 4715 Popkerequi
1093 4631 1295 4715 procedendo
1312 4631 1462 4712 pervenit
