3138 5462
369 488 434 546 130
724 499 910 545 nurouuorn
929 483 1145 542 ounlurrln.

369 661 455 744 quod
472 662 499 726 si
515 660 612 724 iidem
638 661 787 743 magistri
808 660 936 724 Berend
952 665 985 724 et
1001 655 1179 740 Gregorius
1195 635 1229 720 iir
1245 655 1388 736 equaciis
1414 675 1496 720 men-

369 772 460 854 oipiis
477 777 509 834 et
525 769 621 833 rebus
637 791 657 834 a
672 776 765 852 patre
782 789 893 832 eorum
909 767 1079 846 derelictis,
1104 772 1143 830 ut
1160 765 1305 830 dicerent
1321 763 1409 847 apud
1425 785 1498 828 eun·

370 879 441 942 dem
458 878 650 960 magistrum
666 874 848 940 Martinum
868 874 997 957 habitis,
1021 873 1165 957 exceptis
1190 871 1287 937 rebus
1312 893 1371 954 per
1395 872 1496 953 ipsum

369 989 560 1070 magistrum
577 987 759 1051 Martinum
776 985 914 1067 propriis
933 983 1000 1050 suis
1035 983 1178 1048 serviciis
1203 981 1252 1046 vel
1269 982 1417 1064 expensis
1434 1001 1498 1062 pro·

370 1097 441 1178 prio
466 1095 595 1177 ingenio
609 1094 785 1174 acquisitis,
801 1093 985 1176 porcionem
1010 1091 1178 1155 iudiciario
1203 1089 1315 1153 ordine
1339 1089 1497 1169 requirere

295 1270 301 1282 ,
370 1201 497 1279 vellent,
515 1201 592 1264 dum
607 1199 728 1264 vellent
744 1205 776 1264 et
791 1199 947 1281 valerent,
972 1199 1109 1263 liberam
1135 1197 1278 1262 habeant
1302 1195 1497 1260 facultatem.

299 1345 303 1352 ·
371 1309 520 1389 Cumque
537 1329 594 1372 uos
611 1308 706 1373 factis
723 1309 868 1391 ipsarum
880 1307 1063 1378 ‚literarum
1088 1306 1223 1390 capituli
1239 1305 1401 1371 Budensis
1419 1305 1498 1368 exhi-

371 1417 562 1499 bioionibuS,
573 1417 615 1481 ad
625 1417 856 1498 promissarum
867 1417 1105 1499 quinquaginta
1113 1436 1297 1480 marcarum
1309 1413 1498 1478 solucionem

370 1548 427 1609 per
444 1525 623 1609 predictum
639 1526 832 1608 magistrum
844 1525 974 1590 Berend
991 1524 1143 1590 iamdicto
1160 1525 1317 1606 magistro
1333 1522 1430 1585 fratri
1447 1541 1498 1583 suo

372 1631 537 1716 premissis
555 1633 594 1695 de
608 1633 714 1696 causis
730 1631 920 1709 faciendam,
930 1632 1105 1696 terminum
1121 1631 1303 1712 legitimum
1320 1629 1411 1694 iuxta
1428 1629 1499 1692 alia-

371 1762 444 1804 rum
469 1739 640 1804 literarum
666 1745 849 1803 nostrarum
877 1737 991 1802 exinde
1024 1737 1245 1802 confectarum
1270 1737 1500 1800 continenciam

373 1851 595 1932 assignantem
635 1853 798 1931 pretaotos
829 1854 1056 1931 procuratores
1087 1847 1246 1912 dictorum
1273 1846 1500 1928 magistrorum

377 1937 516 2022 Martini
532 1963 565 2021 et
580 1955 711 2022 Berend
726 1955 866 2020 filiorum
881 1955 1021 2032 Berend,
1036 1976 1075 2020 ac
1090 1952 1287 2037 Gregorinm
1303 1953 1406 2018 filium
1424 1954 1501 2016 eius·

375 2065 448 2129 dem
460 2065 598 2142 Berend,
615 2063 654 2128 de
671 2085 717 2140 eo,
731 2069 841 2128 utrum
858 2064 954 2128 iidem
971 2063 1119 2145 magistri
1145 2063 1310 2128 Martinus
1327 2068 1361 2126 et
1377 2059 1501 2126 Berend

374 2195 412 2238 ac
429 2174 496 2255 ipse
508 2169 687 2256 Gregorius
703 2172 789 2237 filius
806 2173 949 2236 eiusdem
966 2170 1097 2236 Berend
1110 2172 1300 2254 premissam
1317 2170 1502 2234 divisionem

375 2281 669 2364 possessionariam,
686 2281 776 2344 iuxta
792 2280 978 2344 earumdem
1005 2280 1174 2344 literarum
1191 2278 1327 2363 capituli
1343 2277 1502 2343 Budensis

376 2389 501 2470 seriem,
527 2387 587 2452 sub
614 2387 919 2468 condicionibusque
946 2389 978 2450 in
1005 2387 1126 2452 eisdem
1157 2387 1315 2468 expressis
1340 2387 1427 2450 inter
1455 2406 1503 2448 eos

375 2497 494 2562 factam
510 2502 617 2561 ratam
634 2498 717 2562 inter
728 2497 937 2574 sehabentes‚
953 2497 986 2560 in
1004 2503 1197 2579 perpetuum
1213 2502 1246 2560 et
1260 2493 1504 2559 immutabiliter

374 2606 459 2669 inter
484 2607 570 2688 ipsos
589 2604 758 2669 observare
784 2605 884 2668 velint
907 2605 958 2668 vel
984 2625 1032 2682 ne,
1057 2603 1178 2670 vicibus
1204 2604 1308 2683 trinis,
1334 2610 1371 2668 ut
1385 2611 1503 2667 nostro

373 2712 541 2776 iudiciario
550 2713 634 2776 inest
644 2711 755 2789 officio,
766 2711 938 2793 requisitos
949 2710 1182 2790 habuissemus,
1198 2731 1272 2774 mox
1280 2710 1377 2776 iidem
1394 2733 1505 2794 procu·

376 2825 500 2884 ratores
517 2821 676 2884 dictorum
694 2819 924 2901 magistrorum
948 2817 1085 2883 Martini
1102 2823 1135 2882 et
1150 2817 1280 2883 Berend
1296 2817 1430 2882 eosdem
1447 2839 1506 2882 ma·

378 2927 495 3010 gistros
519 2927 701 2992 Martinum
718 2932 751 2991 et
775 2926 915 3002 Berend,
940 2931 972 2990 et
996 2926 1080 2992 idem
1105 2927 1260 3010 magister
1280 2925 1465 3010 Gregorius
1478 2947 1507 2989 se

375 3036 482 3118 ipsum
507 3035 696 3117 premissam
724 3033 911 3098 divisionem
942 3034 1232 3115 possessionarium
1256 3035 1347 3099 iuxta
1372 3033 1505 3099 totalem

375 3147 596 3224 pretaotarum
621 3141 795 3231 literarum¹
814 3140 950 3224 capituli
976 3141 1138 3206 Budensis
1165 3141 1280 3206 seriem
1297 3147 1330 3206 et
1345 3144 1509 3206 continen-

375 3251 467 3328 ciam,
478 3257 510 3314 et
520 3249 580 3314 sub
596 3248 835 3314 condicionibus
846 3251 1004 3332 expressis
1020 3250 1054 3314 in
1065 3251 1193 3328 eisdem,
1207 3257 1312 3316 ratam
1328 3273 1389 3334 per
1404 3251 1509 3316 omnia

377 3357 533 3422 habentes
559 3364 657 3440 atque
682 3357 816 3438 firmam,
842 3357 1088 3422 immutabiliter
1104 3360 1184 3423 etin
1204 3365 1400 3443 perpetuum
1425 3361 1510 3422 inter

377 3489 410 3530 se
426 3466 595 3532 observare
611 3466 692 3530 velle
718 3465 905 3548 allegarunt
920 3471 952 3530 et
968 3466 1210 3548 spoponderunt
1233 3488 1342 3532 eoram
1368 3467 1464 3532 uobis
1482 3517 1488 3531 .
1504 3517 1510 3532 .

375 3574 500 3638 Datum
516 3573 618 3651 Bude,
635 3574 822 3638 duodecimo
839 3573 890 3637 die
906 3579 1093 3638 octavarum
1118 3575 1191 3639 festi
1207 3575 1401 3640 Natiuitatis
1418 3576 1511 3640 beate

374 3682 507 3762 virginis
524 3684 751 3766 predictarum,
778 3704 861 3748 anno
887 3682 1008 3746 domini
1037 3682 1088 3747 M⁰
1114 3682 1511 3768 0000Xm1‘12epti1n0.

484 3862 508 3910 Α
522 3863 606 3927 t'l'rgglt
619 3863 710 3925 perset
722 3863 863 3926 hitnyzik.
882 3862 1021 3924 Eredetije
1035 3878 1067 3912 aa
1090 3878 1158 3913 orez.
1173 3866 1204 3914 lt.
1227 3863 1327 3929 kinost.
1342 3871 1412 3914 oszt.
1429 3867 1466 3916 N.
1480 3868 1512 3914 R.

376 3950 409 3999 A.
424 3955 483 4000 9:38.
497 3957 522 4001 4.
535 3951 601 4012 dipl.
616 3953 646 4000 lt.
662 3956 738 4002 3937.
759 3952 858 4002 Kezli:
877 3951 984 4021 Koraos
997 3953 1031 4000 N.
