3192 5466
406 459 470 526 ‘106
758 455 1177 526 aaroanomorulurrtn.

403 643 519 728 nupcie
537 664 592 708 sue
610 639 768 722 datarum,
785 641 889 708 eidem
905 639 1032 706 domine
1049 641 1184 707 reddere
1210 649 1242 706 et
1267 632 1431 724 resignare
1447 645 1520 703 teuc·

404 759 502 817 retur.
535 751 635 816 Dicta
661 757 771 816 tamen
795 751 943 816 clenodia
966 752 1000 816 in
1026 773 1124 816 curru
1155 749 1230 832 rille
1255 747 1466 834 Gyelehewch
1487 751 1520 813 sd

404 860 532 926 Budam
549 859 667 925 deferri
693 861 798 924 facere
814 866 847 924 et
862 859 1005 943 predicte
1031 859 1158 923 domine
1184 860 1285 923 nostri
1310 860 1343 923 in
1369 859 1520 942 presencia

404 969 538 1035 reddere
572 969 703 1034 deberet
726 967 751 1032 J
753 967 896 1032 ohannes
921 967 1007 1033 fihus
1032 967 1208 1033 Laurencii
1233 973 1417 1034 annotatus.
1449 967 1520 1032 Item

405 1077 568 1162 quoddam
584 1076 674 1142 aliud
690 1077 812 1142 crinale
828 1079 860 1140 in
877 1079 996 1141 octavis
1021 1076 1094 1142 festi
1110 1077 1197 1142 beati
1214 1075 1386 1142 Michaelis
1402 1075 1521 1140 archan·

406 1187 469 1268 geli
495 1207 580 1250 nuuc
605 1186 748 1250 venturis
773 1185 876 1250 eidem
902 1185 1029 1250 domine
1056 1185 1205 1250 similiter
1221 1185 1357 1258 reddere
1373 1189 1521 1248 teneretur

406 1316 515 1359 coram
540 1294 639 1359 nobis.
665 1293 745 1358 Tale
770 1293 896 1358 vinculo
921 1293 1092 1372 mediante,
1117 1293 1203 1376 quod
1228 1295 1257 1360 si
1281 1295 1388 1377 ipsum
1413 1291 1520 1356 crinale

407 1402 559 1468 eidemin
575 1402 669 1468 dictis
686 1403 808 1466 octaris
823 1401 897 1466 festi
913 1402 1000 1467 beati
1010 1401 1182 1467 Michaelis
1199 1400 1386 1484 archangeli
1403 1398 1521 1464 reddere

407 1533 473 1575 non
489 1517 626 1588 curaret,
650 1516 767 1574 extunc
783 1509 1021 1593 quinquaginta
1039 1531 1165 1576 marcas
1190 1509 1260 1593 ipso
1285 1509 1337 1574 die
1362 1507 1462 1572 eidem
1477 1505 1521 1569 do

408 1620 494 1684 mine
520 1619 701 1703 persolvere
727 1619 867 1698 deberet,
890 1626 922 1684 et
948 1621 976 1685 si
992 1619 1104 1685 eodem
1121 1620 1172 1685 die
1197 1620 1285 1704 ipsas
1301 1617 1521 1702 quinquaginta

408 1748 533 1792 marcas
549 1749 612 1792 non
629 1729 833 1812 persolveret
849 1728 883 1793 in
899 1749 984 1811 pena
1009 1727 1100 1812 dupli
1116 1727 1300 1793 earumdem
1326 1727 1465 1791 convinci
1479 1724 1521 1788 de

408 1835 499 1900 beret
524 1841 637 1900 contra
662 1837 824 1902 dominam
848 1844 1073 1921 prenotatam,
1101 1845 1198 1922 prout
1222 1837 1264 1902 ad
1288 1837 1350 1901 hoo
1375 1833 1521 1918 predictus

409 1925 578 2006 Johannes
602 1962 636 2006 se
662 1949 776 2026 sponte
801 1943 958 2028 obligavit
983 1965 1091 2008 coram
1116 1945 1218 2010 nohis.
1242 1945 1367 2010 Datum
1386 1942 1482 2022 Bude,
1495 1942 1522 2004 in

409 2051 520 2134 vigilia
535 2050 611 2114 festi
627 2047 781 2134 Corporis
806 2049 937 2134 Christi,
961 2074 1044 2117 anno
1062 2053 1205 2119 eiusdem
1221 2051 1272 2117 M⁰
1296 2049 1418 2120 CCCmo
1433 2051 1521 2114 ΧΠ10

410 2165 530 2225 octavo.

517 2305 656 2369 Eredetije
680 2306 805 2370 papiron,
830 2307 996 2373 elmosodva‚
1018 2308 1099 2358 hoho
1121 2307 1213 2370 peccet
1234 2307 1403 2371 nyomairal,
1425 2319 1520 2356 azoraz.

410 2397 442 2447 lt.
456 2396 554 2446 kinost.
568 2401 635 2445 oszt.
649 2397 682 2444 N.
702 2397 736 2445 R.
756 2395 788 2445 A.
804 2402 845 2446 21.
862 2403 903 2446 12.
916 2398 983 2460 dipl.
997 2403 1064 2446 oszt.
1080 2403 1157 2448 3992.
1181 2399 1206 2447 A
1216 2397 1307 2460 peccet
1326 2399 1421 2447 alatte
1440 2397 1525 2446 azarak

411 2485 593 2536 olvashatok:
615 2487 765 2536 »consessio
780 2487 854 2537 facta
872 2494 913 2538 est
936 2489 1047 2538 nomine
1070 2494 1164 2539 nostro
1181 2501 1274 2538 coram
1288 2495 1405 2552 utroque
1418 2490 1493 2537 Petro
1503 2499 1523 2534 ar

412 2579 506 2628 Mathe
529 2577 660 2626 uetanis«
677 2577 801 2626 Kozolve
824 2579 907 2628 nehai
930 2581 1034 2630 Vineae
1061 2579 1154 2629 Gabor
1175 2580 1379 2630 masolataibol.
1399 2579 1523 2643 Ugyauou
1573 2621 1574 2634 ,

412 2683 474 2732 meg
493 2682 547 2716 van
572 2667 593 2714 I.
607 2665 690 2730 Lajos
703 2667 794 2730 kirtly
817 2669 1289 2734 bizonyltvtuya1348.oct.6·rhl,
1312 2671 1388 2734 hogy
1401 2671 1523 2728 Kauizscy
1573 2637 1574 2713 l

413 2758 499 2806 Janos
512 2771 529 2804 a
543 2755 670 2819 sejkcror,
684 2772 700 2804 a
714 2757 805 2819 kirtly
816 2757 944 2823 jegyzdje
959 2760 1067 2822 Szepesi
1090 2761 1176 2809 aanor
1191 2761 1269 2824 elota,
1291 2760 1419 2821 napauak
1443 2759 1524 2807 tissza·

413 2847 486 2896 adta.
505 2845 539 2894 N.
554 2846 587 2894 R.
601 2845 634 2894 A.
651 2851 690 2894 10.
707 2851 747 2896 17.
761 2847 827 2909 dipl.
841 2855 909 2898 oszt.
924 2855 1002 2900 4011.

899 3029 960 3036 ,4--
978 3031 1058 3038 .-—..·-

1571 3067 1572 3074 r

955 3215 1006 3276 91.
1570 3275 1571 3341 l

419 3369 512 3434 1348.
521 3370 593 3454 jera.
613 3367 665 3433 22.
692 3367 722 3433 A
747 3369 851 3434 zobori
879 3385 1004 3436 converet
1022 3371 1168 3458 jelentc'ae
1197 3375 1223 3440 I.
1242 3375 1342 3460 Lajcs
1368 3375 1525 3460 kirdlylroa
1569 3435 1570 3450 ,

417 3479 495 3562 kopp
520 3502 540 3540 a
564 3479 924 3561 param-szcnlbenedcki
948 3493 1074 3546 convent
1099 3483 1288 3547 birtokduak
1313 3481 1527 3570 elfoplclc'sritil
1569 3485 1570 3551 l

692 3586 781 3650 Scato
797 3597 877 3651 neas
893 3589 983 3653 barri
992 3590 1122 3676 polpu‘rt
1136 3591 1269 3656 tillcssa.

1568 3669 1569 3690 r

525 3797 531 3811 .
549 3797 555 3810 .
572 3747 732 3812 Lodovico
749 3799 756 3813 .
773 3801 779 3814 .
796 3751 889 3832 regi.
906 3804 913 3816 .
930 3759 1105 3818 conventus
1122 3756 1310 3820 monasterii
1323 3754 1450 3838 Ypoliti
1461 3773 1527 3816 mar·

418 3857 491 3919 tiris
507 3855 546 3918 de
562 3854 677 3920 Zubur
693 3908 699 3920 .
717 3857 863 3924 ,Liberis
881 3867 984 3926 vestre
1002 3863 1195 3926 excellencie
1213 3863 1420 3945 generalibus
1437 3860 1526 3946 prohi-

419 3961 545 4027 bitoriis
562 3985 620 4046 pro
647 3965 776 4030 domino
801 3967 942 4052 Syffrido
968 3969 1087 4036 abbate
1113 3977 1146 4035 et
1173 3978 1332 4036 conventu
1358 3965 1527 4035 monasterii

418 4069 524 4132 sancti
542 4067 713 4136 Benedicti
728 4072 767 4136 de
783 4074 875 4140 iuxta
900 4075 1031 4142 fluvium
1049 4075 1160 4142 Goron
1178 4129 1184 4141 .
1201 4131 1207 4144 .
1225 4079 1374 4162 receptis,
1398 4101 1464 4144 cum
1479 4075 1527 4139 lli·

418 4175 529 4240 chaele
540 4177 579 4240 de
590 4177 700 4261 Hymd
717 4180 846 4246 homine
862 4191 966 4248 vestre
982 4188 1176 4264 serenitatis,
1194 4187 1328 4252 fratrem
1346 4185 1527 4269 Stephanum

420 4284 620 4350 sacerdotem
646 4309 748 4353 unum
773 4312 811 4354 ex
838 4292 938 4378 nobis,
960 4293 1001 4358 ad
1027 4295 1279 4378 prohibicionem
1307 4296 1526 4378 infrascriptam

421 4390 600 4458 faciendam
612 4417 670 4478 pro
682 4399 864 4463 testimonio
882 4407 1026 4466 nostrum
1043 4403 1205 4468 hominem
1216 4403 1367 4468 duximus
1384 4401 1528 4468 transmit·

421 4501 571 4584 tendum3
595 4506 651 4586 qui
668 4503 796 4572 demum
807 4510 847 4573 ad
859 4531 915 4574 nos
926 4512 1044 4576 reversi
1061 4561 1068 4574 .
1085 4561 1091 4575 .
1109 4513 1396 4595 retulerunt,quod
1414 4507 1528 4576 sabbato

422 4609 568 4688 proximo
593 4619 666 4694 post
691 4613 808 4680 festum
834 4617 987 4699 Corporis
1013 4619 1146 4698 Christi,
1170 4621 1307 4702 predicti
1334 4670 1366 4684 ..
1392 4620 1485 4685 abbas
1505 4624 1528 4674 rt
