3192 5466
580 416 674 476 1348.
692 431 761 475 ocu.
780 417 809 475 8.
1195 419 1256 476 237

122 593 319 657 auctoritate
336 599 369 656 et
379 593 480 656 eciam
493 599 589 676 prout
600 591 705 658 officio
715 593 817 657 nostri
828 593 1028 676 palatinatus
1044 593 1259 658 incumbebat.

122 701 325 766 destinasset.
342 699 476 784 Nosque
493 702 578 766 inter
593 707 717 766 ceteros
742 702 924 778 comitatus,
950 703 1153 766 universitati
1172 701 1259 766 nobi-

122 808 202 872 lium
220 815 250 873 et
268 809 405 873 aliorum
423 810 562 873 cuiusvis
578 808 773 872 condicionis
796 815 830 871 et
854 817 958 874 status
983 809 1146 874 hominum
1163 810 1258 874 comi-

122 924 212 982 tatus
237 918 519 1002 Kamarnnyensis
545 919 794 1001 congregacione
821 919 1021 1002 proclamata
1037 925 1069 982 et
1085 917 1259 1008 publicata

120 1025 204 1089 feria
221 1025 361 1090 secunda
377 1027 523 1108 proxima
539 1033 614 1090 ante
631 1032 761 1090 octavas
777 1025 850 1090 festi
866 1027 953 1090 beati
965 1023 1099 1108 Georgii
1116 1026 1258 1090 martiris

122 1133 157 1196 in
175 1153 259 1196 anno
273 1133 393 1196 domini
405 1133 480 1198 Μ1110
497 1131 618 1200 ΟΟΟ1110
635 1133 740 1198 XLrnn
757 1135 893 1216 septimo
904 1135 1060 1218 preterita
1070 1133 1111 1198 ad
1123 1133 1258 1198 eundem

123 1241 312 1306 comitatum
330 1241 519 1318 accedendo,
544 1242 577 1305 in
594 1241 702 1306 codem
732 1265 870 1306 unacum
895 1244 1079 1307 vicecomite
1096 1248 1130 1306 et
1147 1241 1257 1306 iudici-

122 1351 184 1414 bus
202 1351 356 1416 nobilium
371 1374 410 1416 ac
426 1351 593 1416 duodecim
620 1353 736 1416 iuratis
763 1352 977 1416 assessoribus
993 1375 1051 1435 per
1067 1353 1258 1416 universita-

121 1467 189 1524 tem
205 1459 423 1542 predictorum
440 1460 595 1524 nobilium
617 1483 675 1544 pro
702 1462 860 1525 communi
887 1462 1016 1526 iusticia
1042 1459 1260 1525 conservanda

120 1575 153 1632 et
165 1568 365 1651 quibuslibet
374 1569 634 1634 malefactoribus
649 1570 852 1652 publicandis
862 1577 895 1634 et
905 1592 993 1634 more
1004 1571 1258 1653 proscriptorum

120 1677 160 1740 de
177 1675 284 1740 medio
309 1679 465 1741 iustorum
493 1677 589 1741 exilio
606 1678 803 1757 delegandis
819 1677 910 1742 nobis
927 1677 1011 1742 datis
1028 1684 1060 1741 et
1076 1679 1258 1760 assignatis.

121 1787 153 1849 in
170 1787 301 1850 civitate
312 1787 335 1850 ,Ι
339 1789 479 1851 auriensi
497 1787 782 1869 congregacionem
799 1785 983 1868 generalem
998 1785 1257 1864 celebrassemus

120 1894 202 1956 etin
220 1893 332 1958 eadem
349 1895 601 1976 congregacione
616 1900 727 1958 nostra
752 1893 791 1958 de
816 1893 969 1976 predictis
995 1893 1258 1960 malefactoribus

121 2002 338 2066 certissimam
357 2003 497 2067 volentes
522 2001 678 2084 indagare
695 2003 874 2078 veritatem,
900 2001 1026 2066 eosdem
1043 2002 1257 2067 vicecomitem

122 2117 154 2173 et
169 2109 294 2174 iudices
311 2110 466 2174 nobilium
483 2133 520 2173 ac
537 2111 703 2175 duodecim
714 2111 837 2174 iuratos
854 2130 1031 2173 assessores
1048 2109 1087 2173 de
1104 2109 1258 2192 predictis

121 2217 388 2282 malefactoribus
404 2241 462 2282 nos
489 2217 741 2300 postulassemus
773 2217 917 2296 edoceri3
941 2217 1151 2300 iamdictique
1176 2217 1257 2283 vioe-

121 2346 237 2405 comes
253 2325 376 2392 iudices
392 2327 549 2392 nobilium
565 2335 597 2391 et
613 2326 781 2390 duodecim
797 2327 895 2390 iurati
912 2345 1090 2390 assessores
1106 2347 1164 2408 pro
1175 2347 1257 2390 com·

119 2434 210 2498 muni
228 2435 356 2500 iusticia
373 2435 591 2500 conservanda
607 2443 640 2499 et
655 2433 917 2500 malefactoribus
934 2455 996 2499 non
1014 2435 1165 2515 celandis,
1190 2435 1254 2498 imo

121 2543 327 2608 nominandis
344 2551 377 2608 et
394 2544 612 2620 extradandis
629 2551 715 2608 tacto
732 2543 852 2608 vivifice
878 2545 980 2608 crucis
1005 2544 1092 2627 liguo
1108 2564 1257 2627 corpora·

120 2651 198 2716 liter
209 2653 347 2736 prestito
357 2655 549 2729 iuramento,
564 2652 673 2736 plures
691 2653 776 2717 fures
788 2660 821 2717 et
831 2653 975 2718 latrones
986 2673 1023 2718 ae
1034 2653 1255 2718 malefactores

121 2761 315 2826 nominatim
325 2763 591 2845 prescripsissent
601 2769 633 2825 et
642 2783 726 2844 pena
736 2761 845 2826 debita
855 2761 1131 2844 mortissupplicio
1142 2762 1255 2826 ferien-

120 2867 179 2932 dos
202 2868 294 2933 nobis
319 2869 548 2948 tradidissent;
572 2870 656 2933 inter
681 2875 804 2932 ceteros
830 2871 931 2933 eciam
958 2867 1181 2934 malefactores
1197 2869 1255 2934 Jo-

120 2975 263 3040 hannem
280 2976 381 3041 tilium
397 2977 516 3042 Jacobi
526 2977 565 3042 de
576 2977 661 3042 Eltbe
672 2997 730 3059 pro
742 2976 869 3061 publico
885 2977 1094 3041 malefactore
1111 2973 1252 3062 (ultime)

122 3084 241 3148 mortis
277 3085 436 3168 supplicio
477 3086 763 3150 comdemnandum
796 3086 1028 3166 assignassent3
1070 3107 1165 3169 quem
1197 3109 1253 3151 nos

118 3199 219 3273 prout
235 3191 338 3256 officio
354 3194 456 3258 nostri
472 3195 672 3276 palatinatus
688 3191 902 3270 incumbebat,
918 3193 1082 3276 ipsiusque
1093 3193 1118 3258 J
1119 3194 1255 3259 ohannis

119 3297 181 3362 filii
198 3297 316 3363 Jacobi
327 3300 477 3364 maleficii
489 3299 592 3366 scelus
602 3299 759 3382 exigebat,
771 3300 978 3382 suspendiosa
994 3301 1080 3364 necis
1096 3301 1255 3384 supplicio

120 3407 309 3472 eorumdem
332 3409 525 3473 vicecomitis
554 3416 587 3472 et
602 3408 743 3473 iudicum
770 3407 924 3472 nobilium
949 3409 1193 3491 iuratorumque
1209 3431 1258 3474 as·

119 3537 285 3580 sessorum
320 3539 442 3583 necnon
468 3517 687 3582 universitatis
720 3516 876 3580 nobilium
914 3517 1056 3582 eiusdem
1082 3519 1256 3583 comitatus

121 3624 294 3688 moderato
318 3625 442 3690 inducti
469 3625 602 3690 consilio
626 3625 795 3690 judiciarie
821 3625 1140 3706 condemnassemus3
1165 3625 1256 3690 cuins

119 3731 253 3814 quidem
269 3733 432 3797 Joliannis
451 3733 510 3796 filii
534 3732 650 3798 ‘lacobi
677 3735 892 3816 possessiones
909 3729 958 3815 (et
973 3731 1072 3816 bona)
1090 3740 1256 3816 tamquam

119 3840 298 3923 proscripti
315 3846 349 3904 et
365 3861 513 3906 excessus
530 3841 580 3906 sui
598 3841 757 3924 qualitate
778 3843 964 3924 requirente
981 3842 1255 3906 malemeritorum

119 3953 227 4011 morte
244 3947 466 4024 condemnati,
482 3950 515 4012 in
533 3949 632 4013 nostri
651 3947 849 4032 palatinatus
874 3971 987 4014 manus
1013 3949 1149 4014 fuissent
1164 3949 1256 4014 devo-

119 4055 210 4134 lute3
227 4077 289 4138 que
307 4056 435 4140 quidem
452 4059 611 4140 possessio
636 4057 767 4122 tandem
794 4055 875 4141 (igy)
903 4057 989 4122 Ethe
1016 4064 1202 4140 nuncupata
1218 4079 1255 4121 eo

118 4163 221 4228 titulo
238 4167 526 4246 quoexpremissis
543 4165 778 4249 proscripcionc
795 4173 827 4229 et
842 4165 972 4229 mortali
989 4165 1256 4229 condemnacione

119 4271 204 4336 dicti
221 4270 246 4335 J
248 4271 385 4338 ohannis
402 4273 459 4337 filii
469 4273 494 4338 J
496 4274 597 4354 acobi,
608 4274 710 4338 nostri
720 4273 921 4355 palatinatus
933 4272 1125 4356 proprietati
1142 4269 1256 4336 fuisset

118 4378 292 4460 devoluta3
317 4379 509 4464 demumque
525 4380 643 4445 nobilis
659 4380 788 4444 domina
803 4380 919 4444 relicta
936 4379 1079 4444 eiusdem
1093 4377 1256 4444 Jobannis

119 4487 180 4551 filii
207 4487 326 4552 Jacobi
360 4487 399 4552 de
424 4489 569 4571 predicta
594 4488 680 4552 Ethe
704 4509 842 4551 unacum
867 4487 1021 4553 Ladislao
1046 4487 1112 4552 filio
1132 4507 1190 4553 suo
1214 4488 1254 4552 ad

120 4597 323 4680 presenciam
341 4595 466 4660 domine
483 4595 593 4678 regine
610 4595 796 4673 accedendo,
813 4617 934 4678 sueque
945 4595 1080 4676 reginali
1093 4597 1255 4661 maiestati
