3180 5470
512 523 607 586 1350.
624 540 721 584 aruir,
748 523 799 584 24.
1147 527 1210 588 369

91 697 244 782 prohibuit
268 697 453 763 Johannem
479 699 519 763 de
545 699 654 783 Tener,
679 700 812 766 Petrum
838 722 990 786 magnum
1015 706 1047 766 ct
1062 701 1211 768 Blasium

91 806 180 871 lilium
197 807 317 872 Ponith
334 827 354 872 a
369 807 577 891 percepcione
593 807 774 872 utilitatum
789 808 998 891 possessionis
1014 809 1144 874 Nicolai
1154 809 1211 875 filii

91 915 211 980 Andre'e
226 915 375 980 videlicet
399 915 557 998 particule
582 922 667 980 terre
692 916 726 980 in
752 916 865 980 eadem
892 916 993 982 Tener
1009 917 1127 998 habite,
1147 939 1211 1001 qua

89 1023 224 1089 videlicet
273 1031 361 1088 terra
409 1024 549 1108 pertinet
589 1023 629 1088 ad
670 1023 857 1090 divisionem
903 1025 987 1090 inter
1040 1026 1208 1092 necionem

90 1131 271 1210 eorumdem,
288 1131 454 1216 prohibuit
469 1137 502 1196 et
518 1131 685 1196 interdixit
703 1153 810 1197 coram
826 1132 926 1212 nobis,
946 1133 1096 1200 uidelicet
1111 1134 1144 1198 in
1161 1133 1211 1198 his

90 1239 242 1322 adipsum
259 1239 507 1323 contingentem.
518 1239 641 1304 Datum
652 1239 685 1304 in
697 1238 826 1322 Hidvig,
838 1239 917 1305 feria
930 1249 1048 1324 quarta
1064 1245 1211 1324 proxima

89 1355 154 1412 ante
169 1347 287 1414 festum
312 1347 399 1412 beati
424 1345 558 1430 Georgii
583 1348 734 1430 martiris,
754 1369 839 1413 anno
865 1349 984 1414 domini
1010 1351 1061 1416 Μο
1090 1349 1211 1419 OOOm⁰

89 1457 353 1540 quinquagesimo.

183 1621 314 1686 Paphon,
328 1621 454 1672 sarlaten
466 1621 565 1672 harem
577 1621 668 1686 pecsdt
694 1622 956 1687 maradvauyaiva13
976 1622 1107 1688 eredetije
1130 1639 1146 1674 a
1167 1640 1207 1692 gr.

90 1711 200 1776 Forgrlcs
216 1727 252 1762 cs.
268 1712 396 1762 ltaraban
409 1728 425 1762 a
439 1713 472 1762 N.
486 1715 680 1764 Muzeumban.

606 2005 680 2066 220.

86 2161 173 2224 1350.
189 2184 259 2246 apr.
277 2163 329 2226 24.
353 2159 383 2225 A
397 2163 491 2247 pyb'rr‘
519 2161 675 2248 triptolon
700 2166 798 2248 dtirp'a
826 2164 853 2229 I.
880 2163 977 2248 Lojos
1001 2165 1109 2251 tirolp
1134 2165 1208 2229 ado·

85 2268 279 2354 oro'nplevcle't
305 2268 538 2356 Nappmartooi
563 2270 680 2334 Mihlo's
717 2273 833 2335 re'szdre
865 2271 986 2360 Ikrdnp
1017 2282 1096 2337 neno
1122 2273 1210 2360 Gyb'r

461 2379 641 2465 cdrmcppei
663 2377 825 2444 tirokrol.

184 2539 255 2606 Nos
295 2541 472 2625 capitulum
506 2540 691 2606 Jauriensis
732 2541 864 2608 ecclesio
881 2592 911 2608 ..
944 2542 1208 2627 significamus..

81 2651 160 2736 quod
177 2649 284 2714 Wlful
300 2649 445 2714 officialis
462 2655 493 2714 et
510 2648 606 2714 iudex
622 2648 661 2713 de
681 2649 768 2714 Icrin
793 2652 826 2715 in
852 2671 989 2734 persona
1014 2651 1135 2716 domini
1159 2653 1209 2716 sui

80 2760 222 2844 magistri
246 2757 376 2823 Nicolai
411 2755 471 2821 filii
495 2755 668 2822 Laurencii
693 2755 752 2822 filii
777 2756 916 2824 Simonis
941 2758 981 2824 dc
1004 2758 1208 2843 Nogmortun

80 2869 108 2932 iu
124 2874 268 2933 nostram
284 2865 432 2930 adeundo
448 2866 662 2949 personaliter
673 2867 881 2949 presenciam,
892 2867 958 2932 vice
975 2916 981 2931 .
1000 2919 1006 2932 .
1022 2867 1143 2932 domini
1159 2870 1209 2933 sui

78 2977 283 3060 prenotati..
310 2973 402 3039 nobis
428 2971 629 3057 supplicavit,
653 2979 691 3038 ut
709 2972 868 3040 literas..
893 2974 1047 3040 Lodoviei
1064 3027 1092 3040 ..
1124 2977 1209 3059 regis

78 3105 170 3169 super
187 3081 395 3149 restitucione
411 3080 494 3146 dicte
510 3079 721 3164 possessionis
745 3079 835 3145 Icrin
861 3081 963 3146 eidem
979 3083 1135 3166 magistro
1151 3081 1208 3148 Ni-

78 3194 164 3258 colao
182 3191 313 3258 domino
329 3211 387 3255 suo
403 3188 563 3255 confectas
588 3195 620 3254 et
637 3194 812 3268 emanatas,
838 3189 1019 3256 uberiorem
1034 3190 1077 3255 ad
1101 3197 1208 3258 caute·

74 3302 161 3367 lam.
180 3353 187 3366 .
209 3297 443 3366 transscribere
475 3296 653 3363 faceremus
683 3303 857 3380 nostroque
876 3297 982 3382 sigillo
999 3300 1207 3381 communiri;

76 3431 212 3494 quarum
238 3415 331 3473 tenor
365 3406 441 3472 talis
467 3411 533 3472 est:
565 3403 635 3471 Nos
668 3405 849 3472 Lodovicus
866 3455 896 3472 ..
919 3428 1024 3472 rex..
1049 3407 1207 3491 significa·

77 3540 146 3585 mus
163 3570 195 3584 ..
220 3516 307 3600 quod
338 3537 395 3581 nos
429 3514 661 3599 possessionem
692 3514 782 3580 Icrin
816 3519 962 3580 vocatam
989 3515 1023 3580 in
1054 3517 1208 3582 comitatu

75 3625 244 3691 Jouriensi
259 3625 458 3702 existentem,
475 3644 575 3707 quam
598 3623 752 3707 magister
777 3623 889 3707 Gonya
905 3629 1125 3706 occupauerat,
1141 3645 1207 3688 ma-

73 3736 173 3817 gistro
189 3733 329 3800 Nicolao
344 3732 412 3799 filio
436 3732 610 3798 Laurencii
634 3731 693 3797 filii
712 3731 851 3798 Simonis
876 3733 915 3798 de
941 3732 1154 3818 Nogmortuo‚
1170 3755 1207 3799 eo

71 3841 139 3908 iure
166 3864 233 3925 quo
258 3842 301 3907 ad
324 3842 375 3906 ius
400 3863 494 3906 suum
509 3841 672 3924 pertinere
697 3840 927 3924 dinosceretur,
946 3841 1147 3908 restituimus
1173 3849 1207 3908 ct

71 3951 308 4036 resignavimus
324 3953 482 4034 perpetuo
496 3947 731 4032 possidendam.
748 3947 872 4013 Datum
889 3947 991 4026 Bude,
1007 3947 1089 4013 feria
1106 3951 1208 4016 tercia

70 4062 221 4144 proxima
246 4065 321 4144 post
346 4057 526 4142 quindenas
552 4056 626 4122 festi
642 4055 768 4122 Pascha
793 4057 923 4136 domini,
954 4079 1039 4124 anno
1065 4057 1207 4124 ciusdem

72 4167 146 4232 Μῐ110
164 4166 288 4255 CCOf‘¹0
305 4166 580 4250 quinquagesimo.
596 4164 666 4232 Nos
682 4165 782 4250 igitur
798 4167 999 4232 connitentes
1016 4173 1048 4232 et
1064 4168 1206 4233 conside·

69 4284 180 4344 rantes
197 4275 336 4360 predicti
352 4274 459 4340 Wlful
475 4274 666 4358 peticionem
681 4275 715 4340 in
731 4295 869 4358 persona
879 4274 1000 4340 domini
1012 4275 1060 4340 sui
1071 4276 1206 4359 sepefati

69 4385 134 4450 fore
152 4386 275 4450 iustam
302 4389 335 4448 et
359 4383 546 4466 legitimam,
571 4382 732 4467 predictas
758 4383 870 4449 literas
895 4382 1017 4448 domini
1032 4383 1118 4466 regis
1143 4404 1207 4449 non

68 4495 206 4560 abrasas
221 4515 288 4558 uon
313 4491 508 4558 cancellatas
533 4513 592 4556 nec
616 4493 649 4556 in
675 4492 787 4573 aliqua
813 4492 862 4556 sui
889 4497 982 4576 parte
1006 4490 1206 4558 defectuosas

68 4602 121 4667 sed
139 4602 273 4668 omnino
284 4599 453 4685 perlectas,
469 4601 608 4666 annuleo
624 4599 730 4682 sigillo
746 4598 887 4664 eiusdem
898 4599 1019 4664 domini
1035 4599 1119 4682 regis
1136 4621 1208 4665 con-

68 4712 227 4794 signatas,
241 4712 281 4776 de
291 4709 389 4776 verbo
405 4709 446 4774 ad
462 4708 594 4775 verbum
611 4708 801 4775 transscribi
819 4707 957 4788 fecimus,
974 4714 1084 4774 nostro
1100 4707 1206 4791 sigillo

112 4847 270 4883 nxuouuour
289 4833 461 4882 cantuaria.
478 4845 503 4883 v.
521 4834 616 4880 uorsa.
1063 4839 1095 4885 24
