3188 5476
685 551 872 598 aurooaour
889 536 1102 594 ouulurrlc.

865 823 938 884 354.

333 982 427 1044 1352.
447 1005 518 1067 apr.
535 982 566 1043 4.
587 977 759 1065 Anydros
754 981 890 1067 tepeat
892 1003 935 1044 on
952 981 1218 1066 dizouyso'qlcvele
1236 1005 1254 1041 a
1277 979 1477 1044 Barakcb-r'a

331 1088 442 1154 Jukah
462 1087 597 1168 fiainak
624 1088 733 1173 Napp-
741 1088 897 1174 Uprdcz'
880 1111 910 1151 aa
926 1087 1046 1173 Posptb
1072 1095 1151 1150 neoti
1179 1088 1301 1150 Baro
1283 1091 1477 1172 rcirunepyei

594 1196 757 1259 birtolcor'n
781 1197 896 1280 tcljesr't
897 1205 937 1258 ott
959 1195 1212 1280 tacorjcircsrot.

441 1356 626 1440 Capitulum
645 1357 777 1421 ecclesie
801 1355 976 1422 Nitrieusis
1002 1405 1030 1420 ..
1054 1355 1096 1420 ad
1112 1356 1335 1421 universorum
1360 1407 1389 1419 ..
1416 1377 1475 1419 no·

334 1465 444 1530 ticiam
476 1463 623 1528 volumus
654 1465 830 1549 pervenire,
862 1464 947 1547 quod
973 1485 1030 1528 nos
1056 1465 1168 1528 literas
1193 1514 1222 1526 ..
1254 1463 1410 1530 Lodorioi
1437 1515 1468 1526 ..

333 1575 418 1658 regis
442 1623 471 1638 ..
495 1595 591 1657 super
606 1574 858 1656 possessionibus
884 1571 1100 1656 Nogvgroueh
1118 1578 1150 1636 et
1171 1572 1304 1655 Pasyth,
1321 1573 1355 1636 iu
1372 1573 1475 1637 eomi-

333 1689 406 1748 tatu
421 1681 586 1748 Borsiensi
612 1681 823 1748 existentibus
849 1681 1126 1758 reambulatorias,
1153 1702 1211 1764 pro
1228 1681 1393 1762 magistris
1412 1678 1476 1743 Ni·

333 1791 423 1857 eolao
440 1795 472 1854 et
489 1787 655 1872 Stephano
681 1788 757 1854 filiis
782 1788 899 1853 Jacobi
924 1788 962 1852 de
979 1787 1153 1852 Barakcha
1178 1839 1206 1850 ..
1230 1789 1411 1870 recepimus
1437 1838 1469 1850 ..

334 1905 367 1964 et
392 1897 565 1964 secundum
591 1897 825 1963 continenciam
852 1897 1036 1961 earumdem
1065 1917 1136 1960 cum
1161 1894 1298 1960 Nicolao
1324 1895 1364 1959 de
1388 1895 1474 1960 Peel

334 2007 462 2072 homine
489 2005 629 2070 eiusdem
646 2005 766 2069 domini
782 2007 867 2088 regis
893 2056 921 2068 ..
944 2005 1135 2087 magistrum
1161 2004 1186 2068 J
1188 2005 1346 2070 ohannem
1364 2010 1477 2068 custo-

334 2117 407 2181 dem
423 2114 543 2179 sooium
560 2118 592 2176 et
607 2114 855 2177 concanonicum
880 2119 1027 2179 nostrum
1052 2113 1093 2176 ad
1117 2114 1305 2195 premissam
1322 2111 1476 2177 reambu-

336 2225 494 2290 laciouem
517 2221 697 2288 faciendam
713 2243 772 2304 pro
789 2222 972 2286 testimonio
998 2221 1146 2286 duximus
1171 2221 1477 2298 transmittendum,

338 2332 394 2414 qui
419 2331 547 2395 demum
580 2380 608 2395 ..
639 2331 830 2408 retulerunt,
863 2331 949 2413 quod
974 2331 1058 2394 idem
1083 2332 1178 2396 homo
1203 2337 1308 2395 vester
1330 2328 1477 2396 sabbato

338 2439 482 2523 proximo
499 2444 575 2504 ante
591 2439 784 2504 dominicam
804 2439 1101 2523 Ramispalmarum
1118 2440 1157 2504 de
1174 2460 1255 2504 novo
1271 2439 1477 2522 preter-itam,

337 2545 378 2611 ad
395 2545 510 2611 faciem
528 2545 687 2610 dictarum
704 2548 939 2630 possessionum
955 2545 1173 2628 Nogvgrouch
1190 2553 1224 2610 et
1238 2547 1361 2628 Pasyth
1378 2567 1477 2610 voca-

335 2661 453 2731 tarum,
470 2677 541 2720 cum
559 2656 670 2719 eodem
687 2654 814 2718 homine
830 2661 949 2731 nostro,
965 2655 1046 2718 etin
1063 2655 1182 2719 eisdem
1199 2662 1336 2737 quatuor
1354 2653 1476 2719 diebus

337 2763 497 2828 coutinuis
514 2767 712 2846 exspectans,
732 2762 844 2826 vicinis
861 2769 894 2825 et
910 2763 1137 2826 commetaneis
1155 2764 1318 2844 universis
1343 2763 1476 2826 scilicet-

336 2871 441 2936 Paulo
458 2877 490 2935 et
509 2869 638 2935 Leukas
664 2869 703 2934 de
730 2869 862 2948 Simoni,
887 2871 987 2936 Petro
1013 2870 1138 2934 Thoma
1163 2868 1327 2952 Stephano
1352 2879 1385 2934 et
1409 2869 1439 2936 J
1441 2892 1476 2934 o-

337 2981 442 3044 haune
459 2979 498 3043 de
515 2978 625 3060 Oslau,
651 2978 787 3044 Nicolao
803 2978 870 3043 filio
886 2977 1068 3045 Salomonis
1085 2978 1124 3042 de
1141 2977 1315 3060 Baragiau,
1331 2977 1476 3042 Nicolao

338 3090 423 3154 dioto
439 3085 540 3152 Arwa
556 3094 588 3152 et
605 3089 781 3154 Beuedioto
798 3089 836 3152 de
853 3089 973 3165 eadem,
998 3087 1023 3152 J
1024 3089 1150 3153 ohanne
1175 3086 1291 3152 abbate
1308 3086 1346 3150 de
1363 3083 1478 3166 Oolos,

338 3197 494 3280 magistro
519 3197 672 3262 Jobanne
697 3196 763 3261 filio
788 3195 900 3280 Gyleti
925 3196 1101 3262 castellano
1127 3196 1165 3260 do
1191 3195 1354 3279 Boymocb
1379 3196 1476 3260 etde

337 3304 555 3382 Keseleulren
580 3303 714 3370 Nicolao
732 3305 770 3368 de
787 3305 892 3369 Peren
909 3305 1086 3369 castellano
1103 3305 1142 3369 de
1160 3303 1309 3380 Hrusou·‚
1326 3303 1364 3368 de
1380 3325 1475 3368 man-

338 3414 414 3478 dato
430 3413 519 3494 regio
541 3412 720 3476 literatorio
746 3411 889 3495 legitime
915 3413 1095 3477 convocatis
1113 3419 1145 3476 et
1159 3410 1374 3495 presentibus,
1400 3434 1475 3494 pre-

339 3523 441 3588 diotas
457 3521 673 3604 possessiones
689 3519 905 3604 Nogvgrouch
916 3526 948 3584 et
959 3521 1082 3605 Pasyth
1098 3541 1155 3603 per
1172 3541 1246 3585 siras
1257 3540 1350 3586 voras
1365 3525 1475 3583 metas

339 3636 371 3694 et
396 3629 547 3711 antiquas
578 3627 811 3693 reambulasset
846 3678 874 3691 ..
907 3627 1189 3711 reambulatasque
1222 3677 1251 3692 ..
1283 3626 1476 3706 reliquisset

338 3737 418 3820 ipsis
433 3735 598 3818 magistris
623 3733 759 3800 Nicolao
784 3741 817 3799 et
842 3733 1007 3820 Stephano
1033 3735 1107 3800 filiis
1132 3733 1248 3799 Jacobi
1266 3755 1304 3798 eo
1320 3735 1391 3798 iure
1407 3755 1475 3816 quo

339 3844 380 3909 ad
406 3845 492 3926 ipsos
524 3843 722 3926 dignoscitur
753 3845 913 3929 pertinere
944 3850 1099 3928 perpetue
1130 3842 1349 3926 possidendas,
1381 3843 1475 3906 nullo

339 3953 467 4036 penitus
499 3951 734 4016 contradictore
765 3959 950 4036 apparente.
991 3953 1113 4018 Cursus
1146 3951 1277 4033 quidem
1308 3957 1474 4016 metarum

340 4058 501 4124 dictarum
526 4058 761 4142 possessionum
778 4058 804 4122 is
824 4066 888 4122 est:
915 4059 1000 4142 quod
1026 4059 1084 4124 sub
1109 4066 1216 4124 monte
1241 4057 1364 4123 Moohk
1390 4081 1474 4124 uuu-

340 4173 457 4249 oupato
482 4167 513 4228 iu
539 4171 634 4248 parte
665 4165 814 4230 orientali
846 4165 905 4230 sub
937 4166 1050 4230 arbore
1082 4167 1235 4249 quercina
1267 4175 1354 4232 esset
1384 4174 1475 4233 meta

340 4282 456 4352 terrea,
480 4273 594 4338 deiude
610 4273 809 4355 procedendo
825 4293 935 4338 versus
952 4279 1077 4356 partem
1093 4274 1326 4355 aquilonarem,
1342 4275 1375 4339 in
1393 4297 1474 4359 qua-

340 4384 416 4448 dam
440 4379 524 4444 valle
550 4378 609 4444 sub
635 4379 749 4444 arbore
781 4380 934 4464 quercina
960 4388 1044 4446 esset
1075 4387 1162 4445 meta
1186 4386 1303 4459 terrea,
1329 4383 1370 4447 ab
1396 4384 1474 4448 iude

341 4494 450 4555 autem
466 4489 665 4574 procedendo
690 4489 723 4552 in
749 4488 914 4554 cuiusdam
931 4509 1098 4553 ascensum
1119 4488 1245 4566 montis,
1271 4489 1331 4553 sub
1357 4489 1473 4556 arbore

341 4597 495 4680 quercina
512 4605 594 4664 esset
610 4605 697 4665 meta
718 4605 830 4679 terrea,
856 4599 962 4663 etheo
977 4605 1044 4662 tres
1069 4604 1152 4662 mete
1169 4607 1360 4680 separarent
1379 4599 1473 4664 illam

340 4705 448 4768 villam
465 4705 682 4790 predictorum
701 4706 839 4772 filiorum
855 4705 879 4770 J
882 4706 971 4771 aoobi
989 4705 1205 4790 Nogvgrouch
1222 4705 1342 4770 dictam
1358 4728 1377 4770 a
1394 4708 1475 4772 villa
