3192 5466
357 411 421 471 238
715 424 901 468 nnsonxonr
919 412 1133 468 oxutxrriin.

353 587 386 648 iu
403 605 439 648 eo
456 591 633 666 conquesta
649 585 835 660 exstitisset,
852 590 888 648 nt
904 587 1087 667 porcionem
1105 583 1392 668 possessione-riam
1417 599 1488 661 pre-

353 691 467 776 scripti
483 692 508 756 J
510 692 646 758 ohannis
662 692 721 757 lilii
737 692 762 757 J
763 691 854 758 scobi
871 693 982 757 mariti
998 692 1046 758 sui
1057 693 1091 756 iu
1102 692 1213 756 eadem
1223 690 1311 756 Etbe
1327 687 1490 764 habitam,

355 799 473 866 nostris
489 801 638 865 manibus
654 801 833 864 iudiciariis
849 821 907 883 pro
924 801 1082 882 premissa
1092 798 1340 883 proscriptionis
1356 801 1437 860 nota
1453 803 1485 857 et

353 908 483 974 mortali
499 908 767 974 condemnacione
783 908 925 972 eiusdem
941 907 966 974 J
968 908 1104 972 ohannis
1120 907 1311 984 devolutam,
1329 927 1390 970 sua
1406 903 1488 984 regi-

353 1017 435 1082 nalis
460 1017 571 1100 gracia
600 1023 700 1099 atque
726 1016 907 1098 benignitas
933 1015 993 1080 sibi
1010 1037 1048 1080 ec
1063 1015 1129 1080 filio
1147 1021 1179 1080 et
1195 1015 1259 1079 filie
1275 1037 1341 1091 sue,
1366 1014 1401 1076 in
1418 1011 1487 1075 eius

353 1125 511 1206 condigna
528 1125 732 1190 estimacione
748 1130 781 1187 et
797 1122 904 1188 valore
921 1123 1077 1188 redimere
1094 1130 1267 1204 annueret3
1290 1122 1488 1202 tandemque

352 1233 464 1297 eadem
481 1232 612 1296 domiue
627 1233 739 1313 regina
756 1231 847 1296 nobis
873 1232 1052 1314 precipiens
1079 1230 1348 1312 quemadmodum
1365 1250 1426 1294 sna
1443 1249 1489 1290 re

355 1341 472 1424 ginalis
489 1340 664 1405 clemencia
680 1339 867 1422 premissam
884 1341 1169 1420 possessionariam
1187 1340 1371 1421 porcionem
1390 1336 1489 1420 preli-

353 1448 419 1513 bati
439 1448 463 1512 J
466 1449 603 1513 ohannis
619 1449 799 1532 proscripti,
816 1447 959 1531 predicte
979 1448 1106 1513 domiue
1122 1451 1271 1526 consorti,
1288 1449 1354 1512 lilio
1365 1455 1400 1511 et
1416 1444 1482 1510 filie

353 1557 493 1621 eiusdem
505 1559 661 1622 redimere
671 1557 895 1636 anunisset,sic
905 1565 938 1620 et
947 1579 1004 1622 nos
1015 1556 1331 1640 annue1·emus‚quod
1343 1554 1489 1639 predicte

351 1665 482 1729 domina
498 1665 611 1730 relicta
626 1665 727 1747 ipsius
738 1665 872 1730 acfilius
883 1673 915 1730 et
925 1665 993 1728 lilia
1003 1667 1146 1732 eiusdem
1157 1665 1341 1748 porcionem
1358 1683 1481 1747 posses·

354 1776 529 1840 sionariam
545 1774 622 1839 dicti
648 1773 811 1838 lobannis
837 1775 869 1836 iu
896 1775 966 1856 ipsa
991 1775 1191 1856 possessione
1215 1775 1305 1838 Etbe
1332 1771 1486 1848 habitam,

352 1885 471 1948 uostris
487 1884 635 1947 manibus
652 1883 829 1947 iudiciariis
855 1904 913 1966 pro
932 1883 1097 1966 premissis
1114 1884 1179 1946 suis
1196 1881 1379 1947 excessibus
1396 1879 1485 1944 devo-

351 1991 461 2066 lutam,
478 1992 511 2054 in
527 2012 585 2054 sno
611 1989 769 2072 condigno
794 1991 901 2074 precio
926 1997 958 2053 et
982 1991 1090 2054 valore
1116 1989 1272 2054 redimere
1298 1987 1486 2052 deberenta

353 2098 452 2163 nobis.
476 2097 572 2163 Unde
597 2120 670 2162 cum
695 2119 752 2162 nos
778 2099 881 2180 ipsam
906 2099 1088 2180 porcionem
1106 2097 1393 2181 possessionariam
1412 2095 1484 2159 dicti

351 2207 513 2270 Jobannis
530 2206 589 2270 lilii
605 2204 721 2272 ‚iacobi
738 2206 918 2289 proscripti,
945 2206 1111 2288 prelibatis
1128 2206 1264 2284 domiue,
1280 2205 1349 2270 filio
1367 2226 1407 2268 ac
1421 2205 1482 2268 filie

356 2314 498 2379 eiusdem
515 2316 605 2378 iuxta
621 2319 808 2398 preceptum
819 2314 919 2396 ipsius
929 2313 1056 2379 domine
1073 2315 1183 2396 regine
1194 2313 1352 2378 redimere
1369 2333 1484 2376 annue·

357 2443 481 2498 remus,
507 2424 642 2505 ipseque
668 2423 777 2504 porcio
803 2423 1057 2504 possessionaria
1081 2423 1182 2506 ipsius
1207 2419 1372 2487 Johannis
1398 2421 1485 2484 iuxta

354 2532 444 2614 regni
461 2530 721 2594 consvetedinem
738 2531 805 2594 siue
823 2531 1030 2596 estimacione
1057 2530 1170 2594 redimi
1195 2551 1260 2594 nou
1285 2550 1380 2611 posse
1407 2528 1484 2592 vide·

356 2639 459 2716 batur,
485 2638 555 2702 ideo
573 2688 579 2701 .
597 2687 603 2701 .
621 2638 764 2720 capitulo
790 2637 958 2702 Jourieusi
984 2639 1214 2720 scripseramus
1231 2688 1237 2700 .
1255 2689 1260 2702 .
1278 2643 1316 2701 ut
1343 2638 1482 2719 ipsorum

352 2747 519 2811 mitterent
544 2746 705 2810 homiuem
732 2767 791 2829 pro
822 2747 1005 2810 testimonio
1031 2795 1061 2810 ..
1088 2767 1152 2828 quo
1177 2752 1327 2828 presente
1354 2744 1481 2809 Petben·

352 2853 436 2918 filius
453 2855 539 2918 Pous
556 2853 595 2916 dc
611 2853 761 2936 Bothyan
778 2855 873 2918 bomo
884 2861 993 2919 noster
1009 2855 1158 2936 specialis
1175 2855 1208 2918 in
1225 2853 1398 2938 quindenis
1414 2851 1482 2916 festi

352 2963 559 3026 Pentecostes
576 2984 661 3026 nunc
678 2961 821 3044 proxime
837 2962 1001 3044 preteritis
1017 2961 1059 3026 ed
1075 2961 1189 3026 faciem
1205 2961 1349 3046 predicte
1366 2980 1483 3043 posses-

356 3069 453 3133 sionis
478 3069 565 3133 Ethe
593 3075 704 3134 vocate
731 3069 906 3141 accederet,
931 3091 969 3133 ac
993 3070 1176 3152 porcionem
1201 3069 1481 3153 possessicnariam

355 3176 506 3260 prelibati
523 3176 549 3241 J
550 3177 685 3241 ohannis
703 3177 875 3260 proscripti
892 3178 924 3242 in
942 3177 1053 3242 eadem
1069 3177 1223 3254 habitam,
1249 3177 1356 3260 ipsum
1382 3175 1480 3240 solum

352 3285 616 3366 contingentem.
634 3335 640 3348 .
658 3286 691 3348 in
707 3305 765 3349 suo
781 3285 866 3350 iusto
892 3287 1000 3368 precio
1026 3292 1058 3350 et
1082 3287 1190 3370 ¹valore
1207 3335 1214 3350 .
1232 3337 1238 3350 .
1255 3285 1389 3350 deberet
1415 3281 1482 3348 esti-

351 3413 450 3470 mare,
467 3415 531 3474 qua
547 3393 752 3458 estimacioue
769 3393 855 3457 facte
871 3395 932 3477 ipsi
949 3394 1076 3458 domine
1094 3415 1131 3458 oc
1147 3393 1212 3458 filio
1238 3393 1381 3458 eiusdem
1401 3392 1480 3456 idem

355 3501 449 3565 homo
466 3505 576 3564 noster
591 3505 624 3563 et
639 3501 857 3565 testimonium
878 3501 978 3584 ipsius
995 3503 1131 3584 capituli
1151 3499 1425 3566 adredimendum
1440 3499 1481 3581 ip·

361 3629 430 3672 sam
442 3608 625 3691 porcionem
636 3609 921 3691 possessionariam
939 3659 945 3672 .
962 3658 969 3672 .
985 3611 1158 3674 terminum
1175 3611 1354 3692 assignaret
1366 3627 1481 3690 compe·

360 3721 491 3797 tentem,
508 3720 544 3778 ut
559 3715 591 3778 in
604 3716 673 3796 ipso
684 3715 821 3779 termino
831 3715 1065 3799 preallegatam
1075 3719 1257 3800 porcionem
1274 3717 1480 3801 possessione·

352 3824 433 3887 riam
449 3843 469 3886 a
485 3821 576 3886 uobis
602 3823 798 3886 redimerent
823 3824 856 3886 in
881 3845 938 3888 suo
963 3824 1120 3907 condigno
1146 3827 1295 3890 estimato
1321 3825 1427 3909 precio
1451 3829 1476 3887 et

352 3930 478 4010 valore,
502 3937 535 3994 et
561 3937 633 4012 post
649 3932 708 3995 hec
724 3932 825 4013 ipsius
845 3932 1059 3996 estimacionis
1084 3933 1200 3998 seriem
1226 3981 1257 3998 ..
1283 3953 1341 4016 per
1366 3933 1477 3997 dictum

351 4038 527 4121 capitulum
544 4038 635 4102 uobis
653 4090 658 4102 .
679 4088 684 4101 .
702 4039 833 4103 rescribi
859 4039 1110 4122 postularemus.
1135 4040 1230 4124 Quod
1250 4042 1380 4124 quidem
1396 4041 1473 4123 capi·

351 4148 456 4212 tulum
473 4197 480 4212 .
498 4199 504 4212 .
522 4170 659 4214 unacum
676 4149 808 4214 Pethew
824 4149 952 4214 homine
974 4157 1083 4214 nostro
1111 4172 1209 4214 unum
1226 4171 1266 4214 ex
1282 4150 1362 4232 ipsis
1378 4203 1385 4216 .
1401 4201 1407 4214 .
1424 4146 1475 4212 Ni·

352 4255 477 4320 colaum
488 4257 608 4321 socium
622 4263 654 4321 et
665 4259 912 4322 concanonicum
923 4259 1065 4341 ipsorum
1076 4280 1135 4341 pro
1145 4259 1329 4324 testimonio
1338 4257 1476 4323 transmi-

351 4364 468 4428 sisset.
487 4401 500 4426 i
511 4365 566 4446 qui
582 4365 711 4430 demum
728 4417 734 4430 .
751 4415 757 4428 .
776 4366 971 4444 retulissent,
997 4365 1083 4449 qnod
1098 4367 1160 4449 ipsi
1176 4368 1209 4431 in
1226 4366 1378 4450 predictis
1395 4365 1475 4448 quin·

353 4471 443 4536 denis
484 4472 557 4536 sesti
592 4473 799 4539 Pentecostes
825 4474 866 4539 ad
892 4475 1006 4539 faciem
1037 4475 1139 4558 ipsius
1163 4475 1375 4559 possessionis
1398 4475 1474 4540 Etbe

351 4579 539 4658 accedendo,
571 4581 683 4646 vicinis
709 4589 740 4646 et
767 4585 995 4672 commetaneis
1027 4583 1167 4648 eiusdem
1194 4633 1224 4647 ..
1250 4585 1426 4650 convocetis
1448 4633 1474 4646 ..
