3192 5466
561 485 655 548 1349.
673 501 772 547 usur.
794 489 844 547 lo.
1204 489 1266 548 265

134 685 248 726 remus.
266 662 337 728 Nos
353 664 453 746 igitur
463 663 616 746 legitimis
627 669 660 727 et
671 665 820 746 congruis
836 663 1110 746 postulacionibns
1126 664 1268 730 eiusdem

134 772 260 836 comitis
277 772 372 838 Pauli
389 783 421 838 et
437 773 562 838 iusticie
588 779 777 853 annuentes,
794 794 866 838 cnm
892 773 1019 855 prefato
1044 775 1144 838 Petro
1168 793 1268 858 paruo

136 879 264 944 bomine
281 887 389 946 vestro
405 881 484 946 duos
509 881 654 972 homines
680 888 807 947 nostros
825 931 831 944 .
848 933 854 946 .
872 881 1075 948 Demetrium
1101 883 1267 947 literatum

134 987 359 1054 subnotarinm
375 995 520 1055 nostrum
546 1011 606 1073 pro
621 996 715 1073 parte
732 989 816 1054 dicte
833 988 949 1054 nobilis
966 989 1094 1055 domine
1110 991 1267 1055 consortis

132 1097 281 1178 magistri
308 1097 441 1174 Thema
458 1105 490 1163 et
515 1099 679 1163 dominnm
705 1097 868 1163 Jacobnm
893 1097 1093 1163 sacerdotem
1113 1099 1152 1162 de
1169 1097 1267 1164 choro

134 1211 246 1270 nostro
262 1227 321 1289 pro
338 1213 432 1288 parte
457 1207 558 1290 ipsius
583 1205 716 1270 Andree
733 1205 790 1270 filii
808 1206 937 1272 Nicolai
953 1206 1192 1272 transmisimus
1209 1228 1268 1290 pro

134 1314 328 1379 testimoniis
345 1315 386 1379 ad
402 1315 559 1398 premissa
585 1314 789 1398 exequenda;
813 1315 869 1398 qui
894 1313 1024 1398 quidem
1049 1316 1145 1380 homo
1161 1322 1267 1380 vester

131 1422 264 1486 tandem
281 1423 323 1488 ad
339 1445 397 1488 nos
413 1444 568 1504 reversus,
585 1422 787 1507 presentibus
803 1429 836 1488 et
846 1422 1051 1488 audientibus
1068 1423 1163 1488 dictis
1179 1423 1268 1488 testi-

131 1529 248 1594 moniis
259 1531 387 1608 nostris‚
399 1531 488 1598 nobis
500 1531 699 1597 concorditer
716 1531 898 1597 retulerunt
908 1531 970 1596 isto
980 1530 1083 1611 modo,
1097 1531 1182 1615 quod
1199 1531 1267 1614 ipse

131 1659 273 1704 unacum
289 1640 409 1705 eisdem
426 1641 618 1706 testimoniis
634 1641 753 1706 nostris
763 1647 796 1705 et
806 1641 971 1705 annotatis
988 1639 1124 1704 Andrea
1142 1639 1267 1705 Thema

130 1747 171 1811 de
188 1747 270 1832 Biry
286 1769 325 1812 ac
340 1747 495 1814 Ladislao
520 1749 588 1814 filio
604 1749 726 1833 lllylmu
743 1749 782 1814 de
798 1749 888 1834 Erky
914 1749 1060 1833 proximo
1075 1753 1108 1812 et
1122 1747 1268 1830 legitimo

131 1863 343 1939 procuratore
354 1857 455 1940 ipsius
465 1857 581 1922 nobilis
592 1857 766 1938 dominam
776 1858 870 1923 dictis
882 1856 1266 1941 octavisblpiphaniarum

130 1963 328 2028 dominiiam
339 1965 504 2048 preteritis
515 1971 547 2030 et
557 1966 631 2032 aliis
648 1965 856 2048 sequentibus
866 1965 978 2030 diebus
990 1965 1030 2030 ad
1041 1965 1073 2030 id
1083 1963 1267 2030 sufficienti·

129 2072 320 2156 bns‚p1·im0
339 2075 550 2140 accessissent
569 2075 612 2140 ad
631 2075 744 2140 faciem
761 2077 862 2159 ipsius
881 2074 1090 2160 possessionis
1106 2073 1217 2157 Bogus
1234 2079 1267 2138 et

130 2181 259 2246 demum
277 2182 319 2247 ad
336 2182 418 2248 alias
428 2183 595 2266 porciones
614 2184 884 2267 possessionarias
900 2183 1069 2248 memorati
1086 2182 1217 2260 Thome
1233 2183 1266 2246 in

130 2288 257 2356 duobus
268 2291 473 2358 comitatibus
491 2292 644 2359 Zabouch
662 2301 695 2360 et
709 2293 869 2359 Zathmar
884 2298 921 2358 ut
937 2293 1055 2358 dicitnr
1070 2291 1200 2371 habitis,
1216 2314 1266 2356 ex·

131 2399 233 2481 ceptis
249 2400 454 2484 porcionibus
465 2403 531 2466 suis
541 2402 800 2485 possessionariis
811 2403 844 2466 in
854 2401 1110 2485 possessionibus
1119 2401 1266 2466 Bodolon

129 2511 165 2570 et
176 2507 267 2572 Keer
283 2509 413 2584 vocatis,
424 2532 462 2575 eac
472 2511 573 2575 eciam
591 2510 796 2593 porcionibus
807 2511 873 2575 suis
884 2511 916 2574 in
926 2509 1075 2575 districtu
1087 2506 1108 2594 (.
1120 2557 1126 2571 .
1138 2559 1143 2573 .
1155 2506 1266 2592 .)eslce-

132 2615 182 2679 bel
199 2615 421 2694 existentibus,
437 2617 687 2701 accedentesque
704 2617 807 2702 primo
824 2623 857 2682 et
873 2618 1097 2702 principaliter
1112 2639 1267 2682 memora·

132 2731 198 2788 tam
216 2725 351 2789 terciam
369 2731 493 2808 partem
510 2725 669 2809 porcionis
680 2727 781 2810 ipsius
792 2726 915 2792 Thome
925 2728 957 2791 in
969 2727 1057 2792 dicta
1068 2725 1265 2810 possessione

131 2831 242 2914 Bogus
259 2840 291 2897 et
308 2833 424 2898 totales
441 2835 607 2918 porciones
627 2835 895 2918 possessionarias
906 2834 1054 2900 similiter
1064 2835 1165 2918 ipsius
1182 2833 1266 2899 Tbe-

131 2961 180 3004 me
196 2941 231 3004 in
247 2941 404 3024 pretactis
420 2942 675 3025 possessionibus
701 2943 845 3008 eiusdem
865 2944 897 3007 in
918 2943 1014 3008 dictis
1029 2943 1133 3007 literis
1153 2944 1266 3008 vestris

131 3049 324 3114 nominatim
335 3052 492 3133 expressis
503 3051 832 3134 existentesetipsum
843 3052 1171 3134 contingentes,inxta
1181 3053 1266 3134 vigo·

130 3179 197 3223 rem
208 3159 396 3224 earumdem
412 3159 580 3226 literarum
591 3167 769 3226 vestrarum
781 3160 951 3244 peripsum
963 3157 1266 3226 Ladislaumlilium

129 3266 254 3350 Mykou
279 3273 357 3332 tunc
382 3267 459 3333 inibi
485 3268 712 3348 exhibitarum,
738 3290 774 3334 eo
799 3270 869 3333 iure
895 3287 959 3349 quo
987 3269 1049 3350 ipsi
1074 3268 1201 3333 domine
1227 3290 1266 3332 ex

129 3375 288 3456 premissa
304 3375 382 3440 dicti
400 3375 523 3441 Tharne
539 3377 648 3442 mariti
659 3378 709 3441 sni
726 3376 925 3460 obligacione
942 3376 1104 3460 pertinere
1120 3375 1262 3441 dinosce-

129 3491 251 3562 rentur,
277 3485 469 3550 statuissent
485 3485 587 3552 eidem
612 3486 739 3550 domine
765 3485 1022 3550 contr-adiecione
1048 3485 1265 3565 quorumlibet

129 3615 192 3658 non
209 3592 367 3663 obstante,
384 3600 417 3658 et
432 3594 500 3658 sine
526 3595 702 3678 preiudicio
728 3595 808 3659 iuris
834 3594 932 3659 alieni
959 3594 1168 3678 possidendas
1186 3643 1192 3657 .
1210 3645 1216 3658 .
1233 3599 1266 3658 et

131 3702 262 3768 tandem
279 3723 376 3785 snper
400 3701 473 3766 dote
499 3709 532 3766 et
557 3701 651 3766 rebus
678 3701 947 3784 paraffernalibns
973 3724 1011 3766 ac
1027 3707 1147 3784 (puncta
1172 3701 1262 3766 filiali

132 3809 1265 3893 earumdemdominarumconsortisscilicetetliliarnmipsinsThome

133 3918 170 3982 de
187 3917 348 3982 universis
373 3917 628 4002 possessionibus
645 3917 711 3982 suis
732 3916 852 4000 nbiqne
869 3917 902 3982 in
920 3917 1014 3982 dictis
1031 3916 1154 3982 duobus
1170 3917 1265 3982 comi·

133 4025 252 4091 tatibus
279 4024 433 4090 Zabouch
459 4031 492 4090 et
517 4025 677 4091 Zathmar
702 4046 767 4108 quo
793 4046 893 4109 snpra
919 4025 1137 4098 existentibus,
1164 4032 1202 4090 ut
1226 4047 1265 4089 ex

132 4134 292 4218 prelibata
309 4134 400 4217 regni
416 4135 513 4199 vestri
530 4134 757 4200 consuetudine
774 4133 945 4218 expediens
962 4132 1082 4211 fnisset,
1107 4133 1264 4218 prenomi-

133 4245 215 4308 natis
247 4241 438 4308 dominabus
469 4242 727 4308 satisfaccionem
753 4241 987 4326 impendissent
1012 4243 1264 4326 possessionaria

134 4350 292 4416 solucione
318 4351 477 4416 mediante
494 4357 527 4414 et
542 4351 670 4417 iusticia
694 4350 860 4434 exigente3
883 4349 1060 4414 bisantem
1084 4351 1262 4434 premissis

135 4461 275 4542 prefatas
293 4461 437 4527 residuas
455 4461 620 4545 porciones
647 4459 917 4546 possessionarias
935 4458 1012 4524 dicti
1030 4459 1153 4524 Thema
1178 4459 1263 4524 simi-

136 4569 206 4633 liter
229 4571 262 4634 in
289 4569 384 4634 dictis
409 4569 533 4636 duobus
558 4569 765 4636 comitatibus
790 4569 972 4646 existentes,
997 4569 1138 4652 exceptis
1155 4575 1263 4634 tamen

138 4677 335 4760 porcionibus
351 4679 417 4743 suis
433 4679 691 4764 possessionariis
708 4679 741 4746 in
759 4675 853 4744 dictis
865 4673 991 4740 duabus
1007 4677 1261 4760 possessionibus
