3188 5476
574 583 668 644 1352.
685 599 751 644 snt.
769 585 798 643 3.
1187 579 1250 641 595

116 761 316 838 mandamus,
331 753 434 844 'quod
459 761 584 826 Paulus
609 759 695 824 filins
721 759 843 824 Thome
869 758 1084 842 personaliter
1110 757 1152 822 ab
1178 779 1252 836 una,

115 871 193 934 item
211 869 237 934 J
239 871 381 935 ohannes
399 868 484 934 filius
502 869 640 934 Martini
666 868 704 932 de
729 867 855 950 Pargar
872 867 1020 932 similiter
1037 866 1252 950 personaliter

116 983 211 1060 parte
239 977 281 1042 ab
307 979 413 1043 altera
438 998 545 1044 coram
572 975 664 1041 nobis
691 975 913 1059 comparando,
943 975 1028 1040 idem
1053 975 1177 1040 Paulus
1203 981 1253 1039 est

115 1085 283 1151 confessus
308 1138 337 1151 ..
361 1085 446 1169 quod
471 1086 540 1169 ipse
567 1085 852 1168 possessionariam
876 1084 1060 1167 porcionem
1076 1084 1178 1167 ipsius
1194 1082 1253 1148 Jo-

115 1194 235 1258 hannis
251 1195 285 1257 in
302 1193 389 1258 dicta
405 1194 604 1279 possessione
630 1193 758 1274 Pargar
783 1191 938 1270 habitam,
963 1213 1061 1275 qnam
1077 1191 1146 1275 ipse
1162 1213 1182 1257 a
1197 1211 1255 1254 no·

115 1302 191 1365 stris
207 1301 358 1367 manibus
375 1301 552 1367 iudiciariis
574 1300 771 1379 redemisset,
797 1321 834 1365 eo
859 1300 946 1385 quod
961 1300 1067 1366 dictus
1083 1299 1109 1365 J
1110 1301 1252 1365 ohannes

116 1431 228 1475 coram
244 1409 336 1475 nobis
352 1410 517 1475 convictus
533 1411 699 1487 extitisset,
724 1416 811 1474 etex
827 1431 863 1474 eo
880 1409 967 1475 dicta
982 1430 1041 1474 sua
1056 1410 1166 1493 porcio
1182 1429 1253 1491 pos·

117 1518 312 1584 sessionaria
337 1519 370 1582 in
396 1519 483 1582 dicta
499 1517 699 1600 possessione
724 1515 838 1582 habita
853 1515 916 1580 rite
933 1522 965 1581 et
980 1514 1125 1599 legitime
1141 1515 1183 1580 ad
1198 1535 1252 1580 no-

116 1633 202 1691 stras
216 1647 332 1692 manus
348 1626 534 1692 iudiciarias
546 1627 723 1691 exstitisset
733 1625 892 1708 devoluta,
902 1630 1035 1710 propter
1046 1625 1253 1690 dilectionem

117 1734 334 1800 fraternitatis
359 1755 398 1798 ac
422 1740 532 1799 mutue
558 1733 751 1814 dileccionis
777 1734 880 1798 eidem
905 1732 930 1798 J
932 1733 1051 1797 ohanni
1075 1733 1204 1816 penitus
1220 1738 1253 1796 et

117 1862 175 1924 per
191 1842 300 1907 omnia
324 1891 330 1904 .
347 1893 352 1905 .
376 1843 500 1906 remisit
510 1847 664 1924 perpetuo
675 1839 901 1924 possidendam
911 1840 943 1904 in
953 1839 1035 1904 filios
1051 1839 1193 1905 filiorum
1217 1891 1246 1904 ..

116 1949 177 2013 tali
203 1951 307 2031 mod0,
334 1949 421 2033 quod
446 1949 530 2014 idem
555 1949 579 2014 J
582 1951 724 2015 ohannes
741 1949 860 2015 dictam
879 1951 1164 2034 possessionariam
1180 1971 1253 2034 por·
1274 1987 1277 1994 ·

117 2057 242 2121 cionem
267 2057 506 2140 aliquocunque
532 2064 675 2142 tempore
701 2058 798 2122 alicui
817 2058 954 2124 vendere
970 2058 1019 2123 vel
1035 2059 1253 2143 impignorare

116 2167 220 2248 possit
245 2173 343 2249 atque
369 2167 493 2246 valeat,
518 2167 579 2232 hoc
602 2187 666 2232 non
691 2168 907 2250 pretermisso,
933 2168 1019 2251 qnod
1043 2169 1070 2234 si
1094 2169 1179 2234 idem
1195 2167 1253 2232 Jo-

116 2277 242 2340 hannes
266 2274 392 2338 volente
423 2274 552 2340 domino
583 2274 704 2358 absque
735 2277 887 2341 heredum
920 2275 1038 2341 solacio
1069 2275 1251 2353 decesserit,

116 2389 195 2448 tnnc
211 2382 299 2446 dicta
315 2384 424 2465 porcio
440 2383 692 2465 possessionaria
707 2383 828 2446 nemini
844 2384 949 2464 alteri,
967 2383 1029 2447 nisi
1045 2382 1194 2447 similiter
1209 2382 1252 2448 ad

118 2512 232 2556 manus
257 2492 358 2574 ipsius
383 2491 479 2556 Pauli
504 2489 562 2555 filii
588 2491 711 2556 Thome
736 2491 859 2555 devolvi
883 2491 986 2574 possit
1011 2497 1109 2574 atque
1134 2491 1250 2556 valeat.

118 2599 244 2665 Datum
260 2599 293 2662 in
310 2597 386 2663 villa
402 2598 499 2680 Tord,
518 2600 619 2664 tercio
629 2599 681 2663 die
691 2605 876 2664 octavarum
893 2599 967 2664 sesti
984 2599 1071 2664 beati
1087 2599 1113 2664 J
1114 2599 1250 2664 ohannis

118 2707 280 2789 Baptista,
297 2727 381 2772 anno
397 2707 518 2772 domini
534 2705 609 2771 Μ1110
626 2706 746 2775 OOC¹¹²⁰
763 2707 1031 2790 quinquagesimo
1047 2706 1195 2772 secundo.

227 2888 253 2936 Δ
266 2887 341 2936 bacsi
363 2888 553 2950 kaptalannak
578 2892 654 2937 1353.
674 2887 725 2950 jul.
751 2887 813 2937 l-tn
834 2889 991 2938 »lohannes
1005 2889 1078 2939 illins
1091 2889 1208 2939 Martini
1220 2889 1253 2938 de

117 2979 224 3042 Pargar
246 2991 280 3025 ex
303 2976 437 3026 comitatu
459 2976 492 3026 de
515 2977 650 3027 walton<
667 2977 817 3027 kerelmtre
836 2978 947 3028 kiadott
968 2979 1129 3042 atirattbol,
1150 2981 1253 3042 melyet

117 3079 285 3132 ugyanazon
308 3065 440 3128 kaptalan
467 3067 639 3116 »Demetrius
663 3068 737 3117 filius
760 3067 897 3117 «Iohannis
920 3068 953 3117 de
975 3069 1092 3134 ratgar«
1117 3069 1251 3132 folyamo·

118 3158 218 3206 ‹ltstra
232 3161 308 3207 1388.
322 3171 383 3222 aug.
399 3156 480 3206 28-an
491 3156 529 3205 lrt
547 3157 594 3220 tt3
608 3157 698 3208 enneli
708 3157 838 3220 eredetije
848 3171 966 3222 megvan
976 3173 1008 3208 az
1022 3173 1091 3208 orsz.
1107 3161 1138 3208 lt.
1152 3158 1252 3208 kinost.

118 3253 190 3298 oszt.
204 3249 237 3297 N.
253 3250 286 3298 R.
300 3249 333 3297 A.
349 3251 408 3298 556.
425 3252 465 3296 15.
480 3247 546 3310 dipl.
561 3253 629 3297 oszt.
644 3253 721 3298 4290.
737 3249 834 3298 Kozli:
849 3250 958 3298 Koraos
971 3249 1005 3298 N.

655 3683 728 3744 370.

121 3842 216 3903 1352.
234 3841 343 3920 Bada,
351 3841 416 3926 jul.
433 3841 464 3902 4.
491 3841 519 3902 Ι.
538 3839 639 3925 Lojos
655 3840 765 3925 lcirc'lp
782 3839 908 3904 Hrassd
920 3844 983 3904 va'r·
997 3841 1251 3926 odonapyainalc

121 3952 323 4036 oreph-cmo,
348 3951 429 4035 hopys
454 3974 474 4012 o
498 3949 865 4034 param-szeatbeacdeki
881 3950 1073 4012 conventuale
1095 3973 1116 4012 a
1141 3947 1252 4013 Zaitoc

117 4057 229 4142 folyo'n
247 4057 314 4119 leoli
330 4055 503 4120 rrrclrnciro'l
518 4081 538 4119 o
554 4061 634 4117 vizel
650 4057 677 4118 cl
695 4079 731 4117 nc
747 4056 897 4134 crezcssc‘k,
915 4060 945 4118 e's
962 4081 983 4119 a
1000 4066 1131 4119 convent
1151 4057 1251 4118 Kene-

118 4166 187 4226 socl
209 4173 287 4226 narrat
303 4164 451 4227 birrolcdn
468 4163 840 4248 silton-ijobddppcikkal
856 4186 894 4224 nc
910 4163 1252 4250 hatclmoslcodjonok.

200 4340 397 4406 Lodovicus.
412 4390 419 4405 .
437 4362 508 4406 rex.
525 4393 530 4404 .
548 4342 705 4422 magistro
722 4337 859 4405 Nicolao
873 4339 940 4404 filio
956 4339 1087 4406 Nicolai
1097 4341 1136 4406 de
1146 4343 1253 4407 Peren

117 4449 195 4514 aule
213 4453 322 4512 nostre
337 4447 440 4526 militi,
464 4447 641 4512 castellano
666 4446 706 4512 de
722 4445 888 4526 Hurusou,
905 4453 937 4510 et
954 4446 1109 4512 Michaeli
1132 4450 1252 4513 viceca-

118 4556 258 4621 stellano
274 4555 416 4620 eiusdem
440 4607 468 4620 ..
493 4556 546 4620 Ex
562 4554 719 4619 concitiva
742 4603 771 4617 ..
795 4553 924 4620 abbatis
944 4561 976 4619 et
994 4562 1168 4622 conventus
1184 4579 1250 4621 mo·

116 4665 258 4730 nestorii
274 4665 404 4729 ecclesie
421 4665 524 4729 sancti
540 4661 708 4728 Benedicti
725 4661 764 4725 de
781 4663 872 4728 iuxta
892 4660 1012 4746 Groon,
1038 4667 1127 4747 gravi
1145 4667 1252 4748 queri-

117 4771 231 4836 monia
261 4771 399 4854 intelligi
437 4771 535 4834 datur
575 4776 682 4833 nostre
713 4771 886 4853 maiestati,
926 4772 1010 4854 quod
1041 4793 1096 4836 vos
1126 4773 1253 4856 pridem

1095 4897 1145 4947 38*
