3188 5476
340 595 402 655 572
689 607 875 652 Auerruncus
892 591 1106 649 ouurlur'rlu.

338 771 424 848 dicti,
442 771 482 836 ad
498 771 627 836 domum
654 791 746 834 suam
770 769 803 832 in
829 768 939 831 eadem
961 765 1226 834 Deserhabitum
1252 764 1389 828 armatis
1406 784 1475 827 ma·

336 879 429 943 nibus
452 879 625 958 venientes,
651 876 823 942 confractis
849 876 950 958 portis
974 875 1061 940 curie
1091 895 1156 952 sue,
1182 873 1317 940 eandem
1342 873 1475 938 domum

338 1009 429 1051 suam
454 1006 658 1052 concremare
684 987 854 1068 ipsumque
880 981 1059 1048 interficere
1084 983 1267 1060 voluissent,
1292 982 1348 1046 ubi
1374 1004 1475 1046 unum

336 1117 375 1159 ex
398 1094 518 1160 eisdem
548 1093 809 1158 malefactoribus
841 1092 976 1156 Petrum
1008 1092 1144 1168 nomine,
1177 1089 1347 1155 officialem
1379 1090 1472 1154 Petri

336 1203 412 1268 dicti
430 1204 558 1286 Waguc
583 1201 621 1266 (16
647 1201 814 1285 Hornyan,
840 1200 924 1264 idem
949 1199 1144 1266 Valentinus
1160 1199 1194 1263 in
1211 1219 1270 1262 sua
1285 1197 1470 1262 defensione

336 1298 570 1392 interemisset3
595 1331 695 1393 quare
713 1359 742 1374 ..
765 1311 965 1386 mandamus,
991 1314 1150 1390 quatenus
1169 1313 1312 1371 vestrum
1329 1307 1469 1370 mittatis

335 1421 495 1487 bominem
528 1439 587 1503 pro
612 1419 796 1484 testimonio
814 1467 842 1480 ..
876 1437 939 1500 quo
971 1422 1120 1501 presente
1144 1413 1302 1480 Nicolaus
1335 1415 1386 1479 vel
1414 1413 1472 1478 Jo-

336 1529 459 1594 hannes
484 1527 569 1592 filius
595 1526 724 1609 Baykos
750 1527 789 1590 de
815 1524 942 1607 Moytih
969 1530 1026 1588 aut
1050 1522 1234 1608 Stephanus
1259 1523 1299 1588 de
1326 1521 1472 1588 Obullaz

336 1637 409 1701 aliis
440 1633 628 1700 absentibus
659 1633 752 1698 homo
785 1639 902 1708 noster,
933 1631 973 1697 ab
1005 1632 1153 1697 omnibus
1183 1631 1299 1716 quibus
1325 1630 1418 1696 decet
1442 1637 1474 1694 et

335 1745 411 1809 licet
429 1793 457 1807 ..
481 1743 520 1807 (16
536 1743 700 1826 premissis
716 1740 938 1822 investigando
957 1791 962 1803 .
980 1791 985 1804 .
1009 1742 1153 1823 inquirat
1166 1740 1384 1804 omnimodam
1395 1739 1474 1802 veri·

336 1858 455 1932 tatem;
474 1857 507 1915 et
522 1856 596 1934 post
611 1851 669 1915 hec
687 1899 715 1913 ..
740 1849 831 1914 nobis
849 1899 854 1912 .
872 1897 879 1912 .
902 1849 1097 1914 rescribatis.
1123 1849 1246 1913 Datum
1262 1847 1366 1925 Bude‚
1392 1847 1474 1912 feria

336 1965 428 2025 sexta
444 1959 591 2042 proxima
617 1964 691 2021 ante
717 1956 908 2022 dominicam
925 1956 1123 2034 Palmarum,
1149 1977 1234 2020 anno
1257 1957 1381 2022 domini
1399 1955 1473 2022 Mil-

335 2069 447 2133 lesimo
463 2065 583 2134 OOCmo
599 2065 665 2130 L²¹¹⁰
682 2065 829 2131 secundo.
843 2064 912 2130 Nos
932 2065 1032 2148 igitur
1050 2119 1077 2132 ..
1102 2087 1166 2132 una
1183 2087 1256 2131 cum
1273 2066 1386 2130 eodem
1404 2064 1473 2131 Sa.»

320 2173 498 2259 phanone
515 2175 661 2242 Ohuklaz
679 2223 708 2237 ..
731 2171 864 2237 fratrem
880 2173 1018 2238 Petrum
1035 2177 1233 2241 sacerdotem
1252 2198 1355 2240 unum
1369 2195 1410 2238 ex
1421 2196 1472 2239 no-

335 2281 385 2346 bis
396 2281 437 2346 ad
448 2281 666 2364 exequendum
677 2281 834 2363 premissa
851 2330 858 2345 .
874 2332 880 2344 .
897 2280 1046 2346 duximus
1059 2284 1356 2362 transmittendum,
1368 2283 1473 2366 quide

336 2411 424 2454 mum
443 2439 471 2453 ..
494 2389 684 2466 retulerunt,
711 2389 796 2469 quod
820 2397 916 2471 prout
932 2391 993 2473 ipsi
1011 2413 1030 2456 a
1047 2391 1208 2456 nobilibus
1225 2397 1257 2455 et
1272 2391 1472 2474 ignobilibus

337 2519 375 2562 ac
399 2498 471 2564 aliis
497 2498 716 2562 communibus
741 2497 925 2562 homiuibus
950 2500 1120 2564 comitatus
1153 2500 1472 2578 Trenchinieusisa

337 2606 453 2689 quibus
470 2605 642 2690 expediens
660 2606 781 2684 fuisset,
807 2612 840 2670 et
856 2606 1039 2690 specialiter
1064 2628 1084 2670 a
1109 2606 1271 2673 nobilibus
1296 2607 1383 2672 dicte
1400 2607 1471 2671 ville

335 2712 449 2792 Deser,
475 2735 513 2778 ac
535 2714 646 2779 vicinis
663 2733 721 2778 nec
738 2735 800 2777 uon
817 2715 1044 2778 commetaneis
1061 2716 1204 2780 eiusdem
1220 2717 1302 2779 scire
1317 2722 1351 2780 et
1367 2715 1470 2798 inqui·

336 2841 406 2885 rere
424 2822 580 2886 veraciter
596 2822 784 2903 potuissent,
810 2821 893 2886 hanc
909 2819 949 2884 (16
965 2823 1128 2904 premissis
1154 2823 1321 2887 scivissent
1341 2873 1371 2886 ..
1395 2823 1469 2888 veri-

337 2934 448 3006 tatem,
476 2929 563 3010 quod
589 2951 661 2994 cum
685 2929 718 2992 in
742 2927 903 2993 dominica
918 2930 1064 3012 predicta
1088 2931 1220 3013 quidam
1245 2930 1470 2996 malefactores

335 3037 431 3120 vulgo
456 3038 590 3101 serencb
615 3037 702 3114 dicti,
728 3039 830 3102 noctis
856 3039 889 3101 in
916 3037 1046 3102 silencio
1072 3037 1114 3101 ad
1139 3038 1266 3101 domum
1292 3039 1469 3123 supradicti

335 3143 504 3210 Valentini
519 3143 558 3208 (16
574 3143 679 3207 Descr
695 3145 830 3210 armatis
842 3145 989 3210 manibus
1005 3147 1168 3222 venienda
1185 3145 1359 3212 confractis
1371 3149 1469 3230 portis

336 3251 432 3329 curie,
458 3251 591 3315 eandem
609 3252 739 3317 domum
756 3274 848 3317 suam
874 3273 1076 3317 concremare
1102 3254 1271 3336 ipsumque
1288 3255 1468 3320 interficere

335 3359 517 3435 voluisseut,
543 3358 626 3422 idem
652 3359 847 3425 Valentinus
868 3383 968 3425 unum
984 3381 1024 3424 ex
1040 3360 1168 3437 eisdem,
1194 3359 1318 3426 scilicet
1334 3362 1467 3427 Petrum

336 3467 534 3530 antedictum
552 3465 722 3531 officialem
739 3468 830 3532 Petri
847 3468 923 3532 dicti
941 3469 1056 3550 Vagus
1073 3468 1111 3532 de
1128 3468 1296 3552 Hornyan‚
1313 3470 1347 3532 in
1367 3477 1469 3535 suaet

310 3573 446 3640 domus
477 3594 533 3638 sue
564 3572 747 3639 defensione
778 3575 1010 3656 interfecisset3
1043 3575 1180 3640 eundem
1205 3577 1308 3642 eciam
1334 3577 1465 3641 malef-

334 3687 455 3746 ctorem
470 3681 565 3746 homo
581 3687 685 3745 vester
702 3703 739 3747 ac
756 3689 863 3746 noster
879 3683 912 3748 iu
929 3683 1055 3766 prelata
1071 3684 1166 3748 domo
1184 3683 1353 3750 Valentini
1364 3687 1466 3750 iacere

335 3789 538 3855 intersectum
560 3789 706 3855 occulata
731 3789 793 3854 fide
818 3791 1000 3855 retulerunt
1026 3813 1059 3854 se
1085 3791 1209 3856 vidisse.
1236 3792 1363 3858 Datum
1389 3791 1467 3856 feria

336 3897 450 3979 quinta
465 3899 498 3962 in
515 3897 604 3964 Oena
620 3896 750 3975 domini,
766 3919 851 3963 anno
868 3897 1010 3962 eiusdem
1029 3904 1206 3981 prenotato.

443 4061 573 4109 zar-lassu
587 4061 678 4122 pecset
691 4061 894 4125 t61·edekaivel;
917 4061 1048 4126 eredetije
1062 4077 1093 4111 az
1110 4077 1178 4110 orsz.
1193 4064 1223 4111 lt.
1238 4061 1338 4112 kiucst.
1353 4067 1417 4111 oszt.
1432 4062 1465 4110 N.

337 4151 370 4198 R.
384 4150 417 4198 A.
435 4155 509 4201 1598.
526 4157 566 4199 12.
581 4150 646 4212 dipl.
661 4156 728 4199 oszt.
743 4157 821 4200 4269.
836 4153 934 4201 Kdzli:
950 4152 1058 4200 Kovtcs
1072 4153 1104 4200 N.
