3180 5466
566 569 658 627 1352.
678 584 774 626 1111111.
792 568 823 628 ’7.
1182 569 1244 629 555

102 743 282 810 Ladisluus
298 745 383 810 filius
400 745 562 810 dohannie
578 744 637 810 filii
654 743 768 810 Kokas
785 748 817 810 in
844 747 955 828 vigilia
976 745 1055 810 dicti
1072 747 1145 811 festi
1163 747 1244 812 (lou-

101 854 265 936 cepcionis
282 854 375 920 beate
391 856 524 937 virginis
541 861 573 920 et
591 857 692 922 eciam
717 858 749 920 in
776 857 846 940 ipsa
863 855 944 920 feria
960 863 1051 921 sexta
1067 864 1141 920 ante
1159 857 1244 920 diem

104 961 334 1042 Streunarum,
352 965 459 1028 omnia
475 966 633 1047 premissa
650 985 707 1028 suo
723 963 818 1029 modo
834 966 1009 1046 irrogasset
1026 964 1162 1029 Nicolao
1179 964 1245 1028 filio

103 1067 246 1154 Georgii
263 1077 445 1153 prenotato,
462 1073 508 1136 ita
525 1072 680 1149 videlicet,
698 1071 782 1154 quod
809 1078 1015 1155 pretaxatam
1031 1073 1184 1137 domitam
1202 1073 1217 1136 f
1233 1107 1245 1118 ·

102 1200 178 1243 ram
195 1181 228 1244 in
246 1201 359 1264 campo
376 1201 448 1245 cum
476 1181 644 1263 pecoribus
673 1181 739 1245 suis
756 1180 997 1262 aggredientem
1016 1179 1246 1260 interficiendo,

103 1287 148 1349 ad
166 1286 289 1353 dictam
304 1289 538 1372 possessionem
558 1308 648 1357 suam
666 1288 780 1370 Dorog
796 1287 914 1352 deferri
939 1287 1074 1365 fecisset,
1090 1309 1246 1352 memora-

101 1403 178 1460 tum
195 1403 304 1461 autem
321 1419 420 1461 unum
437 1397 551 1462 bovem
569 1395 718 1462 similiter
745 1397 863 1462 ibidem
889 1419 947 1479 per
959 1399 1099 1478 sagittas
1116 1396 1246 1461 interfe-

101 1511 195 1568 ctum
214 1526 273 1588 per
289 1525 384 1572 canes
401 1527 474 1571 suos
491 1507 619 1572 fecisset
635 1505 790 1580 devorari,
816 1506 978 1588 predictos
1004 1527 1077 1568 vero
1094 1506 1174 1570 duos
1192 1505 1246 1568 bo·

104 1635 159 1677 ves
177 1613 323 1678 iamdicti
340 1613 469 1678 Nicolai
486 1613 544 1678 filii
561 1613 696 1696 Georgii
713 1613 747 1677 in
763 1615 835 1698 ipsa
850 1613 1049 1697 possessione
1066 1635 1124 1676 sua
1135 1614 1246 1696 Dorog

102 1719 142 1784 de
159 1720 348 1786 molendino
366 1721 506 1784 farinam
522 1720 674 1785 ducentes
691 1721 730 1785 de
748 1741 845 1786 curru
861 1721 1003 1785 eiusdem
1020 1719 1153 1785 aufferri
1170 1721 1246 1784 faci-

102 1828 197 1907 endo,
214 1829 321 1894 adbuc
346 1828 505 1892 detineret
526 1850 584 1892 sua
609 1829 742 1911 propria
767 1830 980 1909 auctoritate;
1007 1849 1086 1910 quos
1112 1829 1244 1911 quidem

101 1937 187 2000 duos
204 1936 301 2000 boves
319 1943 352 2001 et
367 1937 429 2020 ipsi
447 1938 478 2001 in
496 1935 608 2000 eadem
634 1939 832 2020 possessione
857 1936 969 2018 Dorog
1002 1935 1063 2001 fide
1092 1936 1246 2000 vidissent

101 2047 250 2126 oculata,
268 2051 299 2110 et
316 2051 352 2110 ut
368 2044 471 2109 dictus
490 2044 663 2110 Ladislaus
689 2051 835 2128 pretacta
855 2044 966 2109 oblata
991 2065 1029 2108 ac
1054 2045 1175 2110 factum
1193 2065 1245 2125 po·

102 2154 248 2218 tenciale
266 2153 427 2219 occultare
444 2152 574 2230 valeret,
592 2152 790 2236 sepedictum
807 2151 980 2216 Nicolaum
997 2174 1070 2217 oum
1082 2150 1246 2235 Stephano

102 2261 210 2326 fratre
230 2283 289 2325 suo
306 2261 452 2344 predicto
469 2261 569 2325 citare
595 2261 732 2337 fecisset,
758 2260 906 2326 similiter
932 2267 1037 2324 vestro
1062 2260 1191 2324 homine
1215 2265 1248 2324 et

104 2375 221 2433 nostro
237 2369 422 2434 testimonio
439 2368 664 2433 mediantibus
695 2367 818 2433 Datum
843 2367 925 2433 feria
942 2368 1083 2432 secunda
1098 2367 1245 2449 proxima

102 2483 179 2558 post
196 2475 391 2541 dominicam
408 2475 635 2554 Reminiscere,
652 2497 736 2540 anno
754 2474 874 2553 domini
890 2481 926 2541 ut
942 2499 1049 2559 supra.

216 2623 344 2687 Paplron,
358 2623 482 2672 zarlatan
497 2622 588 2686 pecstt
601 2622 777 2686 nyovnaiva13
797 2621 926 2683 credetije
940 2637 956 2672 a
970 2622 1198 2672 N.Muaeu1nbau

101 2728 143 2776 gr.
158 2712 283 2775 Bertnyi
302 2727 338 2761 cs.
352 2711 487 2762 ltaraban.

639 2948 712 3009 343.

103 3091 205 3152 1352.
225 3087 356 3168 dedr,
374 3099 468 3152 murt.
488 3091 515 3151 7.
534 3086 582 3151 Aa
599 3094 823 3176 cyrricc'carius
835 3090 1153 3175 kdlddttjcijclcutefst
1169 3101 1246 3153 tesz-

103 3198 167 3261 nelc
185 3197 289 3277 orrdl,
305 3198 387 3284 boqy
404 3197 477 3260 Bclc
493 3197 600 3261 Jduoc
625 3199 782 3283 lednpait,
808 3195 990 3274 Mikldsfia
1007 3197 1126 3261 Mittas
1144 3202 1174 3262 ds
1190 3221 1241 3260 ca-

104 3305 256 3387 nelcfiai,
274 3305 415 3371 Szlcdros
447 3315 527 3370 receti
552 3307 706 3369 birtolcbdl
731 3306 973 3392 faulty-tvequdc'
1001 3310 1030 3368 fs
1046 3307 1162 3368 bifbr‘rv'
1176 3308 1244 3370 illc-

324 3415 485 3498 tdsqurtks·e
503 3418 593 3476 ae'cce
611 3421 656 3477 uti
672 3415 785 3496 carfvlcu
801 3415 970 3500 cldqifottrflc
986 3415 1029 3478 lei.

218 3559 420 3640 ..magistro
446 3558 616 3623 Dominico
643 3558 805 3640 preposito
837 3557 969 3622 ecclesie
1000 3557 1087 3622 beati
1120 3556 1244 3623 Thome

103 3666 254 3733 martiris
286 3666 325 3730 de
357 3668 575 3749 promontorio
607 3663 820 3749 Strigoniensi
852 3666 1081 3747 vicarioque..
1114 3663 1244 3730 Nicolai

104 3775 346 3858 archiepiscopi
367 3772 600 3856 strigoniensis
625 3773 751 3856 locique
777 3772 920 3837 eiusdem
946 3771 1070 3836 comitis
1096 3774 1244 3856 perpetui

104 3886 140 3948 in
158 3881 385 3966 spiritualibus
403 3882 555 3966 generali,
572 3873 723 3948 Andreas
744 3883 893 3947 sacerdos
909 3882 948 3945 de
959 3878 1087 3946 (lumur
1097 3882 1245 3965 magistri

103 3991 131 4055 J
133 3991 272 4056 ohannis
304 3990 594 4056 vicearchidiaconi
621 3991 782 4073 provincie
809 3989 1044 4068 Gumuriensis,
1061 3989 1172 4056 Simon
1196 4012 1244 4056 sa-

105 4099 222 4164 cerdos
239 4099 278 4162 de
294 4099 367 4176 Ual,
384 4097 544 4181 Georgius
570 4099 716 4163 sacerdos
744 4100 783 4163 de
808 4097 944 4176 Dereslr,
961 4099 1124 4163 oraciones
1141 4099 1175 4162 in
1191 4099 1244 4164 do·

105 4211 197 4274 mino
234 4206 367 4272 debitas.
408 4207 537 4271 Literas
568 4212 672 4271 vestre
713 4206 966 4272 discrecionis..
1000 4207 1244 4289 suscepimus..

107 4314 231 4400 quibos
247 4313 396 4398 perlectis
413 4315 622 4398 percepimus,
649 4313 733 4396 quod
759 4314 969 4397 preciperatis
986 4315 1018 4377 in
1045 4314 1164 4378 octavis
1181 4315 1245 4378 diei

105 4423 267 4491 Oinerum
283 4422 324 4486 ad
341 4423 535 4506 particulam
559 4421 741 4506 porcionem
767 4422 1054 4504 possessionariam
1079 4421 1103 4487 J
1106 4421 1242 4486 ohannis

106 4531 190 4598 dicti
207 4529 280 4596 Balr
296 4530 330 4594 in
346 4531 545 4613 possessione
562 4528 682 4595 Scarus
709 4526 892 4612 (hlabitam,
916 4528 1002 4612 apud
1018 4551 1132 4594 manus
1148 4528 1244 4594 Nico·

106 4641 154 4704 lai
171 4637 233 4702 filii
249 4635 388 4715 Nicolai,
413 4637 560 4702 Ladislai
586 4637 677 4702 Petri
703 4643 734 4700 et
761 4635 919 4720 Stephani
938 4635 1078 4702 filiorum
1103 4637 1244 4702 eiusdem

107 4745 242 4813 Nicolai
269 4751 458 4830 occupatam
483 4751 515 4810 et
539 4741 749 4829 (hlabendam
775 4745 1007 4826 accederemus,
1025 4749 1057 4808 et
1072 4743 1172 4808 nobili
1189 4745 1242 4809 do-
