3188 5470
364 501 428 585 3d2
718 541 904 588 uusounoru
921 529 1136 589 ouutrrrla.

360 700 683 768 rescribatisDatum
694 703 834 782 Posouii,
844 706 945 770 tercio
956 705 1008 769 die
1018 705 1092 770 festi
1101 703 1254 788 Corporis
1264 705 1395 786 Christi,
1405 725 1495 771 anno

360 811 502 876 eiusdem
513 812 565 876 Μ0
580 809 700 876 OOO¹¹²⁰
710 810 814 876 XL¹²¹⁰
824 833 915 877 nono.
933 810 1058 896 Quibus
1067 813 1144 878 visis
1154 835 1227 879 cum
1237 813 1380 896 predicto
1390 815 1495 880 Petro

359 918 426 982 filio
442 918 553 1002 Egidii
570 967 576 982 .
592 969 600 985 .
618 918 776 985 Thomam
793 920 928 985 condam
944 923 1100 986 vicarium
1116 923 1239 987 socium
1254 929 1285 988 et
1300 924 1494 988 concanoni·
1582 985 1583 988 ,

359 1048 433 1093 cnm
443 1031 591 1090 nostrum
600 1027 642 1091 ad
651 1029 842 1110 premissum
860 1078 865 1091 .
883 1027 1090 1093 mandatum
1106 1029 1326 1110 exequendam
1342 1031 1493 1096 misimus
1582 1079 1583 1112 ,

358 1136 391 1199 in
408 1137 641 1217 testimonium3
666 1136 722 1223 qui
740 1136 870 1218 quidem
886 1137 1004 1202 Petrus
1021 1187 1027 1200 .
1045 1187 1052 1202 .
1067 1125 1180 1203 retulit
1194 1138 1297 1218 nobis,
1317 1139 1402 1222 quod
1419 1141 1493 1223 ipse

333 1301 336 1305 .
358 1245 409 1309 die
426 1245 586 1310 dominica
601 1245 749 1330 proxima
764 1250 841 1310 ante
856 1245 973 1310 festum
994 1246 1088 1312 beate
1103 1245 1292 1330 Margarete
1307 1249 1441 1330 virginis
1457 1255 1492 1313 et

357 1354 501 1418 martiris
517 1373 615 1437 super
631 1353 745 1419 faciem
762 1352 847 1418 dicte
863 1353 1071 1437 possessionis
1084 1353 1206 1420 Miseer
1223 1361 1333 1420 vocate
1349 1377 1492 1422 accesse-

357 1463 408 1544 rit,
424 1463 536 1527 vicinis
553 1468 585 1526 et
601 1462 828 1526 commetaneis
839 1462 995 1527 universis
1011 1462 1155 1546 legitime
1170 1463 1357 1529 convocatis-
1367 1471 1402 1529 et
1416 1485 1492 1547 pra-
1582 1463 1583 1540 ξ

356 1570 509 1650 sentibus,
525 1571 628 1654 ipsam
645 1571 876 1654 possessionem
895 1571 1016 1636 Miseer
1032 1593 1091 1656 per
1107 1593 1182 1638 suas
1207 1573 1358 1656 antiquas
1383 1579 1490 1638 metas

356 1684 389 1743 et
405 1699 496 1744 veras
513 1677 742 1743 reambulando
758 1685 794 1760 et¹
806 1699 903 1744 novas
919 1680 1003 1744 inter
1027 1685 1150 1745 veteres
1166 1680 1222 1744 ubi
1237 1701 1365 1746 necesse
1382 1680 1491 1747 luerat

356 1787 517 1871 erigendo,
527 1793 560 1852 et
569 1785 655 1870 qnod
665 1787 706 1852 ab
716 1787 853 1852 aliorum
863 1787 1115 1870 possessionibus
1125 1788 1237 1852 vicinis
1247 1788 1488 1872 distinguendo,

357 1895 461 1979 ipsam
487 1896 720 1978 possessiouem
745 1917 818 1961 oum
843 1897 999 1961 universis
1024 1895 1221 1961 utilitatibus
1247 1946 1277 1960 ..
1303 1897 1400 1962 titulo
1416 1920 1488 1981 pre-

355 2003 451 2068 misse
468 2011 570 2070 vestre
587 2024 667 2068 nove
683 2005 868 2070 donacionis
893 2005 954 2089 ipsi
979 2005 1088 2071 comiti
1113 2003 1138 2070 J
1139 2005 1238 2070 acobo
1254 2011 1287 2069 et
1302 2005 1370 2071 eius
1396 2007 1487 2070 here·

356 2109 449 2176 dibus
465 2113 634 2177 statuisset
648 2119 805 2197 perpetuo
821 2113 1055 2198 possidendam.
1079 2115 1170 2180 Mete
1191 2120 1300 2180 autem
1316 2115 1401 2180 dicte
1416 2135 1487 2199 pos-
1582 2105 1583 2156 l

354 2221 503 2284 sessionis
519 2220 579 2284 hoc
605 2221 715 2285 ordine
740 2221 1003 2304 distinguuntur:
1037 2223 1141 2306 primo
1167 2223 1200 2286 in
1226 2223 1367 2303 quadam
1393 2231 1482 2288 terra

354 2347 416 2409 que
432 2328 522 2392 curia
533 2329 624 2392 Petri
638 2328 766 2408 dicitnr,
775 2350 873 2413 penes
890 2329 1060 2394 brachium
1070 2329 1216 2394 Danubii
1230 2336 1305 2395 sunt
1315 2329 1378 2395 due
1392 2339 1484 2413 mete,
1582 2333 1583 2336 ’

355 2454 493 2515 quarum
512 2457 577 2500 una
601 2441 722 2500 terram
748 2437 833 2501 dicte
859 2437 932 2500 ville
957 2435 1088 2518 Miseer,
1113 2436 1240 2518 reliqua
1259 2457 1335 2502 vero
1360 2445 1481 2504 terram
1582 2515 1583 2532 χ

354 2543 480 2609 abbatis
509 2544 548 2608 de
567 2544 680 2610 Pilisio
706 2545 823 2612 Huech
850 2553 995 2611 vocatam
1021 2553 1152 2630 separat
1176 2551 1208 2610 et
1224 2547 1383 2631 seiungit,
1400 2555 1482 2632 post

352 2651 482 2716 modum
498 2653 585 2716 ultra
601 2659 677 2718 sunt
692 2654 859 2719 duodecim
875 2660 958 2720 mete
984 2660 1057 2738 post
1073 2654 1208 2720 invicem
1224 2655 1365 2720 iacentes
1382 2677 1481 2738 usque
1582 2659 1583 2670 ’

352 2757 393 2822 ad
411 2761 534 2822 terram
550 2758 696 2837 Turonis,
713 2759 768 2824 ubi
784 2765 860 2826 sunt
876 2759 938 2824 due
955 2767 1039 2824 mete
1055 2761 1237 2844 angulares,
1263 2783 1402 2845 quarum
1419 2786 1480 2830 una

351 2869 473 2930 terram
489 2865 574 2932 dicte
589 2869 797 2950 possessionis
813 2869 951 2952 Myscer,
976 2870 1040 2934 alia
1054 2890 1129 2934 vero
1155 2875 1276 2936 terram
1301 2873 1405 2955 ipsius
1422 2873 1479 2938 Ta·

351 2973 439 3038 renis
449 2973 613 3058 distingit3
629 2974 858 3041 dehinotendit
873 2998 982 3042 versus
993 2977 1160 3042 meridiem
1172 2984 1203 3042 et
1213 2985 1286 3063 post
1296 2980 1476 3063 hecparum
1582 3045 1583 3064 ,

352 3081 456 3146 eundo
490 3089 539 3146 est
568 3104 633 3148 una
658 3090 752 3166 meta,
777 3084 883 3150 adhuc
907 3085 1042 3150 ulterius
1068 3086 1175 3151 eundo
1201 3094 1276 3152 sunt
1300 3088 1363 3152 due
1389 3097 1476 3170 mete,
1582 3067 1583 3140 l

352 3209 489 3268 quarum
514 3211 578 3254 una
603 3196 652 3255 eet
677 3191 851 3275 angularis,
876 3213 938 3274 que
964 3200 1241 3276 separat·terram
1266 3197 1342 3261 ville
1363 3197 1473 3262 March

350 3319 370 3360 a
385 3303 475 3361 terra
490 3297 565 3362 ville
590 3299 728 3382 Myseer,
752 3299 798 3364 ita
818 3301 905 3383 quod
930 3301 1117 3384 aliqualiter
1142 3303 1248 3370 tendit
1272 3325 1384 3370 versus
1399 3308 1474 3371 occi·

351 3402 496 3486 dentem3
529 3405 634 3470 adhuc
665 3429 781 3490 parum
806 3409 911 3474 eundo
936 3417 1012 3476 sunt
1037 3409 1098 3475 due
1123 3419 1207 3478 mete
1232 3419 1419 3497 separantes
1440 3421 1474 3478 ut

349 3513 482 3595 priores,
498 3514 605 3580 adhuc
621 3514 708 3582 ultra
725 3517 840 3582 iterum
857 3518 928 3602 due,
944 3520 1021 3584 item
1037 3519 1154 3585 iterum
1171 3542 1236 3586 una
1251 3529 1339 3588 meta
1356 3525 1472 3587 noviter
1582 3587 1583 3592 ,

349 3625 459 3685 erecta
474 3620 561 3686 cirea
576 3643 673 3686 unam
698 3622 799 3688 latam
823 3625 916 3704 viam,
940 3647 1002 3710 que
1018 3627 1107 3692 ducit
1132 3649 1243 3694 versus
1268 3630 1471 3695 monticulum
1582 3709 1583 3712 Ἴ

348 3734 544 3808 persumet
568 3730 684 3794 iterum
710 3729 886 3796 reflectitur
911 3733 953 3798 ad
978 3733 1154 3814 meridiem,
1177 3735 1225 3801 ita
1251 3737 1338 3819 quod
1363 3737 1470 3802 dividit

349 3839 470 3899 terram
495 3835 569 3900 ville
593 3835 709 3902 Merch
737 3861 756 3902 a
777 3846 865 3905 terra
881 3839 954 3906 ville
970 3841 1118 3925 Myseer3
1143 3843 1259 3908 deinde
1275 3845 1470 3928 procedendo
1582 3869 1583 3892 ÷

348 3961 482 4024 parvum
499 3943 586 4008 ultra
602 3951 678 4009 suut
694 3946 757 4011 due
773 3953 866 4027 mete,
883 3955 915 4013 et
931 3951 1033 4033 magis
1049 3951 1137 4016 ultra
1153 3952 1270 4017 iterum
1287 3953 1350 4020 due
1366 3973 1470 4018 versus
1582 3969 1583 3998 l

347 4049 532 4131 meridiem,
564 4051 681 4116 dehinc
715 4053 849 4120 ulterius
875 4057 1078 4140 proceditur,
1110 4065 1143 4123 et
1168 4081 1265 4142 penes
1290 4063 1375 4126 riam
1408 4080 1469 4141 que
1582 4037 1583 4088 Ῑ

347 4154 438 4220 ducit
453 4178 564 4222 versus
580 4159 689 4225 villam
705 4161 829 4244 Meroh,
853 4170 930 4228 sunt
946 4164 1008 4229 dne
1025 4172 1108 4231 mete
1125 4173 1315 4248 separantes
1341 4175 1376 4233 ut
1389 4168 1470 4251 prio-

347 4283 407 4345 res,
424 4269 456 4328 et
471 4265 608 4331 tendunt
623 4267 666 4332 ad
681 4267 780 4333 aliam
796 4271 898 4353 viam3
914 4272 1020 4338 adhuc
1036 4273 1172 4340 ulterius
1199 4275 1305 4341 eundo
1321 4283 1393 4342 sunt
1406 4275 1469 4339 due

346 4378 438 4454 mete,
455 4371 560 4438 adhuc
576 4375 663 4440 ultra
679 4378 863 4459 pervenitur
879 4379 921 4443 ad
937 4385 1002 4446 tres
1018 4389 1129 4459 metas,
1155 4403 1293 4464 quarum
1319 4405 1382 4448 nna
1396 4381 1469 4446 ville
1582 4375 1583 4440 ἒ

345 4478 484 4562 Myseer,
501 4484 641 4548 secunda
658 4484 731 4549 villo
747 4485 848 4564 Mero,
864 4489 966 4553 tercia
990 4489 1065 4554 ville
1081 4491 1238 4571 Tharchz,
1264 4499 1298 4557 et
1313 4492 1410 4558 tendit
1423 4489 1467 4554 sd
1582 4515 1583 4560 1

345 4587 430 4652 viam
445 4611 507 4670 que
523 4589 612 4655 ducit
627 4593 862 4671 versusvillam
879 4596 1036 4675 Tharoha,
1053 4620 1150 4681 quam
1166 4599 1298 4682 qiudem
1313 4601 1394 4665 viam
1411 4601 1469 4663 ho·
1582 4603 1583 4606 ’

344 4696 446 4761 mines
463 4695 547 4762 dicte
564 4698 637 4764 ville
663 4701 788 4767 Tarchz
813 4725 1012 4771 communem
1037 4727 1106 4772 esse
1122 4709 1343 4791 astrixisscnt;
1366 4708 1469 4772 adhuc
