3138 5462
349 517 412 578 126
699 530 885 579 auronaoxr
901 519 1116 580 oxulurrlu.

346 693 490 773 equaciis
518 694 688 776 mancipiis
715 699 749 759 et
773 694 870 758 rebus
896 700 1033 778 epatre
1060 716 1171 759 eorum
1198 695 1370 777 derelictis,
1394 715 1484 760 nunc
1563 733 1564 746 κ

346 801 434 883 apud
460 801 599 866 eundem
623 803 816 885 magistrum
832 802 1015 867 Martiuum
1034 809 1071 868 ut
1087 800 1185 868 iidem
1201 803 1332 868 Berend
1348 811 1381 868 et
1398 802 1486 870 Gre-
1563 801 1564 880 ξ

345 911 454 992 gorius
471 909 622 974 dicebant
645 909 767 975 habitis
784 915 817 975 et
833 910 1055 992 existentibus,
1081 911 1224 995 exceptis
1250 910 1349 975 rebus
1375 910 1485 976 solum
1563 971 1564 974 ,

345 1039 404 1100 per
420 1019 526 1101 ipsum
542 1018 736 1101 magistrum
752 1017 935 1082 Martinum
961 1019 1093 1100 propria
1110 1039 1170 1082 sua
1190 1017 1353 1082 industria
1368 1019 1485 1098 acqui·
1563 1053 1564 1064 κ

345 1127 425 1208 sitis,
442 1129 626 1208 porcionem
641 1124 813 1190 iudiciario
830 1125 942 1190 ordine
956 1128 1127 1207 'requirere
1143 1127 1273 1205 vellent,
1290 1132 1328 1190 ut
1344 1147 1479 1208 expres·
1563 1127 1564 1134 '

344 1240 466 1313 serant,
493 1235 580 1299 facta
605 1233 695 1298 finali
715 1234 801 1299 dicte
831 1235 1083 1316 possessionarie
1114 1234 1280 1299 divisionis
1306 1233 1481 1312 decisione,

346 1341 482 1407 liberam
507 1341 698 1423 acquirendi
723 1340 800 1405 dum
824 1341 945 1406 vellent
970 1348 1002 1406 et
1027 1341 1173 1406 valerent
1196 1343 1357 1407 haberent
1381 1341 1484 1406 facul·

348 1456 458 1514 tatem.
483 1448 630 1514 Tandem
656 1449 734 1532 ipsis
760 1450 881 1513 octaris
906 1448 980 1514 festi
1005 1447 1199 1513 Natiuitatis
1226 1447 1321 1513 beate
1345 1449 1484 1530 virginis
1563 1419 1564 1470 l

347 1556 599 1633 occurrentibus,
616 1577 674 1638 pro
691 1555 777 1620 dicto
793 1557 948 1638 magistro
965 1555 1111 1621 Martino
1127 1555 1194 1620 filio
1209 1555 1340 1620 Berend
1357 1556 1484 1620 Paulus

346 1665 432 1732 filius
458 1663 600 1731 Gerardi
617 1715 624 1728 .
641 1715 648 1729 .
666 1665 706 1730 ub
732 1687 806 1744 uua,
831 1671 864 1730 et
879 1666 983 1730 dictus
1008 1667 1164 1748 magister
1190 1663 1371 1748 Gregorius
1395 1662 1483 1728 filius

347 1775 490 1840 eiusdem
506 1773 636 1840 Berend
652 1774 875 1857 personaliter,
899 1795 959 1857 pro
975 1773 1121 1858 predicto
1146 1795 1222 1838 vero
1246 1774 1404 1856 magistro
1420 1773 1484 1838 Be·
1563 1817 1564 1864 ,

347 1882 428 1947 rend
454 1882 558 1947 fratre
583 1881 726 1946 eiusdem
758 1882 886 1946 uterino
913 1881 1108 1946 Franciscus
1139 1881 1226 1947 filius
1252 1881 1417 1946 Dominici
1444 1881 1483 1944 de

348 1989 585 2054 Donisinauech
602 2039 608 2052 .
626 2039 632 2052 .
649 1995 741 2072 parte
769 2005 809 2052 ex
828 1989 933 2053 altera
958 1989 1001 2054 ad
1026 1996 1170 2054 nostram
1196 1989 1386 2054 accedentes
1412 2010 1484 2071 pre·
1563 2043 1564 2068 ,

350 2099 500 2180 sanciam,
516 2099 630 2162 literas
646 2098 818 2180 prescripti
839 2097 973 2178 capituli
990 2098 1121 2163 ecclesie
1137 2097 1297 2162 Budensis
1314 2098 1484 2162 memoria-

348 2207 425 2272 liter
441 2205 600 2272 confectas
619 2212 728 2270 nostro
745 2205 915 2270 iudiciario
932 2207 1073 2270 examini
1090 2206 1365 2282 demonstrarunt,
1382 2207 1483 2269 conti·

350 2322 466 2381 nentes
483 2315 612 2394 seriose,
629 2313 715 2395 quod
730 2317 836 2396 ipsum
852 2315 1034 2398 capitulum
1050 2314 1202 2379 Budense
1222 2317 1361 2398 receptis
1377 2316 1483 2380 literis

350 2427 468 2490 nostris
487 2422 728 2488 memorialibus
754 2429 862 2487 nostre
889 2423 1058 2488 iudiciarie
1084 2423 1330 2488 deliberacionis
1350 2423 1482 2487 modum

349 2541 382 2598 et
412 2533 550 2597 formam
582 2528 835 2613 exprimentibus
861 2579 890 2594 ..
916 2529 1069 2612 perlectis
1099 2537 1131 2594 et
1161 2530 1335 2596 intellectis
1361 2552 1480 2595 ..cunr

349 2639 470 2723 Egidio
485 2637 553 2702 filio
563 2637 727 2702 Dominici
741 2637 871 2701 homine
887 2638 976 2720 regie
992 2638 1174 2703 maiestatis
1191 2641 1223 2703 in
1240 2640 1323 2704 serie
1339 2637 1480 2702 aliarum

284 2821 285 2824 Ἴ
351 2749 521 2812 literarum
538 2753 722 2812 nostrarum
733 2746 811 2828 ipsis
822 2746 1066 2824 destinatarum,
1083 2747 1215 2812 absente
1226 2747 1394 2830 Stephano
1411 2747 1479 2810 filio

349 2857 511 2921 lobannis
527 2855 586 2919 filii
601 2854 763 2918 Lotherth
780 2855 837 2935 qui
852 2854 943 2938 prius
959 2855 992 2917 iu
1008 2854 1112 2919 literis
1129 2857 1219 2936 prius
1234 2856 1421 2918 memoratis
1439 2853 1479 2918 ad

349 2965 409 3028 hoc
424 2965 597 3046 deputatus
613 2963 762 3027 similiter
778 2982 836 3042 pro
852 2962 981 3027 homine
1006 2964 1095 3044 regio
1111 2961 1233 3040 fuisset,
1258 2965 1343 3026 utin
1361 2961 1482 3026 eisdem

350 3072 569 3136 contineretur
595 3069 637 3134 ad
662 3070 722 3134 hoc
738 3068 903 3152 deputate,
934 3069 1078 3151 ipsorum
1106 3070 1250 3134 homines
1277 3118 1306 3134 ..
1332 3067 1484 3133 videlicet

350 3180 523 3262 magistros
539 3175 737 3243 Michaelem
757 3175 922 3240 custodem
947 3177 1069 3240 socium
1086 3181 1118 3240 et
1134 3176 1384 3240 concanonicum
1400 3177 1484 3258 ipso-

350 3308 424 3351 rum
448 3307 487 3350 ac
511 3285 669 3351 Thomam
693 3291 914 3349 succentorem
938 3283 1071 3349 ecclesie
1097 3305 1209 3348 eorum
1230 3289 1412 3366 prenotate,
1439 3283 1483 3348 ad

351 3394 635 3484 possessioneriam
651 3391 839 3456 divisionem
855 3393 940 3456 inter
956 3392 1128 3475 magistros
1144 3391 1336 3468 Martinam,
1352 3390 1485 3456 Berend

351 3511 384 3568 et
400 3502 595 3586 Gregorium
612 3501 694 3566 filios
704 3501 833 3566 Berend
844 3503 936 3565 iuxta
946 3503 1063 3566 seriem
1079 3501 1301 3585 predictarum
1310 3500 1485 3565 literarum

351 3620 535 3678 nostrarum
561 3608 741 3676 faciendam
757 3615 794 3673 ut
809 3608 895 3673 inira
921 3609 1106 3674 declaretur
1131 3630 1189 3692 pro
1214 3609 1410 3674 testimoniis
1427 3605 1485 3670 du·

351 3721 472 3784 xissent
495 3716 721 3810 destinandos3
745 3716 801 3798 qui
825 3714 953 3779 demum
970 3765 999 3780 ..
1026 3715 1221 3797 retulissent,
1246 3715 1333 3796 quod
1360 3738 1399 3779 ea
1422 3736 1485 3796 que

352 3829 383 3890 iu
411 3825 582 3910 sepedictis
607 3824 710 3890 literis
735 3824 855 3888 nostris
881 3824 1139 3906 continerentur,
1165 3822 1304 3887 fideliter
1331 3825 1486 3904 prosequi

353 3933 502 4011 volentes,
519 3933 551 3996 in
568 3933 689 3996 octavis
705 3931 779 3996 festi
789 3930 876 3995 beati
887 3929 911 3996 J
913 3930 1004 3995 acobi
1015 3931 1153 4012 apostoli
1170 3931 1315 4012 proxime
1331 3931 1484 4012 preteriti

352 4063 410 4123 per
426 4063 483 4105 uos
500 4027 542 4106 ad
558 4041 619 4105 hoc
634 4059 693 4122 pro
718 4040 856 4104 termino
882 4039 1055 4121 assignatis
1081 4044 1113 4102 et
1138 4037 1210 4102 aliis
1237 4037 1350 4104 diebus
1376 4038 1486 4103 subse·

353 4149 526 4230 quentibus
543 4149 584 4213 ad
595 4149 655 4213 hoc
664 4149 750 4231 aptis
761 4153 793 4211 et
802 4147 1001 4230 opportunis,
1018 4149 1122 4230 primo
1133 4146 1299 4212 adfaciem
1315 4147 1485 4212 cuiusdam

353 4259 561 4340 possessionis
577 4256 795 4339 predictorum
822 4255 962 4320 filiorum
986 4255 1116 4320 Berend
1142 4253 1238 4320 Acha
1262 4261 1374 4320 vocate
1400 4257 1487 4338 ipsos

353 4366 544 4431 hereditarii
560 4365 640 4429 iuris
657 4366 852 4429 successorio
878 4363 1103 4446 contingentis,
1125 4367 1158 4426 ct
1182 4362 1310 4426 demum
1326 4363 1368 4426 ad
1386 4362 1487 4426 facies

354 4475 492 4538 aliarum
508 4473 743 4557 possessionum
760 4473 945 4537 eorumdem
970 4470 1242 4536 hereditariarum
1267 4470 1487 4550 acquisiticia·

353 4603 426 4645 rum
452 4589 485 4646 et
509 4583 648 4647 aliarum
679 4581 815 4646 ubilibet
845 4581 1030 4646 habitarum
1057 4586 1089 4643 et
1114 4579 1325 4643 existencium
1356 4601 1396 4644 ac
1426 4601 1487 4662 per

355 4709 579 4772 quemcunque
596 4692 738 4771 ipsorum
765 4691 999 4770 acquisitarum
1026 4694 1059 4752 et
1084 4689 1298 4766 inventarum,
1322 4688 1437 4752 vicinis
1455 4695 1488 4752 et
