3188 5470
527 489 621 556 1349.
639 505 711 556 nov.
731 491 782 555 26.
1141 489 1218 557 339·

183 671 338 739 Hatlapje'rn
359 689 435 724 verea
449 675 561 724 viasaba
573 677 703 735 nyomott
725 675 828 736 gyarus
841 670 980 738 peccettel,
1000 675 1074 736 mely
1097 675 1168 724 alatt
1191 687 1206 722 e

82 767 177 815 szavalr
190 765 373 816 olvashatbk:
389 764 507 814 »relacio
519 763 643 812 Ladislai
657 764 759 812 Soura«
773 761 914 825 Eredatije
934 778 950 812 a
972 763 1006 812 N.
1020 765 1207 814 Muzcumban

82 857 203 908 asovan·
215 855 282 905 Saos
295 870 331 904 cs.
341 854 478 904 lttrdban.
493 853 637 919 Ugyanott
649 867 766 918 megvan
775 853 891 902 haaonlo
902 853 1016 902 kelettel
1028 868 1045 902 a
1058 854 1208 917 kirtlynak

82 965 108 998 az
120 949 219 1012 orszag
232 949 321 995 bsszes
333 944 535 1010 hatosdgaihcz
557 943 676 994 intezctt
687 957 830 1008 parancsa,
850 944 925 1008 hogy
947 945 1073 994 Komlbsi
1084 945 1135 994 Par
1148 945 1208 994 dol-

83 1040 166 1103 gaban
178 1039 278 1088 Iatrdn
290 1039 407 1100 herozeg
419 1035 609 1098 parancstnak
620 1033 937 1100 engedelmeskedjenck.

565 1233 723 1242 ..--—-—-.

608 1401 679 1461 196.

85 1563 174 1624 1349.
193 1560 302 1638 Barda,
313 1582 379 1622 aon.
391 1561 442 1622 26.
461 1560 488 1622 I.
503 1562 596 1644 Lajoc
612 1557 721 1644 hardly
734 1558 869 1642 Gclqo'ca
879 1563 996 1623 cci-rats
1014 1560 1209 1639 rartoze'hait,

85 1674 161 1736 aaa
189 1670 382 1748 Mikldoualc,
408 1668 851 1754 Nyilra-Vas·Soprcn-Bara
875 1671 906 1732 a's
939 1668 1065 1734 Varnad
1089 1675 1211 1732 adrace-

134 1779 218 1864 glye‘lc
226 1777 461 1863 fdiapdajdaak
478 1780 508 1840 a‘s
524 1776 711 1840 testadre‘aelc
728 1777 892 1840 Ldlcdsaelc
909 1777 1147 1860 udomdayozza.

187 1957 259 2024 Nos
275 1958 455 2023 Lodoricus
473 2009 478 2020 .
496 2007 502 2020 .
522 1977 579 2021 rex
596 2005 602 2019 .
620 2009 626 2020 .
643 1955 861 2040 significamus
879 2009 885 2022 .
903 2007 909 2020 .
927 1957 1012 2040 quod
1031 1977 1090 2022 nos
1106 1961 1206 2021 atten-

82 2067 192 2130 dentes
208 2066 456 2130 immensissima
474 2065 608 2129 servicia
625 2071 658 2128 et
672 2063 838 2129 fidelitatis
863 2064 1083 2130 constanciam
1110 2065 1210 2148 magi-

81 2176 137 2239 stri
154 2173 287 2238 Nicolai
311 2173 370 2237 filii
386 2173 550 2256 quondam
574 2173 724 2255 magistri
749 2172 922 2237 Laurencii
949 2172 1048 2238 sclavi
1063 2174 1212 2257 magistri

80 2283 205 2348 scilicet
220 2282 448 2366 pincernarum
463 2287 655 2361 nostrorum,
674 2281 799 2347 comitis
815 2281 991 2346 Nitriensis
1007 2280 1214 2346 Oastrilerrei

36 2403 39 2408 ’
80 2399 110 2455 et
126 2389 369 2474 Supruniensis,
394 2389 576 2453 Borsiensis
602 2410 640 2452 ac
665 2387 915 2470 Worosdiensis,
932 2387 1042 2452 dilecti
1058 2395 1091 2452 et
1106 2388 1212 2454 fidelis

79 2499 192 2577 nostri,
210 2496 326 2579 quibus
336 2497 421 2561 idem
437 2503 547 2562 nostre
562 2497 727 2561 maiestati
743 2496 951 2562 laudabiliter
961 2517 981 2560 a
991 2502 1059 2560 toto
1069 2502 1214 2582 tempore

83 2629 137 2671 sue
153 2605 299 2690 puericie
324 2604 474 2669 continue
499 2610 533 2668 et
557 2605 626 2668 sine
651 2604 887 2669 intermissione
911 2604 1007 2668 lateri
1032 2611 1143 2668 nostro
1159 2605 1215 2669 ad-

80 2713 224 2778 herendo
240 2711 465 2794 multipliciter
491 2711 615 2776 studuit
639 2712 847 2795 complacere,
872 2731 934 2795 que
953 2713 1061 2776 omnia
1075 2712 1152 2778 licet
1166 2734 1215 2777 re-

81 2820 365 2886 commendacione
396 2819 494 2902 digna
519 2827 650 2903 propter
674 2819 831 2884 tediosam
856 2821 968 2904 scripti
993 2821 1215 2904 prolixitatem

79 2951 281 3012 nequeamus
307 2949 365 2992 suo
390 2927 485 2991 modo
519 2949 681 3009 enarrare,
707 2949 746 2992 ea
771 2935 879 2994 tamen
905 2948 967 3010 que
992 2929 1080 2993 cordi
1106 2935 1216 2994 nostro

79 3040 231 3104 striccius
248 3036 399 3117 insident,
415 3036 449 3099 in
464 3035 555 3100 cuius
571 3041 604 3100 et
620 3056 840 3100 successorum
865 3058 996 3101 suorum
1021 3057 1216 3102 recommen-

77 3146 223 3210 dabilem
248 3145 436 3208 memoriam
468 3143 598 3208 silencio
630 3143 779 3208 nolumus
810 3145 1017 3226 pertransire,
1042 3144 1119 3227 quia
1144 3165 1216 3209 cnm

77 3252 301 3320 miserabilem
327 3250 489 3332 quondam
506 3251 766 3316 excellentissimi
782 3253 936 3335 principis
953 3250 1217 3316 dominiAndree

76 3361 271 3426 Jerusalem
298 3366 330 3424 et
346 3358 464 3443 Sycilie
480 3359 566 3442 regis
591 3359 701 3424 fratris
718 3361 820 3423 nostri
845 3359 1007 3423 karissimi
1024 3381 1130 3424 necem
1150 3359 1217 3424 sere

76 3469 231 3535 omnibus
249 3467 424 3532 christiane
440 3465 515 3531 fidei
531 3466 709 3532 cultoribus
725 3471 876 3549 patenter
892 3472 1001 3530 notam
1018 3474 1051 3531 et
1075 3468 1217 3532 eiusdem

76 3579 194 3643 fratris
211 3575 316 3640 nostri
331 3581 467 3640 mortem
487 3584 631 3642 nostrum
657 3596 712 3640 cor
736 3574 892 3639 indicibili
919 3575 1136 3640 amaritudine
1152 3597 1217 3640 am·

77 3687 290 3770 plectentem,
321 3684 373 3748 dei
405 3684 565 3748 adiutorio
596 3683 758 3748 mediante
793 3681 956 3746 vindicare
987 3682 1218 3762 debuissemus,

75 3797 190 3878 ipsum
217 3793 412 3875 magistrum
436 3792 609 3858 Nicolaum
634 3792 716 3857 bone
744 3793 861 3856 indolis
887 3795 919 3856 et
943 3791 1117 3857 laudabilis
1142 3814 1219 3876 pru-

76 3903 197 3968 dencie
214 3901 370 3978 iuvenem,
386 3901 521 3966 militem
538 3901 612 3966 aule
628 3895 746 3977 n'ostre,
763 3900 854 3964 nobis
880 3900 992 3980 utique
1017 3899 1170 3964 dilectum
1187 3907 1220 3964 et

72 4011 222 4090 fidelem,
239 4008 281 4072 ad
299 4007 529 4073 vindicandum
544 4010 646 4092 ipsius
663 4008 772 4073 fratris
788 4009 891 4072 nostri
916 4007 1105 4089 sanguinem
1130 4008 1219 4072 inno·

73 4121 171 4183 nium
189 4137 283 4182 suam
308 4115 475 4198 propriam
491 4117 740 4200 snpplicatiram
766 4115 808 4178 ad
833 4116 1098 4180 ammonicionem
1115 4121 1220 4180 trans·

73 4227 241 4308 misimus,
257 4224 314 4305 qui
330 4245 450 4307 magna
466 4231 499 4288 et
515 4225 651 4289 honesta
675 4223 884 4288 familiarium
902 4245 975 4288 cum
988 4222 1172 4288 commitiva
1186 4223 1221 4286 in

71 4355 221 4419 regnum
238 4332 358 4418 Sycilie
374 4335 537 4416 quondam
553 4334 631 4400 dicti
646 4333 758 4399 fratris
774 4333 876 4397 nostri
892 4333 989 4398 celeri
1004 4354 1134 4416 egressu
1151 4355 1221 4417 per-

71 4445 222 4524 veniens,
239 4448 349 4507 totum
373 4444 474 4526 ipsius
500 4444 591 4526 regni
608 4441 726 4526 Sycilie
746 4448 876 4523 statum,
893 4441 1095 4506 humanitate
1114 4447 1222 4505 suaet

75 4552 287 4616 discrecione
304 4552 437 4634 propria
452 4552 611 4616 continuis
628 4551 804 4634 preliorum
830 4549 1047 4632 aggressibus,
1063 4548 1222 4632 proximo-

72 4681 223 4742 rumque
256 4666 289 4722 et
320 4659 529 4722 servieucium
563 4679 691 4723 suorum
733 4657 890 4721 bonorum
930 4656 1222 4728 interemcionibus‚

1065 4782 1114 4834 aa*
