3192 5466
697 463 882 513 nuruunonr
900 444 1114 512 onulnrrlu.
1201 439 1205 446 ’

871 725 943 785 129.

342 883 436 948 1348.
453 885 516 946 dee.
532 883 562 948 8.
591 879 619 945 A
637 884 768 946 curvari
783 881 940 966 triptotum
957 881 1028 946 elea
1054 879 1126 944 Cee'i
1144 877 1291 944 Coermok
1308 877 1432 942 tritta
1449 879 1480 940 a

345 989 488 1054 (lettard
495 990 571 1071 fiai,
598 989 689 1072 addis]
697 987 786 1074 folyt
796 988 938 1074 pereiket
954 989 1188 1073 meyszttntett'lt,
1214 986 1413 1052 birtoltailcat
1428 985 1479 1047 ke't

393 1101 494 1161 re‘szre
510 1098 627 1182 osztjctlc
642 1121 658 1162 s
672 1122 693 1161 a
709 1097 913 1181 tardrjezeket
928 1122 949 1161 a
965 1097 1123 1182 lrcr'ptalau
1140 1097 1209 1160 eldtt
1224 1094 1416 1180 elmondjctlc.

447 1259 517 1325 Nos
528 1261 707 1343 capitulum
728 1260 862 1325 ecclesie
872 1258 1078 1325 Castrilerrei
1097 1259 1250 1324 memorie
1270 1255 1477 1323 oommenda-

341 1363 1479 1450 mus,quodNioolausdiotusCermokfiliusOermorkdeOhouabuna,

340 1478 416 1541 item
432 1475 588 1540 Nioolaus
604 1481 636 1540 et
655 1473 680 1539 J
681 1475 823 1540 ohannes
840 1474 898 1540 filii
909 1472 1075 1541 Guthardi
1092 1474 1242 1540 similiter
1258 1472 1298 1538 de
1308 1471 1405 1538 Ohou
1421 1491 1479 1554 pro

340 1607 373 1651 se
390 1591 423 1649 et
439 1606 498 1668 pro
514 1584 661 1650 Dionisio
678 1589 712 1648 et
727 1583 831 1648 Paulo
855 1583 1011 1650 fratribus
1036 1585 1179 1668 ipsorum
1199 1589 1292 1667 parte
1311 1581 1354 1646 ab
1371 1579 1478 1644 altera

338 1713 447 1758 eoram
462 1692 554 1756 nobis
581 1691 805 1774 comparando,
829 1692 982 1756 dixerunt
999 1743 1005 1756 .
1023 1745 1029 1756 .
1045 1699 1082 1757 ut
1098 1693 1175 1772 quia
1190 1692 1303 1756 literas
1328 1692 1476 1774 ipsorum

337 1801 541 1865 divisionales
552 1799 761 1883 perdiderint,
771 1800 930 1864 universis
940 1801 1061 1865 causis.
1078 1799 1249 1884 usquead
1259 1799 1319 1864 hec
1329 1806 1478 1882 tempora

336 1908 455 1973 habitis
472 1909 557 1972 inter
584 1915 693 1991 partes
710 1907 837 1990 penitus
854 1907 966 1992 sopitis
983 1957 990 1972 .
1006 1959 1013 1974 .
1030 1907 1224 1989 literisque.
1242 1957 1248 1971 .
1265 1907 1448 1972 universis.
1470 1953 1477 1965 .

339 2023 452 2081 eontra
477 2037 511 2080 se
536 2015 671 2080 invicem
696 2017 855 2080 emanatis
882 2025 894 2080 .'
915 2068 921 2081 .
946 2015 1068 2081 viribus
1099 2017 1274 2080 carituris.
1301 2015 1475 2091 .redditis,

340 2125 573 2206 composicione
599 2123 772 2207 proborum
797 2122 954 2188 nobilium
980 2122 1146 2188 hominum
1171 2123 1449 2188 concordassent.

337 2252 374 2296 eo
390 2231 493 2309 ruodo,
509 2232 595 2295 utin
612 2231 820 2315 infrascripta
835 2231 990 2318 divisione
1005 2231 1257 2314 possessionaria
1273 2230 1381 2296 forent
1398 2253 1468 2295 con·

337 2340 419 2404 tenti
434 2341 590 2422 premissa
604 2341 741 2419 racione,
757 2339 972 2416 itavidelioet,
984 2338 1069 2422 quod
1086 2339 1191 2422 prima
1206 2345 1293 2404 meta
1309 2339 1469 2422 inciperet
1593 2341 1594 2378 l

338 2448 428 2512 iuxta
444 2455 545 2513 metas
562 2455 648 2512 terre
663 2448 815 2532 Kyspoth
832 2455 864 2513 et
880 2448 1132 2532 progrederetur
1147 2469 1257 2512 versus
1283 2448 1469 2528 aquilonem

338 2556 429 2620 iuxta
445 2556 607 2636 quoddam
633 2562 762 2639 pratum
780 2557 811 2620 in
829 2555 1027 2622 diverticulis
1051 2561 1138 2620 terre
1162 2554 1295 2620 arabilis
1321 2555 1365 2619 ad
1391 2555 1471 2620 occi-

338 2665 468 2730 dentem
499 2665 651 2747 predictis
682 2665 757 2730 filiis
789 2663 961 2746 Gothardi,
994 2665 1130 2748 ipsaque
1154 2670 1245 2740 terra
1269 2663 1406 2730 arabilis
1431 2664 1472 2728 ad

339 2775 496 2838 orientem
512 2773 597 2838 dioto
613 2772 750 2839 Nicolao
767 2773 853 2838 dioto
870 2771 1008 2838 Oermolr
1025 2778 1216 2851 remaneret,
1233 2779 1266 2837 et
1281 2773 1374 2836 iuxta
1391 2773 1474 2837 idem

338 2887 469 2964 pratum
485 2881 667 2964 perveniret
692 2881 734 2945 ad
759 2903 857 2945 unum
877 2879 1033 2946 fossatum
1050 2880 1104 2944 ubi
1121 2901 1179 2962 per
1196 2881 1302 2964 ipsum
1318 2879 1476 2945 fossatum

341 2989 464 3053 dietum
478 2993 610 3072 pratum
626 2987 756 3054 salieret
772 2987 812 3052 ad
829 2985 1025 3053 occidentem
1043 2988 1085 3052 ad
1106 3009 1205 3052 unam
1221 2988 1305 3052 viam
1324 2987 1367 3052 ad
1384 2989 1477 3052 meri-

339 3096 423 3161 diem
449 3097 584 3180 prefatis
614 3097 690 3162 filiis
716 3093 887 3176 eunardi,
914 3097 1013 3162 etad
1038 3096 1223 3180 aquilonem
1248 3097 1310 3180 ipsi
1336 3097 1474 3164 Nicolao

341 3203 426 3271 dioto
442 3204 581 3272 Cermok
591 3204 830 3288 distingentem,
846 3205 952 3270 adhuc
961 3205 1052 3269 iuxta
1062 3204 1146 3270 idem
1157 3211 1288 3288 pratum
1299 3206 1475 3271 transierat

342 3312 383 3377 ad
399 3313 592 3396 aquilonem,
608 3312 664 3377 ubi
680 3315 786 3397 ipsum
803 3319 933 3398 pratum
950 3312 991 3378 ad
1007 3314 1163 3378 orientem
1179 3313 1325 3398 predicto
1338 3313 1477 3379 Nioolao

342 3421 428 3487 dioto
446 3418 594 3499 (lermolr,
610 3427 763 3505 terraque
779 3421 913 3486 arabilis
940 3423 981 3486 ad
1006 3420 1202 3486 occidentem
1227 3420 1386 3505 predictis
1403 3421 1476 3486 filiis

340 3528 502 3596 (lethardi
527 3535 719 3607 remaneret,
745 3529 790 3594 ibi
817 3527 872 3594 ubi
898 3530 1080 3614 perveniret
1104 3529 1146 3594 ad
1172 3551 1271 3594 unum
1298 3529 1475 3613 virgultum

341 3635 580 3721 Oermolrberlry
596 3642 753 3714 vocatum,
768 3637 860 3701 iuxta
876 3637 960 3702 idem
985 3637 1162 3720 virgultum
1186 3639 1219 3701 in
1245 3640 1477 3704 concavacione

341 3766 423 3828 aque
439 3752 583 3830 tempore
594 3743 727 3828 pluviali
740 3765 870 3829 aquosa,
887 3743 1053 3810 deficiente
1064 3766 1137 3810 vero
1148 3746 1243 3824 sicea,
1260 3744 1302 3810 ad
1315 3746 1475 3812 modicum

343 3855 488 3938 spacium
505 3859 650 3918 curreret
674 3875 785 3918 versus
810 3854 996 3936 aquilonem
1021 3858 1054 3917 et
1078 3853 1261 3936 perveniret
1286 3854 1407 3919 iterato
1433 3853 1474 3918 ad

342 3959 504 4042 quoddam
521 3960 685 4039 fossatum,
702 3961 810 4044 ibique
824 3961 956 4026 salieret
971 3961 1077 4043 ipsum
1099 3961 1254 4026 fossatum
1265 3959 1307 4026 ad
1318 3961 1477 4026 orientem

342 4088 443 4151 prope
458 4067 563 4132 locum
580 4067 675 4133 unius
690 4069 790 4132 turris
807 4067 848 4132 ab
864 4069 1024 4148 aquilone,
1041 4074 1072 4133 et
1088 4067 1133 4133 ibi
1149 4069 1191 4133 ad
1207 4068 1394 4152 aquilonem
1410 4090 1475 4133 me·

341 4177 474 4240 moratis
499 4175 575 4241 filiis
603 4175 775 4256 Gothardi,
801 4182 833 4240 et
860 4175 904 4241 ad
929 4175 1095 4240 meridiem
1117 4176 1219 4241 eidem
1235 4175 1373 4241 Nioolao
1390 4176 1477 4241 dieto

342 4281 480 4349 Oermolr
505 4291 673 4367 separaret
698 4291 731 4349 et
757 4283 966 4368 distingeret3
990 4283 1064 4348 inde
1090 4285 1245 4350 transiret
1261 4284 1302 4350 ad
1319 4286 1476 4350 orientem

341 4396 374 4457 et
389 4393 571 4475 perveniret
586 4392 629 4459 ad
644 4393 801 4476 quasdam
826 4394 978 4475 antiquas
994 4392 1207 4458 limitacionea
1223 4399 1393 4473 metarum,
1418 4415 1478 4478 per

343 4519 424 4582 quas
440 4499 560 4565 directe
577 4499 618 4564 ad
635 4500 789 4564 orientem
805 4499 1015 4584 procedendo,
1032 4500 1073 4564 ad
1084 4500 1203 4564 bonnm
1219 4501 1364 4584 spacium
1380 4501 1478 4565 unius

343 4608 462 4691 ingeris
478 4610 659 4693 perveniret
675 4610 716 4674 ad
732 4631 830 4674 unum
849 4608 952 4673 locum
965 4608 1142 4692 vulgariter
1151 4609 1297 4692 greztuin
1314 4616 1478 4687 vocatum,
