3188 5470
746 485 932 534 xmocxcm
950 471 1166 534 oxulxmln.

914 761 986 825 143.

386 917 480 985 1349.
499 919 653 1003 Pozcccy,
669 939 740 1002 apr.
758 921 809 982 26.
828 917 1086 1007 LLajoclcc'rdlp
1102 919 1359 1004 adomdcyleocle
1378 920 1501 985 chrelc

383 1033 466 1091 eccll
491 1026 615 1112 Nyitra
648 1028 832 1110 ocirmepyci
856 1026 1022 1108 birtclcrdl,
1063 1025 1142 1117 Tott
1174 1027 1312 1092 Ldrc'ccz
1326 1027 1379 1109 fic
1405 1027 1503 1093 chtl

429 1135 564 1200 1111111111-
581 1135 668 1200 Bora
686 1134 750 1198 Vos
761 1131 930 1221 (1100111011
947 1135 1135 1222 odrmeppclc
1143 1133 1324 1222 fdicpdaja
1340 1140 1466 1202 rdazdre.

491 1297 561 1363 Nos
585 1295 766 1362 lucdovicus
783 1348 789 1360 .
807 1318 909 1363 ,1111Ι
927 1349 933 1364 .
955 1297 1197 1382 significamus.
1218 1299 1328 1382 .quod
1354 1300 1431 1382 quia
1454 1321 1502 1362 nos

384 1428 423 1472 ex
439 1385 546 1472 debito
563 1404 668 1471 officio
685 1406 827 1488 suscepti
837 1407 940 1470 nostri
956 1407 1123 1489 regiminis
1134 1413 1325 1473 cunctorum
1335 1407 1502 1472 nobisfide-

382 1515 457 1581 liter
473 1514 724 1598 obsequencium
740 1514 855 1579 merita
871 1514 979 1579 animo
998 1515 1132 1599 pietatis
1149 1516 1256 1580 metiri
1281 1523 1314 1582 et
1339 1517 1502 1600 unicuique

383 1626 473 1689 iuxta
482 1623 681 1706 exigenciam
691 1643 822 1686 suorum
839 1625 1027 1688 meritorum
1047 1623 1241 1706 respondere
1257 1623 1411 1688 debemus
1426 1625 1504 1707 regio

384 1753 456 1796 cum
480 1731 597 1808 favore,
623 1733 767 1814 pensatis
792 1729 892 1813 igitur
917 1737 950 1795 et
975 1732 1216 1816 circumspectis
1241 1730 1453 1797 fidelitatibus
1476 1741 1503 1796 et
1577 1789 1578 1836 p

382 1837 641 1902 fidelissimorum
672 1837 878 1902 serviciorum
905 1837 1059 1920 preclaris
1084 1839 1210 1904 meritis
1235 1841 1362 1905 comitis
1385 1837 1502 1904 Nicolai

1577 2747 1578 2790 l

384 1944 442 2010 filii
475 1943 650 2009 Laurencii
681 1944 759 2008 dicti
785 1942 904 2022 Touth‚
939 1945 1064 2009 comitis
1095 1945 1278 2010 Borsiensis
1310 1943 1506 2010 Castrilerrei

382 2061 414 2118 et
439 2052 669 2138 Suprunicnsis
695 2051 803 2118 dilecti
830 2059 861 2117 et
885 2051 989 2117 fidelis
1014 2055 1125 2131 nostri,
1152 2075 1231 2136 quas
1257 2061 1289 2118 et
1316 2075 1378 2137 qne
1405 2055 1501 2138 ipsum

383 2163 416 2226 in
442 2161 566 2228 cunctis
597 2161 716 2226 nostris
744 2167 776 2225 et
802 2163 894 2244 regni
920 2164 1023 2226 nostri
1059 2162 1319 2246 expedicicuibus
1351 2164 1504 2247 prosperis

384 2277 417 2334 et
433 2270 584 2348 adversio,
600 2290 665 2334 non
680 2269 843 2353 parcendo
862 2269 958 2334 rebus
983 2291 1042 2336 nec
1058 2291 1201 2355 persone,
1228 2271 1363 2336 diversis
1388 2272 1505 2336 fortune

384 2378 510 2444 casibus
526 2399 585 2462 pro
601 2378 802 2443 exaltacione
818 2379 920 2442 nostri
945 2378 1111 2462 regiminis
1128 2385 1160 2444 et
1175 2379 1307 2444 honoris
1332 2402 1367 2445 se
1384 2379 1506 2445 submit-

383 2487 488 2566 tend0‚
507 2493 616 2552 nostre
640 2487 802 2552 maiestati
828 2485 1011 2551 exhibuisse
1037 2487 1207 2557 recolimus
1233 2487 1452 2570 usquemodo,
1477 2493 1505 2550 ct

383 2594 533 2660 exhibere
559 2596 695 2660 eundem
722 2596 876 2660 sentimus
900 2596 933 2659 in
958 2595 1108 2678 presenti,
1140 2616 1179 2660 ac
1204 2594 1423 2660 exhibiturum
1452 2615 1506 2678 pro

382 2703 478 2769 firmo
494 2703 654 2768 credimus
670 2702 874 2784 infuturum,
890 2704 1032 2768 volentes
1052 2703 1155 2768 eidem
1181 2724 1240 2787 pro
1265 2706 1429 2787 premissis
1445 2703 1507 2768 suis

384 2812 526 2878 serviciis
544 2816 576 2876 ct
591 2810 805 2877 fidelitatibus
822 2811 925 2876 multa
940 2811 1036 2875 laude
1061 2809 1167 2894 dignis
1192 2831 1252 2894 pro
1277 2834 1365 2876 nunc
1390 2812 1507 2893 aliqua·

385 2927 478 2985 tenus
494 2921 584 3003 regio
601 2940 769 2986 occurrere
794 2940 866 2985 cum
883 2918 999 2998 favore,
1025 2918 1189 3000 quandam
1208 2919 1440 3002 possessionem
1459 2941 1507 2983 no·

383 3033 485 3094 stram
515 3027 658 3092 Debrete
689 3033 844 3106 vocatam,
875 3029 908 3090 in
933 3027 1089 3092 comitatu
1121 3025 1281 3091 Nitricnsi
1313 3027 1506 3092 existentem.

383 3137 470 3200 omni
486 3136 555 3200 inre
572 3135 614 3200 ad
630 3141 774 3200 nostram
790 3133 1000 3199 collacionem
1016 3134 1239 3217 pertinentem
1267 3154 1340 3198 cum
1367 3132 1509 3198 omnibus
1577 3137 1578 3142 ’

384 3243 450 3308 suis
477 3294 507 3309 ..
533 3242 740 3326 pertinenciis
766 3293 796 3307 ..
823 3241 882 3306 sub
906 3243 990 3306 veris
1015 3241 1110 3306 metis
1137 3246 1169 3304 et
1194 3242 1341 3306 terminis
1362 3241 1508 3322 antiquie,

382 3350 497 3432 quibus
514 3352 671 3416 hactenus
690 3372 749 3434 per
764 3372 820 3416 uos
836 3349 951 3415 habita
967 3351 1091 3415 exstitit
1116 3357 1150 3414 ct
1164 3370 1312 3432 possessa
1328 3401 1335 3415 .
1353 3402 1359 3415 .
1377 3349 1508 3414 donavi-

383 3479 454 3523 mus
471 3511 478 3526 .
494 3507 501 3520 .
518 3459 621 3524 eidem
637 3459 746 3524 comiti
756 3457 789 3524 N
791 3459 892 3524 icolac
902 3463 935 3523 et
945 3479 1003 3541 per
1023 3479 1096 3522 eum
1112 3460 1178 3523 suis
1194 3457 1369 3522 heredibus
1386 3511 1393 3524 .
1408 3508 1413 3522 .
1429 3458 1506 3520 irre

383 3567 572 3632 vocabiliter
592 3619 622 3632 ..
648 3566 893 3650 possidendam
927 3566 961 3630 iu
987 3567 1077 3630 cuius
1103 3566 1312 3650 possessionis
1338 3565 1508 3630 dominium

383 3677 488 3760 ipsum
505 3675 653 3740 comitem
670 3673 843 3742 Nicolaum
859 3695 917 3756 per
932 3673 1122 3756 magistrum
1139 3672 1297 3738 Wezzeus
1317 3673 1390 3738 aule
1404 3679 1511 3738 nostre

385 3783 529 3862 militem,
539 3783 687 3847 comitem
698 3782 737 3846 de
748 3781 849 3864 Zolyc
860 3781 994 3847 fecimus
1010 3781 1171 3846 introduci
1187 3831 1193 3844 .
1211 3832 1217 3845 .
1234 3781 1361 3847 Datum
1373 3781 1512 3868 Poscnii,

384 3891 436 3956 die
453 3890 612 3955 dominico
628 3889 775 3975 proximo
791 3895 866 3973 post
881 3889 998 3955 festum
1014 3888 1101 3955 beati
1112 3886 1247 3974 Georgii
1263 3891 1411 3968 martiris,
1428 3911 1513 3955 anno

384 3999 504 4064 domini
519 3995 571 4062 M⁰
597 3997 718 4066 OOO¹¹¹⁰
734 3996 925 4062 XXXXlm
941 4019 1033 4064 ncnc.

491 4159 749 4224 Httlapjtnpecstt
762 4161 939 4225 nycmaival;
960 4160 1090 4226 eredetije
1114 4177 1147 4210 az
1170 4176 1240 4210 crsz.
1266 4163 1298 4212 lt.
1323 4161 1416 4210 kinmt.
1443 4167 1511 4208 oezt.

383 4251 417 4302 N.
431 4253 464 4302 R.
478 4252 510 4300 A.
526 4255 586 4300 472.
602 4255 626 4300 3.
640 4251 706 4314 dipl.
720 4255 789 4300 cszt.
804 4255 882 4302 4037.
902 4251 1001 4300 Kozli:
1022 4251 1130 4300 Kovtcs
1144 4251 1177 4300 N.
