3192 5466
363 455 427 518 242
722 467 909 516 unicornui
926 443 1140 513 onnlnrrln.

366 635 513 723 Thema.
531 634 615 716 ‚ipsi
641 632 797 716 magistro
831 630 998 715 Stephano
1023 630 1106 696 facte
1131 627 1198 693 litis
1222 629 1360 694 materia
1385 633 1492 692 exorta

365 749 398 808 et
413 744 506 808 iuxta
521 740 733 824 complurium
750 741 919 804 literarum
945 745 1129 803 nostrarum
1145 737 1259 802 exinde
1277 736 1492 801 confectarum

363 852 580 917 continencias
606 849 707 914 nostri
732 848 766 912 in
791 848 959 932 presencia
983 845 1153 912 ventillata
1178 851 1211 910 et
1236 845 1352 910 ultimo
1369 841 1412 908 ad
1428 865 1493 927 pre-

366 966 474 1024 sentes
491 965 621 1023 octavas
646 956 719 1022 festi
739 956 827 1020 beati
843 955 1014 1023 Michaelis
1042 955 1230 1038 archangeli
1254 959 1433 1038 prorogata
1447 973 1494 1016 ex·

366 1069 514 1148 stitisset,
537 1067 667 1130 tandem
684 1066 762 1150 ipsis
783 1065 902 1129 octavis
921 1064 994 1128 lesti
1011 1064 1098 1128 beati
1115 1062 1287 1127 Michaelis
1313 1060 1494 1142 archangeli

364 1173 616 1252 occurrentibus,
632 1175 750 1238 Petrus
766 1172 916 1238 literatus
933 1173 1079 1238 notarius
1097 1171 1175 1236 dicti
1191 1171 1312 1236 domini
1329 1169 1453 1234 Thome
1469 1217 1495 1231 ..

364 1305 423 1368 pro
439 1281 550 1347 codem
566 1281 695 1346 domino
721 1280 847 1345 Thoma
863 1330 870 1344 .
887 1331 894 1344 .
911 1280 951 1346 ab
978 1303 1051 1358 nna,
1079 1286 1113 1344 et
1129 1279 1314 1363 Stephanus
1339 1278 1495 1356 literatus,

367 1391 510 1456 notarius
535 1390 636 1474 ipsius
661 1389 809 1473 magistri
836 1389 993 1473 Stephani
1027 1391 1086 1473 pro
1112 1387 1223 1453 eodem
1247 1389 1406 1471 magistro
1433 1385 1498 1452 Ste

366 1501 475 1584 phano
501 1549 507 1563 .
535 1550 541 1564 .
566 1505 659 1581 parte
685 1497 862 1576 exaltare,
901 1498 943 1567 ad
974 1503 1119 1563 nostram
1150 1495 1339 1562 accedentes
1373 1517 1498 1580 presen-

266 1695 267 1700 Ὶ
365 1609 457 1686 ciam,
482 1607 685 1690 pereundam
709 1607 902 1690 magistrum
921 1605 1056 1672 Petrum
1074 1605 1237 1670 notarium
1259 1605 1368 1688 ipsius
1381 1603 1498 1668 domini

367 1715 490 1782 Thome
516 1765 545 1779 ..
571 1715 770 1800 propositum
795 1715 919 1779 exstitit
944 1766 974 1778 ..
1001 1714 1088 1797 quod
1118 1713 1195 1778 licet
1225 1719 1372 1794 tempore
1402 1719 1499 1777 statn-

367 1823 466 1889 cionis
491 1822 575 1888 dicte
607 1829 692 1888 terre
726 1822 963 1888 Beseneutelulr
998 1822 1162 1887 nominate
1205 1821 1308 1886 eidem
1345 1821 1500 1904 magistro

369 1932 535 2016 Stephano
569 1933 660 1996 iuxta
693 1930 883 2015 premissam
913 1931 1033 2014 regiam
1060 1929 1268 1995 collacionem
1294 1951 1354 2014 per
1379 1930 1501 2013 regium

368 2047 423 2108 et.
441 2041 599 2123 ‚capituli
634 2039 764 2106 ecclesie
791 2037 963 2122 Agriensis
987 2038 1133 2104 homines
1169 2038 1321 2116 faciende,
1346 2059 1386 2102 ex
1411 2045 1501 2122 parte

368 2149 472 2232 ipsius
499 2148 620 2213 domini
647 2147 770 2212 Thcme
796 2196 826 2211 ..
852 2147 1103 2211 contradictoria
1119 2145 1270 2211 inhibicio
1296 2147 1385 2211 facta
1410 2147 1503 2211 exsti-

369 2255 454 2332 terit,
487 2261 594 2321 tamen
630 2257 707 2339 quia
739 2255 823 2320 idem
858 2255 1005 2320 dominus
1040 2255 1182 2320 Thomas
1208 2304 1215 2318 .
1242 2305 1248 2320 .
1272 2255 1411 2320 eandem
1441 2260 1503 2318 ter-

374 2385 444 2428 ram
471 2363 711 2430 Beseneutelulr
745 2370 892 2429 vocatam
926 2365 960 2428 in
995 2364 1081 2430 dicto
1116 2364 1272 2428 comitatu
1306 2361 1346 2427 de
1378 2363 1503 2427 Henes·

369 2491 478 2556 wyuar
503 2470 593 2536 iuxta
609 2471 841 2554 possessionem
865 2473 967 2556 ipsius
987 2471 1135 2556 magistri
1151 2470 1308 2555 Stephani
1325 2469 1504 2536 Bachanad

369 2581 568 2644 nominatam
611 2584 648 2642 ut
681 2578 892 2662 prescribitur
933 2581 1140 2660 existentem,
1180 2579 1318 2644 hominis
1353 2581 1422 2645 sine
1454 2579 1504 2643 he-

372 2687 449 2752 rede
466 2686 647 2752 decedentis
663 2687 769 2764 luisse,
794 2689 946 2770 regiaque
973 2687 1142 2753 oollacioni
1159 2687 1321 2771 pertinere
1353 2693 1387 2752 et
1410 2689 1505 2773 perti·

371 2796 488 2874 nuisse,
513 2815 551 2860 ac
576 2816 634 2878 per
659 2796 781 2878 regiam
808 2797 997 2880 premissam
1023 2796 1231 2862 collacionem
1256 2797 1343 2860 omni
1368 2797 1440 2860 iure
1466 2795 1505 2859 ad

371 2904 477 2985 ipsum
495 2903 688 2985 magistrum
708 2901 909 2987 Stephanum
935 2911 1081 2987 spectare
1106 2906 1296 2988 agnovisset,
1330 2903 1403 2968 idco
1419 2912 1453 2968 et
1469 2925 1505 2968 er

374 3010 479 3075 causis
496 3011 661 3093 premissis
680 3009 765 3075 idem
781 3011 929 3076 dominus
945 3011 1086 3077 Thomas
1104 3064 1111 3078 .
1128 3061 1134 3074 .
1152 3012 1238 3076 omni
1254 3012 1317 3076 iuri
1334 3032 1393 3076 suo
1419 3011 1505 3092 quod

371 3119 405 3182 in
421 3118 533 3183 eadem
548 3124 637 3183 terra
652 3118 890 3184 Beseneutelulr
905 3127 1018 3185 vocata
1034 3141 1068 3185 se
1083 3121 1202 3186 hahere
1212 3127 1375 3204 sperasset
1391 3141 1506 3186 renun-

372 3227 470 3304 cians,
487 3225 621 3291 eandem
638 3233 759 3292 terram
775 3229 1015 3294 Besenentelulr
1039 3231 1221 3312 vocitatam,
1238 3250 1274 3294 eo
1290 3231 1360 3294 iure
1387 3249 1454 3312 quo
1470 3250 1507 3293 cx

373 3337 527 3419 premisse
543 3335 663 3418 regalis
678 3334 864 3402 donacionis
890 3335 985 3402 titulo
1001 3337 1063 3421 ipsi
1079 3338 1237 3422 magistro
1253 3336 1422 3420 Stephano
1438 3358 1507 3420 per-

375 3443 477 3508 tinere
493 3443 721 3522 dinosceretur,
738 3444 841 3508 eidem
857 3445 1014 3529 magistro
1039 3443 1206 3530 Stephano
1223 3451 1255 3510 et
1270 3467 1329 3528 per
1345 3467 1421 3510 cum
1439 3447 1505 3510 suis

373 3551 544 3616 heredibus
562 3603 568 3617 .
585 3604 591 3618 .
607 3553 784 3617 remisisset
808 3553 995 3637 reliquisset
1010 3561 1043 3619 et
1058 3606 1065 3621 .
1083 3604 1089 3618 .
1106 3554 1281 3638 resignarit
1291 3575 1401 3620 coram
1416 3553 1507 3619 nobis

373 3664 530 3743 perpetuo
547 3708 554 3722 .
571 3706 577 3721 .
594 3658 842 3742 possidendam.
860 3711 866 3725 .
882 3661 1008 3728 Datum
1023 3662 1124 3743 Bude,
1150 3661 1337 3727 duodecimo
1352 3661 1406 3726 die
1422 3669 1508 3727 octa·

375 3789 487 3832 varum
503 3767 576 3833 festi
593 3767 680 3833 beati
696 3767 869 3835 Michaelis
896 3771 1082 3854 archangeli
1098 3771 1326 3855 predictarum,
1352 3791 1439 3835 anno
1456 3771 1509 3835 do

374 3875 454 3939 mini
470 3874 645 3940 Millesimo
661 3877 886 3943 trecentesimo
903 3879 1150 3963 quadragesimo
1166 3885 1289 3944 octavo.

482 4057 507 4107 A
520 4057 613 4120 penset
625 4058 704 4124 sarga
717 4058 745 4107 es
757 4059 831 4121 piros
844 4061 1079 4123 selycmsodraton
1092 4059 1176 4125 ltigg3
1196 4059 1328 4123 eredetije
1341 4075 1374 4109 az
1390 4075 1461 4110 craz.
1476 4061 1510 4110 lt.

376 4144 475 4197 kinost.
489 4151 556 4198 oszt.
570 4148 603 4198 N.
617 4149 651 4198 R.
664 4149 698 4199 A.
714 4153 773 4200 650.
790 4153 831 4198 14.
845 4149 913 4212 dipl.
926 4154 995 4199 oszt.
1009 4153 1088 4200 4015.
1108 4149 1209 4198 Kezli:
1228 4149 1338 4198 Koraos
1352 4151 1387 4199 N.
