3180 5470
362 508 427 570 tos
708 521 895 568 unsouxosu
911 507 1129 568 oxulsrrln.

888 685 962 748 249.

365 829 458 894 1350.
475 839 529 894 os.
545 831 575 892 4.
594 829 622 893 A
641 828 739 934 sosas
753 827 909 912 tepens
926 827 996 892 erus
1012 804 1097 891 ries
1114 827 1230 890 trista
1249 826 1488 914 casseratas

364 937 462 1017 lakes,
494 961 549 1024 epy
580 939 674 1002 brizot
707 936 877 1015 Obana,
909 936 1039 1000 Mdrton
1064 936 1117 1018 fin
1148 937 1251 1002 Jdrros
1276 934 1404 1000 d-budai
1424 937 1487 1002 bos-

820 1045 934 1130 pesnelc
950 1043 1030 1110 elad.

469 1189 659 1272 Capitulum
677 1188 838 1254 Budensis
859 1185 991 1253 ecclesie
1023 1237 1054 1252 ..
1078 1186 1354 1252 adunirersorum
1385 1235 1414 1250 ..
1434 1209 1488 1250 nn

361 1298 473 1363 ticiam
504 1345 533 1362 ..
555 1295 700 1362 uolumus
717 1295 892 1378 pervenire,
913 1293 998 1378 quod
1014 1293 1170 1360 Nicolaus
1187 1293 1292 1359 dictus
1302 1293 1394 1359 Ekus
1408 1293 1488 1358 filius

363 1405 485 1471 Thcme
502 1404 541 1468 de
558 1403 617 1468 sub
643 1409 750 1468 castro
766 1403 911 1468 Budensi
927 1403 968 1468 ab
984 1424 1059 1483 una,
1075 1408 1109 1467 et
1123 1401 1296 1468 Johannes
1311 1399 1489 1466 filiusldsr·

362 1512 423 1579 tini
440 1514 556 1596 hospes
572 1512 611 1577 de
627 1511 741 1580 Veteri
758 1511 855 1577 Buda
871 1519 963 1595 parte
991 1513 1032 1578 ab
1061 1511 1174 1590 altera,
1193 1531 1302 1576 coram
1318 1509 1410 1574 nobis
1425 1532 1489 1593 per-

362 1621 520 1687 sonaliter
536 1621 717 1716 constituti,
729 1620 815 1685 idem
839 1619 995 1686 Nicolaus
1022 1620 1128 1685 dictus
1153 1618 1245 1684 Ehus
1268 1623 1418 1702 presente
1432 1616 1490 1682 Mi·

365 1729 477 1795 chaele
491 1728 559 1794 filio
575 1729 712 1813 Wydus,
729 1731 952 1795 consenciente
968 1735 1001 1794 ct
1015 1729 1232 1814 permittente,
1247 1728 1312 1794 imo
1328 1726 1378 1791 ius
1403 1749 1489 1791 suum

363 1839 449 1922 quod
465 1839 498 1903 in
514 1837 608 1906 domo
624 1837 848 1904 infradicenda
862 1838 982 1904 habere
999 1838 1249 1922 dignosceretur,
1258 1843 1416 1920 perpetuo
1425 1857 1492 1900 ren·

364 1945 483 2011 didisse
499 1945 602 2012 eidem
617 1943 754 2010 Nicolao
764 1945 956 2024 affirmante,
972 1944 1055 2010 dixit
1086 1997 1092 2010 .
1109 1995 1115 2010 .
1142 1944 1228 2026 quod
1244 1944 1313 2026 ipse
1334 1942 1492 2026 quandam

364 2046 492 2122 domum
510 2077 602 2120 suam
618 2077 674 2120 seu
690 2055 923 2138 possessionem
938 2055 971 2119 in
982 2053 1098 2121 Veteri
1114 2053 1210 2118 Buda
1222 2053 1256 2116 in
1275 2049 1492 2117 vicinitatibus

365 2162 531 2229 domorum
547 2162 638 2227 Petri
654 2162 713 2226 filii
730 2161 755 2228 J
756 2163 891 2228 ohannis
907 2161 966 2226 filii
992 2160 1102 2246 Ohyde
1118 2161 1160 2226 ah
1175 2183 1241 2226 una
1256 2165 1360 2244 parte,
1377 2166 1410 2224 et
1433 2179 1493 2223 ma·

365 2269 460 2354 gistri
476 2269 621 2336 Theutos
637 2293 675 2335 ex
692 2271 758 2336 alia
774 2272 973 2354 existentem,
990 2271 1052 2336 sibi
1069 2293 1089 2336 a
1104 2269 1130 2336 J
1131 2271 1257 2336 ohanne
1267 2268 1336 2333 filio
1351 2267 1493 2350 Ohepsni

365 2384 399 2442 et
413 2359 494 2443 filiis
505 2379 571 2444 suis
586 2380 651 2444 iam
668 2378 827 2444 defunctis
854 2379 983 2444 racione
1000 2401 1056 2444 seu
1082 2379 1152 2443 iure
1167 2377 1384 2462 proximitatis
1409 2375 1495 2440 dero

364 2485 476 2564 lutam,
493 2509 566 2552 cum
591 2487 738 2552 omnibus
764 2489 830 2552 suis
862 2487 1124 2572 ..pertinenciis
1156 2535 1186 2552 ..
1210 2483 1345 2550 edificiis
1360 2483 1494 2568 lapideis
1580 2533 1581 2536 η

365 2599 397 2658 et
412 2593 536 2676 ligneis,
553 2616 591 2659 ao
606 2595 680 2660 aliis
697 2594 894 2679 quibuslibet
909 2596 942 2660 iu
968 2595 1049 2660 facie
1075 2594 1218 2660 eiusdem
1241 2593 1394 2658 sessionis
1411 2589 1495 2656 habi·

364 2702 416 2780 tis,
433 2702 493 2767 sub
509 2703 575 2767 suis
592 2703 688 2768 certis
703 2703 798 2768 metis
815 2709 848 2768 et
863 2703 1016 2784 antiquis,
1044 2701 1165 2785 absque
1185 2700 1363 2786 preludioio
1379 2701 1494 2765 iurium

333 2803 337 2810 ’
365 2809 585 2894 quorumlibet
601 2809 747 2890 aliorum,
765 2811 949 2894 specialiter
974 2809 1106 2876 ecclesie
1131 2815 1248 2891 nostre,
1275 2807 1424 2892 predicto
1442 2807 1496 2872 Jo
1580 2839 1581 2900 3

364 2919 465 2984 hanni
480 2917 546 2983 filio
562 2919 700 2984 Martini
716 2926 749 2983 et
764 2939 821 3002 per
846 2939 920 2984 eum
936 2919 1001 2984 suis
1021 2918 1193 2984 heredibus
1224 2967 1255 2982 ..
1279 2923 1439 3001 perpetuo
1468 2968 1497 2984 ..

366 3048 424 3112 pro
440 3033 568 3093 centum
584 3024 724 3104 florenis,
740 3033 777 3091 ut
792 3026 881 3105 dixit,
907 3026 1001 3109 plene
1017 3025 1058 3092 ab
1075 3025 1184 3094 eodem
1206 3026 1345 3109 receptis
1361 3031 1395 3090 et
1410 3027 1497 3092 habi·

364 3137 406 3201 tis
439 3184 469 3200 ..
493 3133 689 3200 vendidisset
720 3185 750 3200 ..
775 3141 808 3199 et
833 3134 977 3200 vendidit
1011 3155 1118 3200 coram
1143 3133 1236 3199 nohis
1264 3133 1439 3201 tenendam
1469 3187 1498 3202 ..
1580 3201 1581 3224 ,

365 3241 609 3328 possidendam;
625 3241 850 3308 assummendo
867 3241 1003 3307 eundem
1024 3241 1209 3308 Johsnnem
1232 3241 1336 3308 tilium
1362 3241 1499 3308 Martini
1580 3295 1581 3336 ,

366 3353 495 3418 racione
511 3351 655 3435 predicte
672 3351 785 3416 domus
802 3372 859 3416 seu
876 3351 1036 3431 sessionis,
1055 3350 1097 3415 ah
1112 3350 1259 3418 omnibus
1275 3351 1436 3434 impetere
1452 3373 1500 3416 vo

366 3459 515 3541 lentibus,
531 3459 623 3524 iuxta
648 3459 907 3524 consuetudinem
930 3459 1069 3525 civitatis
1094 3459 1244 3544 expedire
1269 3460 1336 3524 suis
1361 3460 1502 3544 propriis
1580 3481 1581 3536 Τ

366 3567 534 3634 laboribus
550 3574 583 3634 et
607 3567 754 3652 expensis
786 3567 966 3633 ..Datum
991 3565 1132 3633 secunda
1156 3566 1238 3632 feria
1263 3568 1412 3651 proxima
1431 3575 1503 3650 post
1580 3557 1581 3590 ³

366 3677 483 3742 festum
508 3673 595 3740 beati
620 3674 793 3740 Michaelis
818 3675 1014 3758 archangeli,
1040 3695 1124 3739 anno
1149 3673 1270 3739 domini
1301 3674 1355 3740 Μο
1379 3673 1504 3742 000ῐῃο
1580 3669 1581 3706 ³

366 3783 652 3868 quinquagesim03
677 3782 880 3866 presentibus
912 3782 1133 3866 ..magistris
1159 3781 1260 3846 Petro
1277 3788 1421 3860 cantore,
1446 3782 1505 3848 Jo
1580 3809 1581 3836 r

366 3894 472 3958 henne
488 3891 629 3970 custode,
645 3891 811 3970 Ladislao,
828 3892 980 3970 Emirico,
996 3891 1150 3956 Ladislso
1166 3890 1294 3974 Vgrini,
1313 3891 1425 3970 Petro,
1441 3891 1506 3956 ltli-

367 3999 486 4078 chaele,
502 3999 527 4064 J
528 4001 655 4065 channe
670 3999 831 4066 Demetrii
857 4005 889 4064 et
908 3999 982 4064 eliis
1008 3997 1168 4064 canonicis
1184 3999 1217 4063 in
1237 3999 1351 4066 eadem
1367 3998 1508 4065 ecclesis

367 4116 479 4175 nostra
495 4108 555 4174 deo
571 4109 684 4174 devote
699 4107 941 4173 famulantibus.
1580 4093 1581 4114 ¹

476 4273 562 4338 Strga
575 4273 697 4334 selymsn
711 4273 795 4337 litggt
810 4269 950 4335 pecsettel,
964 4272 1031 4321 feltss
1052 4271 1352 4336 chyrographummsl;
1372 4271 1511 4337 eredstije
1580 4243 1581 4326 i

368 4379 400 4414 az
412 4378 481 4413 orsz.
495 4365 527 4413 lt.
540 4363 639 4413 kinost.
655 4367 722 4411 oszt.
736 4361 851 4412 Monisl.
864 4361 898 4410 V.
912 4361 1030 4410 Budens.
1046 4367 1086 4412 le.
1101 4365 1125 4410 8.
1139 4361 1205 4425 dipl.
1217 4365 1284 4411 cszt.
1297 4365 1376 4413 4149.
1390 4361 1512 4428 Ugyau·
1580 4333 1581 4414 l

369 4459 413 4504 ott
425 4469 543 4518 megvsn
559 4455 663 4504 »Lucas
677 4453 833 4516 prepositus
846 4451 959 4502 ecclesie
972 4453 1106 4502 Budsnsis
1132 4451 1350 4514 secretariusque
1369 4455 1513 4503 cancella-
1580 4431 1581 4446 ἵ

368 4544 425 4594 rius
439 4544 548 4595 domins
561 4543 651 4593 Maris
663 4543 757 4608 regine
770 4542 929 4607 Hungariec
947 4547 1023 4592 1390.
1046 4543 1103 4592 dec.
1126 4542 1206 4591 tlt-sn
1220 4541 1279 4590 kslt
1292 4540 1461 4592 atirsttban
1481 4545 1513 4600 is,

369 4635 435 4697 dipl.
450 4641 516 4684 oszt.
532 4639 608 4685 3750.
623 4649 659 4684 sz.
674 4649 698 4684 a.
717 4634 815 4683 Kozli:
837 4631 946 4682 Kovtcs
964 4633 997 4682 N.

855 4793 1012 4801 ———-
