3180 5466
325 439 388 500 502
680 452 868 496 uasouuonr
885 440 1101 496 ouulurriu.

323 615 478 702 prepositi
504 614 674 699 perceptis
700 612 944 678 decrevimus..
968 615 1003 678 iu
1027 616 1099 696 ipsa
1124 616 1377 699 congregacione
1407 637 1467 679 no·

328 731 397 790 stra
413 723 521 807 palem
537 721 733 805 proclamari
759 722 921 800 facientes,
947 727 984 787 ut
1009 743 1069 786 nec
1093 723 1158 806 ipsi
1181 723 1291 806 populi
1319 725 1360 789 de
1375 723 1472 808 Hyd-

327 834 423 916 wygh
437 854 495 898 nec
512 831 569 896 alii
586 832 710 896 tributa
727 832 850 897 solvere
866 832 1028 913 debentes,
1045 853 1103 915 per
1128 833 1234 918 ipsum
1251 832 1412 900 tributum
1430 834 1472 898 de

330 940 438 1024 Saagh
455 940 578 1023 absque
596 941 757 1005 solucione
782 940 897 1004 tributi
923 941 1063 1004 transire
1079 948 1302 1022 presummant
1325 963 1471 1026 quoquo-

328 1048 430 1128 modo,
447 1049 525 1131 quia
539 1049 566 1114 si
583 1048 706 1132 absque
733 1048 894 1112 solucione
920 1048 1036 1114 tributi
1052 1051 1226 1116 transitum
1251 1050 1406 1132 facerent,
1435 1052 1470 1114 in

329 1177 440 1220 corum
456 1155 551 1220 rebus
568 1155 878 1221 comdemnabuntur
904 1161 937 1220 et
962 1157 1117 1238 personis,
1133 1177 1208 1220 nam
1233 1159 1339 1242 ipsum
1367 1157 1471 1222 tribu-

328 1271 397 1328 tum
414 1264 500 1328 idem
518 1263 665 1328 dominus
682 1265 868 1347 prepositus
883 1284 941 1347 per
956 1263 1098 1347 plurima
1115 1264 1257 1329 litoralia
1273 1287 1333 1330 sua
1349 1267 1471 1331 instru-

330 1379 440 1438 menta
456 1371 535 1436 inibi
552 1370 592 1436 ab
609 1373 743 1454 antiquo
760 1393 828 1436 esse
846 1372 995 1454 dictoque
1011 1373 1206 1438 monasterio
1223 1373 1262 1436 de
1272 1370 1386 1465 Saagh
1398 1395 1472 1456 per-

332 1482 467 1548 tinuisse
484 1488 517 1545 et
532 1499 617 1543 nunc
642 1479 803 1561 pertinere
828 1479 1012 1545 declaravit.
1037 1479 1162 1544 Datum
1188 1481 1300 1562 quinto
1325 1480 1379 1544 die
1396 1503 1472 1545 con·

333 1589 534 1672 gregacionis
550 1591 659 1652 nostre
684 1586 837 1670 predicte,
862 1589 895 1652 in
921 1589 991 1652 loco
1008 1587 1201 1671 supradicto,
1233 1608 1319 1652 anno
1344 1587 1470 1654 domini

331 1697 383 1761 ΜΟ
411 1693 532 1763 000Ψο
549 1696 818 1778 quinquagesimo
833 1696 947 1778 primo.

324 1859 326 1863 ’
435 1859 589 1923 Hetlapjen
615 1858 707 1922 peccet
730 1861 906 1924 nyomaivel;
926 1859 1055 1924 eredetije
1080 1875 1112 1910 ez
1137 1875 1207 1910 orez.
1220 1861 1252 1909 lt.
1268 1859 1372 1910 kinost.
1399 1864 1468 1908 oszt.

331 1950 405 1999 Eccl.
421 1953 463 1998 31.
478 1953 520 2000 51.
534 1948 600 2012 dipl.
613 1950 645 1999 lt.
656 1954 735 2000 4206.
755 1951 857 2001 szli:
876 1950 986 2001 Koraos
999 1951 1036 2000 N.

870 2151 956 2160 —.,..
973 2151 977 2155 .

855 2349 928 2408 302.

334 2507 430 2570 1351.
437 2507 511 2589 juo.
527 2507 579 2570 25.
597 2506 625 2569 A
643 2505 760 2570 adradi
774 2505 926 2591 ledptalan
952 2508 1023 2571 elb'tt
1041 2506 1155 2570 Pocbsi
1181 2507 1345 2586 De'aeafia
1362 2507 1467 2571 Ja'uos

331 2616 362 2677 e'e
378 2615 480 2678 tdrsui
499 2588 647 2698 (lmarjai
663 2613 859 2678 Lubdcscsal
874 2613 1060 2677 ulbekuluek
1076 2616 1107 2678 e's
1125 2614 1319 2700 epp-museus
1337 2614 1468 2678 minden

635 2729 729 2784 aemil
745 2721 942 2784 ludrtdleielcet
958 2722 1150 2806 eleupedaelc.

440 2882 508 2949 Nos
534 2883 713 2967 capitulum
745 2882 877 2948 ecclesie
902 2883 1126 2950 Waradiensis
1144 2935 1173 2948 ..
1199 2884 1418 2967 significamus
1438 2935 1472 2948 ..

334 2991 622 3075 quod'accedentes
639 2991 681 3056 ad
696 2997 840 3057 nostram
857 2993 1056 3074 presenciam
1075 2992 1100 3057 J
1102 2993 1243 3058 ohannes
1259 2992 1344 3057 filius
1355 2993 1472 3058 Dioni-

332 3102 371 3166 sii
387 3101 426 3166 de
442 3101 550 3166 Poche
565 3121 623 3184 pro
640 3121 673 3166 se
689 3100 904 3184 personaliter
932 3107 964 3164 et
989 3121 1048 3186 pro
1064 3102 1163 3166 Petro
1189 3100 1255 3165 filio
1273 3101 1469 3177 Salamonis,

331 3211 409 3275 item
425 3209 450 3274 J
453 3209 594 3275 ohannes
610 3209 696 3274 filius
712 3209 825 3274 Bakov
840 3229 898 3292 pro
924 3231 957 3273 se
982 3209 1195 3292 personaliter
1220 3217 1253 3274 et
1277 3231 1336 3295 pro
1353 3210 1471 3275 eodem

331 3317 444 3384 Bakov
461 3323 555 3402 patre
572 3338 637 3398 suo,
655 3341 692 3383 ac
708 3317 828 3382 Petrus
853 3317 938 3383 filius
964 3317 1069 3382 Slrure
1096 3319 1244 3383 similiter
1269 3339 1327 3402 pro
1344 3341 1377 3383 se
1394 3339 1470 3402 per·

334 3425 489 3490 sonaliter
506 3433 538 3490 et
554 3447 612 3509 pro
628 3425 782 3490 Ladislao
808 3425 908 3490 fratre
935 3449 1001 3508 suu,
1018 3435 1252 3493 assummentes
1278 3447 1370 3491 omne
1387 3449 1472 3492 onus

335 3554 431 3615 super
449 3555 490 3615 se,
516 3535 601 3616 quod
627 3542 736 3616 posset
761 3540 907 3618 exparte
934 3555 1142 3615 personarum
1170 3557 1229 3620 pro
1255 3535 1370 3618 quibus
1387 3537 1469 3601 asti·

335 3647 446 3707 terunt
461 3645 547 3726 parti
564 3642 696 3709 adverse
712 3645 889 3726 provenire,
905 3645 983 3708 item
999 3644 1116 3708 Petrus
1132 3643 1216 3708 filius
1228 3643 1329 3710 Sinka
1345 3643 1386 3708 ab
1402 3665 1473 3710 una

335 3757 437 3835 parte,
454 3771 493 3814 ex
509 3751 614 3816 altera
631 3772 703 3814 vero
720 3751 901 3816 Luchasius
918 3749 1002 3816 filius
1019 3751 1174 3818 Luchasii
1190 3751 1229 3816 de
1245 3750 1379 3818 Omaria
1395 3773 1471 3816 cum

334 3857 457 3923 duobus
473 3857 547 3922 filiis
564 3860 629 3923 suis
646 3858 768 3923 scilicet
792 3857 945 3924 Ladislao
972 3865 1004 3922 et
1020 3858 1167 3938 Nicola0,
1189 3859 1341 3924 dixerunt
1357 3880 1472 3924 coram

335 3967 426 4032 nobis
443 4015 448 4027 .
468 4019 473 4030 .
499 3966 673 4049 quodcum
699 3967 813 4032 fraude
839 3967 998 4034 diabolica
1023 3969 1199 4049 instigante
1218 3989 1238 4032 a
1255 3968 1403 4053 pluribus
1419 3989 1473 4032 re·

337 4076 471 4142 troactis
488 4075 685 4156 temporibus
700 4077 786 4142 inter
803 4097 855 4140 eos
871 4075 911 4141 lis
928 4085 961 4142 ct
977 4076 1136 4142 discordia
1152 4084 1264 4142 exorta
1280 4078 1470 4155 exstitisset,

335 4183 566 4268 propterquod
583 4183 658 4248 hinc
674 4183 747 4248 inde
764 4183 868 4250 multa
885 4187 1073 4268 gravamina
1089 4185 1255 4267 multaque
1271 4184 1415 4268 lu'rsagia
1431 4209 1471 4251 ac

338 4291 458 4356 vinculi
472 4292 633 4374 mancipio
648 4294 877 4375 provenissent,
902 4301 935 4360 et
959 4294 1090 4376 insuper
1106 4292 1171 4359 alia
1186 4293 1290 4358 multa
1306 4291 1399 4360 malo
1410 4297 1472 4359 sci·

334 4398 410 4463 licet
426 4397 552 4476 damna,
569 4407 770 4479 nocumenta,
780 4399 961 4483 ignominie,
971 4401 1117 4479 lesiones,
1128 4406 1226 4484 atque
1241 4402 1328 4465 varie
1346 4399 1469 4466 offense

337 4513 369 4572 et
384 4509 500 4572 iniurie
517 4529 555 4572 ac
571 4508 659 4574 facta
675 4508 788 4574 illicita
814 4511 993 4575 euenissent
1009 4517 1041 4574 et
1056 4509 1226 4576 commissa
1251 4511 1472 4592 exstitissent;

339 4636 379 4679 ne
395 4617 495 4698 igitur
511 4615 657 4700 pluribus
674 4615 768 4681 malis
793 4617 1047 4683 accrescentibus
1072 4617 1204 4682 humani
1221 4618 1347 4700 generis
1362 4638 1472 4701 perse·
