3180 5470
580 513 674 576 1350.
693 515 763 574 nlo.
782 515 832 574 30.
1187 516 1249 574 383

118 689 209 753 fratri
225 711 283 754 sno
309 711 373 774 qno
389 711 489 774 supra
515 692 747 774 provenientes,
773 691 917 774 recipere
944 689 1102 756 commisit
1118 710 1176 773 per
1191 689 1249 754 Ni·

118 799 242 862 colaum
258 798 487 883 supradictum,
504 798 698 882 prelibatsm
712 801 813 864 eciam
832 798 1050 864 condicionem
1069 819 1102 862 se
1113 799 1250 882 etipsam

119 905 279 972 dominam
296 908 464 990 coniugem
481 929 572 972 suam
588 906 759 972 observare
775 906 855 972 velle
880 908 1093 990 promittens3
1116 907 1249 988 insuper

116 1014 267 1098 obligavit
292 1036 325 1080 se
350 1015 435 1080 idem
462 1015 615 1082 Nicolans
632 1023 664 1081 et
680 1015 813 1080 heredes
842 1037 916 1081 snos
933 1021 1116 1100 procreatos
1132 1023 1164 1079 et
1179 1037 1249 1098 pro·

117 1122 278 1201 creandos,
295 1129 457 1207 pretaetos
484 1121 653 1190 Andrearn
670 1131 703 1188 et
721 1124 887 1206 coniugem
904 1145 995 1190 suam
1012 1123 1248 1192 aeeorumdem

116 1232 331 1313 posteritates,
348 1231 389 1296 ab
406 1231 553 1297 omnibus
578 1232 827 1315 specialiterque
844 1232 885 1297 ab
905 1233 977 1298 aliis
1003 1232 1165 1298 sororibus
1181 1233 1248 1296 suis

116 1341 242 1404 racione
258 1340 470 1406 dimidietatis
495 1341 659 1424 porcionis
676 1363 732 1406 sue
749 1347 893 1424 tempore
909 1342 1109 1426 progressiro
1125 1341 1249 1425 inquie-

117 1455 182 1512 tare
199 1447 388 1526 nitentibus
406 1469 533 1532 semper
549 1455 581 1514 et
595 1449 717 1533 ubique
737 1447 908 1514 defendere
925 1457 958 1514 et
982 1449 1133 1533 expedire
1158 1448 1246 1514 labo-

117 1555 201 1620 ribus
218 1557 287 1622 suis
303 1558 442 1640 propriis
459 1563 491 1622 et
507 1558 655 1640 expensis
671 1609 677 1622 .
695 1609 702 1622 .
719 1557 844 1622 Datum
860 1559 894 1622 in
910 1558 1050 1622 erastino
1067 1557 1148 1622 festo
1163 1554 1247 1640 (igy)

115 1663 267 1746 Corporis
284 1662 416 1740 Christi,
442 1685 527 1729 auno
552 1664 693 1730 eiusdem
720 1665 895 1730 Millesirno
921 1665 1140 1729 tricentesimo
1157 1664 1247 1744 quin-

115 1773 310 1855 quagesima

219 1936 242 1985 I.
267 1935 377 1998 Matyts
399 1935 549 1998 kirtlynak
577 1939 653 1986 1486.
679 1949 743 1984 nov.
772 1934 852 1985 lo-en
877 1935 1028 2002 »Georgius
1054 1935 1244 1985 deWerebels

114 2025 235 2076 serasera
249 2025 360 2076 kiedott
373 2025 532 2090 ttirattbdl,
554 2025 684 2088 melynek
697 2025 827 2088 eredetije
840 2040 959 2092 megvan
971 2041 1003 2076 az
1017 2041 1086 2076 orsz.
1101 2026 1132 2075 lt.
1146 2025 1246 2075 kinest.

113 2123 177 2167 oszt.
191 2117 227 2166 N.
241 2117 275 2166 R.
290 2117 323 2166 A.
338 2121 399 2166 391.
413 2121 455 2166 46.
470 2115 537 2180 dipl.
551 2121 618 2167 oszt.
633 2120 711 2164 4130.
731 2115 833 2164 Kozli:
853 2115 963 2166 Koraos
976 2117 1009 2166 N.

599 2281 758 2289 ---......

642 2410 716 2471 228.

114 2567 208 2631 1350.
225 2565 334 2646 Bada,
351 2569 424 2652 mciy'.
442 2568 494 2632 30.
526 2567 642 2631 Taruda
668 2566 847 2653 orszdgdiro'
872 2565 1040 2630 stmbolri
1063 2567 1245 2652 Eynarde's

110 2697 129 2736 α
149 2675 388 2760 margat-nipe&
402 2675 543 2759 apdczdd
566 2675 634 2739 lro'zt
651 2671 804 2739 Sorrrodor
821 2673 1023 2738 birrorum-ian
1041 2673 1128 2760 folyt
1153 2684 1245 2760 ltpyet

582 2782 775 2868 elhalesztja.

218 2943 288 3010 Nos
307 2944 448 3010 Thomas
464 2944 561 3010 iudex
576 2946 663 3010 curie
681 2996 687 3010 .
704 2994 710 3008 .
728 2952 761 3010 et
787 2965 892 3010 comes
918 2944 957 3010 de
982 2944 1114 3010 Turuoh
1130 2943 1244 3010 damus

110 3073 166 3135 pro
182 3054 350 3131 memoria,
367 3053 452 3136 quod
469 3074 599 3118 oausam
624 3074 721 3136 qnam
747 3052 895 3135 religiose
921 3051 1049 3118 domine
1075 3053 1244 3118 sanctimo-

109 3161 212 3226 niales
238 3161 278 3225 de
303 3161 418 3226 Insula
443 3163 607 3246 Lepornm
632 3169 744 3226 contra
769 3161 960 3244 magistrum
984 3159 1174 3245 Eynardum
1204 3160 1243 3224 de

108 3269 264 3346 Sambnk,
289 3290 353 3351 quo
377 3275 504 3334 mortuo
528 3269 716 3334 Johsnnem
741 3267 843 3332 filium
869 3290 963 3332 suum
989 3267 1022 3332 in
1050 3287 1145 3348 quem
1172 3268 1243 3351 ipsa

109 3398 210 3442 causa
226 3377 346 3442 dicitur
362 3377 572 3460 descendisse,
596 3397 655 3461 pro
673 3397 736 3458 quo
753 3377 864 3441 literas
880 3377 987 3458 regias
1013 3377 1046 3440 in
1071 3373 1155 3441 sueto
1172 3397 1243 3459 pro·

108 3485 293 3570 rogacionis
319 3507 489 3551 causarum
515 3486 618 3551 dietas
644 3484 867 3564 exhibuerunt,
892 3485 983 3549 iuxta
1008 3485 1243 3550 continenciam

107 3597 254 3679 priorum
280 3597 450 3662 literarum
475 3603 660 3662 nostrarum
692 3617 788 3680 super
820 3595 904 3660 laeto
935 3595 1165 3680 prohibicionis
1190 3618 1242 3660 eu·

106 3704 235 3769 iusdam
252 3705 409 3788 particule
425 3711 512 3770 terre
528 3705 561 3769 iu
577 3705 776 3788 possessione
793 3702 955 3769 Sumudor
974 3709 1097 3786 vocata,
1108 3704 1141 3768 in
1158 3709 1242 3767 oeta-

106 3813 152 3878 ris
168 3811 245 3878 festi
262 3812 494 3878 Pentheeostes
511 3833 636 3878 morere
652 3811 794 3877 habebat
809 3833 916 3877 eoram
943 3811 1042 3892 nobis,
1059 3810 1099 3877 ob
1116 3810 1241 3894 regium

105 3925 299 4004 preceptum
315 3941 373 4004 per
389 3921 562 4004 premissas
578 3920 691 3985 literas
717 3919 808 3984 nobis
833 3921 1028 4004 impositum,
1053 3919 1095 3984 ad
1111 3923 1241 3984 oetaras

104 4027 180 4093 sesti
197 4028 287 4093 beati
304 4025 438 4112 Georgii
454 4027 599 4094 martiris
618 4029 762 4112 proxime
781 4049 866 4093 nune
891 4034 1043 4093 venturas
1069 4025 1128 4091 sub
1153 4031 1242 4091 statu

106 4137 210 4218 priori
227 4137 421 4220 peremtorie
437 4135 586 4200 duximus
602 4135 847 4220 prorogandam.
872 4135 995 4200 Datum
1011 4135 1113 4216 Bude,
1129 4140 1241 4200 octavo

104 4243 157 4308 die
174 4245 309 4310 termini
324 4245 498 4328 prenotati,
524 4265 609 4308 anno
628 4244 749 4308 domini
765 4243 817 4308 Μ0
841 4241 939 4310 000ο
964 4242 1240 4326 quinquagesimo.
1297 4253 1299 4259 ⁴

216 4408 348 4472 Paplron,
362 4407 489 4458 ztrlatdn
500 4406 594 4472 penset
604 4405 790 4457 tdretltkeivel
802 4424 808 4471 ;
821 4405 952 4468 eredetije
965 4421 997 4456 az
1011 4421 1081 4456 orsz.
1095 4407 1127 4456 lt.
1139 4407 1239 4455 kinest.

103 4503 173 4549 oszt.
185 4499 263 4548 Mon.
277 4499 311 4549 V.
325 4503 353 4548 et
365 4495 438 4547 Bud.
454 4502 495 4549 32.
512 4503 552 4547 10.
566 4495 632 4559 dipl.
647 4501 714 4546 oszt.
729 4501 807 4546 4131.
827 4496 929 4546 Kozli:
949 4495 1058 4546 Kovtes
1070 4497 1105 4546 N.
