3188 5470
584 483 678 543 1349.
696 497 764 541 ουτ.
785 483 834 542 13.
1192 484 1253 545 327

119 659 348 742 relinquendo,
371 661 399 723 si
416 660 471 742 qui
488 665 597 724 sautem
612 660 652 724 de
666 660 880 742 generacione
896 662 1083 726 eorumdem
1098 661 1256 745 Stephani

119 766 177 831 filii
194 765 289 851 Apor
314 773 347 832 et
362 767 491 834 Nicolai
506 765 565 832 filii
576 767 601 832 J
603 767 740 832 ohannis
757 767 862 852 ipsam
878 768 1067 834 divisionem
1084 773 1256 852 acceptare

120 896 182 940 non
202 876 394 954 curaverint,
420 882 533 940 contra
558 873 686 939 eosdem
713 875 756 940 ad
781 881 926 940 nostram
953 877 1030 941 citet
1055 877 1256 960 presenciam

120 982 161 1047 ad
172 984 345 1048 terminum
362 987 614 1067 competentem
630 989 745 1066 etpost
760 983 819 1048 hec
835 985 951 1048 seriem
967 985 1069 1068 ipsius
1084 986 1256 1068 possessio·

120 1093 209 1156 narie
226 1091 401 1174 divisionis,
416 1091 467 1155 vel
483 1093 510 1156 si
527 1091 658 1176 expedit
668 1092 752 1156 diem
769 1097 802 1158 et
817 1091 924 1158 locum
933 1093 1108 1171 citacionis,
1124 1094 1255 1158 nomina

120 1201 293 1264 citatorum
309 1206 342 1264 et
357 1201 531 1264 terminum
557 1199 757 1283 assignatum
783 1199 875 1265 nobis
901 1199 1117 1266 amicabiliter
1142 1203 1255 1267 rescri-

118 1308 214 1372 batis.
231 1307 357 1372 Datum
373 1310 406 1373 in
423 1307 543 1374 Sancto
552 1308 705 1391 Emirico,
721 1307 755 1372 in
765 1309 886 1373 octavis
896 1307 969 1374 festi
979 1308 1065 1374 beati
1082 1308 1255 1375 Michaelis

118 1415 318 1498 archangeli,
333 1437 417 1484 anno
434 1417 555 1482 domini
571 1417 623 1481 Μο
645 1413 767 1484 OOCmo
783 1415 887 1480 ΧΗῐΙο
904 1436 996 1480 nono.

225 1599 355 1663 Paphon,
370 1597 497 1648 carlatan
510 1597 602 1660 peceat
615 1597 820 1662 thredekeiva13
834 1596 965 1661 eredetije
975 1612 1008 1647 aa
1019 1611 1088 1648 orsa.
1102 1599 1133 1648 lt.
1148 1599 1251 1650 kiucet.

116 1695 184 1740 oszt.
198 1689 268 1754 dipl.
282 1693 348 1739 oszt.
363 1693 459 1739 29146.
480 1688 579 1738 szli:
600 1689 709 1738 Koraos
722 1687 755 1738 N.

647 2049 719 2110 187.

115 2213 214 2277 1349.
232 2211 338 2288 Bada,
354 2219 408 2274 oct.
429 2210 478 2272 13.
512 2208 627 2273 Tomos
653 2207 833 2292 orschtao
846 2211 877 2272 e'a
894 2209 975 2272 Keoe
993 2215 1158 2298 odronepye
1165 2211 1251 2298 sdis-

111 2322 218 2404 po'njc
234 2321 366 2402 ortasitja
383 2317 522 2381 Mikolai
538 2313 688 2396 Aodrdat,
705 2318 785 2402 kopp
803 2315 922 2382 Oratha
940 2326 1020 2381 acolt
1037 2318 1138 2385 birtok
1156 2318 1250 2406 elfop-

112 2427 222 2490 Ialo‘sa
238 2427 331 2490 miae
345 2426 433 2510 pere‘t
446 2447 525 2488 ozon
541 2425 635 2510 cpydo
659 2423 739 2487 clleo
761 2423 866 2510 kezdje
892 2447 971 2511 irrep,
996 2427 1032 2488 ki
1046 2438 1096 2490 αεὶ
1113 2425 1251 2492 tia-tota

595 2531 656 2594 bon
672 2537 780 2617 tartjc.

222 2713 294 2778 Nos
321 2713 461 2778 Thomas
487 2711 583 2777 iudex
608 2713 696 2778 curie
713 2763 719 2776 .
737 2763 743 2776 .
760 2719 793 2776 et
817 2733 921 2778 comes
946 2713 986 2778 de
1010 2711 1107 2778 Keue
1132 2713 1248 2780 damus

108 2843 173 2906 pro
189 2821 352 2900 memoria,
369 2819 456 2903 quod
466 2820 557 2884 iuxta
567 2820 801 2886 continenciam
816 2820 985 2886 literarum
1001 2821 1126 2887 comitis
1150 2822 1248 2887 Pauli

108 2930 280 3012 quondam
306 2927 421 2994 iudicis
446 2929 535 2992 curie
561 2929 656 3010 regie,
673 2929 707 2992 in
723 2929 844 2992 octavis
860 2925 948 2992 beati
964 2927 1135 2994 Michaelis
1160 2930 1250 2994 arch·

107 3035 253 3122 angeli(
254 3087 380 3102 ......
384 3039 397 3122 )
419 3036 495 3101 luch
520 3057 580 3120 pro
599 3033 735 3100 Andrea
759 3035 799 3100 de
824 3035 964 3120 Mycula,
990 3057 1064 3101 cum
1094 3057 1247 3120 procura-

105 3147 205 3211 toriis
234 3144 339 3210 literis
370 3149 543 3209 conventus
578 3144 683 3208 sancti
715 3141 874 3227 Stephani
912 3143 1175 3226 prothomartiris
1206 3144 1246 3210 de

106 3252 341 3319 Promontoric
372 3251 568 3319 Varadiensi
593 3253 626 3315 in
651 3249 757 3334 figura
783 3258 895 3316 nostra
925 3251 1097 3316 iudiciaria
1121 3271 1248 3335 compa-

105 3361 222 3443 rando,
245 3360 415 3444 proposuit
433 3381 470 3424 eo
487 3358 590 3442 modo,
607 3358 693 3442 quod
718 3357 870 3424 Andreas
896 3358 935 3423 de
952 3356 1107 3424 Strechee
1123 3361 1156 3424 in
1171 3360 1247 3424 vici-

106 3471 219 3535 nitate
235 3467 447 3553 possessionis
463 3488 521 3532 sue
536 3466 684 3532 Arnoleh
708 3473 820 3532 vocate
835 3488 933 3532 unam
950 3466 1146 3550 particulam
1162 3473 1248 3533 terre

104 3579 149 3644 de
172 3579 374 3662 possessione
399 3573 527 3641 Chalka
551 3576 692 3640 decisam
716 3577 779 3658 ipsi
804 3574 938 3640 Andrea
963 3576 1003 3639 de
1028 3573 1156 3640 Mihola
1180 3597 1247 3641 ma·

103 3689 215 3770 gistro
242 3705 370 3769 quoqne
394 3683 539 3767 predicto
564 3680 697 3748 Andree
722 3683 761 3747 de
787 3681 899 3749 Strece
924 3684 1125 3766 attinentem,
1149 3681 1245 3748 titulo

102 3795 258 3878 pignoris
274 3795 460 3877 possideret,
476 3793 567 3859 cuius
582 3793 661 3859 facti
676 3794 838 3859 racionem
855 3795 936 3860 scire
951 3793 1048 3858 vellet
1063 3793 1105 3858 ab
1121 3793 1247 3876 eodem;

103 3902 166 3966 ubi
186 3899 372 3985 Stephanus
391 3901 477 3966 filius
497 3901 655 3986 Stephani
680 3923 739 3984 pro
765 3901 875 3966 eodem
901 3900 1038 3967 Andrea
1055 3901 1094 3966 de
1111 3899 1247 3967 Streche

102 4031 187 4076 cmm
202 4009 436 4092 procuratoriis
446 4009 550 4075 literis
567 4010 702 4093 capituli
716 4007 894 4074 Nitriensis
911 4009 1056 4091 astando,
1071 4009 1246 4094 respondit,

101 4120 221 4202 ipsum
238 4115 405 4184 Andraam
422 4119 462 4182 de
479 4117 592 4184 Strece
608 4117 731 4184 nullam
747 4117 941 4200 particulam
959 4117 1247 4201 possessionariam

100 4225 243 4308 habere,
266 4247 373 4309 neque
398 4225 484 4309 apud
510 4227 578 4290 aius
603 4245 671 4290 esse
697 4227 837 4290 asseruit
861 4245 984 4303 manus,
1008 4224 1091 4289 tales
1107 4224 1246 4308 quidam,

103 4355 179 4416 qne
195 4333 341 4417 predicto
357 4330 489 4398 Andrea
509 4332 549 4397 de
564 4331 697 4416 Mycale
716 4332 790 4417 plus
807 4354 905 4415 quam
921 4331 1024 4396 eidem
1048 4329 1182 4397 Andrea
1207 4331 1246 4397 de

102 4439 270 4508 Strechce
286 4441 471 4522 attinerent,
493 4440 641 4524 predicto
657 4439 751 4505 modo
767 4439 964 4524 possideret;
987 4439 1073 4504 unde
1097 4440 1244 4523 parcium

101 4549 377 4634 procuratoribus
401 4548 590 4627 volentibus,
614 4550 832 4614 commisimus
864 4555 990 4613 mature
1016 4546 1245 4612 deliberacioni

101 4681 144 4726 eo
167 4657 273 4736 modo,
298 4657 383 4744 quod
399 4657 484 4722 idem
500 4656 652 4726 Andreas
668 4657 707 4724 de
724 4657 859 4746 Myhola
883 4657 1005 4724 factum
1021 4656 1107 4724 dicte
1123 4676 1245 4743 posses-
