3192 5466
550 474 645 536 1348.
662 489 729 536 σοι.
747 476 797 537 22.
1187 474 1251 536 215

115 660 300 738 protactum
317 651 494 736 Georgium
520 653 718 736 propositum
744 653 868 718 exstit't
884 703 890 716 .
908 703 914 716 .
932 653 1018 734 quod
1034 655 1102 738 ipso
1119 653 1253 718 totalem

116 763 356 849 porcionariam
372 762 606 846 possessionem
625 782 717 826 suam
733 762 839 848 ipsum
856 762 959 826 solum
969 763 1039 826 iure
1056 761 1252 826 hereditario

115 874 368 956 contingentem,
384 869 473 936 salvo
492 871 561 934 iure
587 868 721 935 ecclesie
745 876 855 934 nostre
881 877 914 936 et
939 871 1076 936 aliorum
1102 891 1252 952 quorum-

113 981 195 1046 libet
211 981 245 1044 in
261 980 380 1044 ibidem
397 985 592 1056 remanente,
611 980 644 1042 in
661 978 748 1043 dicta
764 978 843 1062 Igor
859 1001 957 1062 supra
974 980 1141 1049 ecclesiam
1158 978 1251 1042 beate

117 1089 253 1172 virginis
270 1087 412 1154 eiusdem
438 1086 513 1152 ville
529 1093 658 1170 aparte
674 1087 930 1168 septemtrionali
947 1088 980 1151 in
996 1087 1162 1152 vicinitate
1179 1107 1250 1171 por-

114 1197 334 1262 cionariarum
359 1195 595 1280 possessionum
624 1195 746 1260 Thome
777 1193 837 1260 filii
868 1195 971 1260 Pethe
997 1215 1017 1259 a
1042 1195 1129 1260 diota
1153 1194 1251 1278 plaga

113 1305 383 1389 septemtrionali,
399 1327 419 1369 a
435 1311 528 1388 parte
545 1325 620 1368 vero
631 1304 781 1368 orientali
797 1303 940 1370 eiusdem
956 1305 1046 1370 Boke
1061 1304 1120 1369 filii
1137 1305 1250 1387 Ipooh,

111 1413 318 1479 meridionali
343 1433 418 1478 rero
443 1414 541 1496 plaga
566 1409 702 1495 Georgii
727 1411 785 1476 filii
810 1412 956 1478 Ladislai
983 1414 1022 1478 de
1042 1411 1153 1478 cadem
1171 1413 1249 1495 [gor

111 1524 209 1590 sitam
227 1575 234 1588 .
252 1573 259 1588 .
275 1525 314 1588 de
331 1544 487 1589 consensu
503 1573 510 1586 .
528 1573 535 1586 .
551 1522 694 1588 omnium
711 1523 929 1606 proximorum
954 1529 1247 1588 commetaneorum

110 1639 144 1698 et
159 1633 339 1698 vicinorum
356 1653 496 1709 suorum,
512 1652 621 1696 coram
645 1631 737 1696 nobis
763 1630 912 1695 similitor
936 1630 1149 1714 personaliter
1165 1651 1248 1695 oom-

112 1741 313 1823 parenoium,
330 1761 402 1806 oum
420 1789 426 1804 .
443 1789 450 1803 .
467 1740 617 1824 porcione
633 1739 718 1806 dicte
735 1739 866 1804 ecclesie
882 1738 976 1804 beate
986 1739 1131 1822 ¹virginis
1148 1759 1248 1821 supra

110 1849 268 1932 premisse
295 1899 325 1912 ..
351 1854 384 1912 et
408 1847 481 1912 aliis
512 1845 712 1930 quibuslibet
737 1845 934 1912 utilitatibus
960 1847 1026 1912 suis
1052 1846 1093 1912 ad
1113 1846 1246 1910 eandem

109 1955 344 2040 spectantibus
355 1963 386 2021 et-
402 1955 647 2040 pcrtinentibus,
664 1955 792 2039 prefato
802 1955 891 2020 Beke
904 1955 1006 2040 pugili
1020 1955 1086 2020 filio
1096 1955 1198 2037 Ipooh
1215 1962 1247 2020 et

108 2087 169 2148 per
186 2086 260 2129 eum
277 2064 343 2130 suis
359 2064 531 2131 heredibus
549 2114 555 2128 .
573 2113 579 2128 .
596 2085 655 2147 pro
672 2063 889 2148 quadraginta
905 2065 1022 2130 marcis
1039 2063 1244 2129 denariorum

109 2174 153 2238 ad
171 2195 342 2239 numerum
359 2173 551 2251 Budensem,
576 2173 670 2256 plene
694 2173 736 2238 ab
761 2173 873 2238 eodem
898 2173 988 2238 Bcke
1013 2172 1245 2240 habitorum..

108 2285 181 2348 iure
210 2291 365 2368 perpetuo
383 2336 389 2348 .
407 2281 625 2348 ‚vendidisset
650 2335 656 2346 .
674 2332 681 2346 .
698 2288 730 2346 et
755 2282 797 2347 ad
822 2303 936 2348 manus
962 2281 1103 2346 ciusdem
1121 2329 1127 2344 .
1144 2331 1150 2344 .
1168 2281 1244 2346 assi·

108 2399 243 2474 guasset
259 2391 485 2476 possidendam
501 2441 507 2454 .
526 2443 532 2456 .
549 2390 637 2455 nullo
654 2389 890 2456 contradictore
907 2389 1037 2474 penitus
1057 2395 1243 2472 apparente,

107 2553 113 2565 .
132 2549 139 2564 .
157 2499 357 2584 obligacione
373 2500 432 2564 tali
450 2551 456 2563 .
475 2551 480 2562 .
498 2498 583 2582 quod
601 2499 627 2564 si
642 2499 760 2580 aliquis
778 2548 784 2562 .
802 2548 808 2561 .
825 2498 1004 2582 sepefatum
1014 2497 1103 2562 Beke
1114 2498 1243 2562 velcius

105 2607 244 2674 heredes
262 2655 269 2672 .
286 2661 293 2674 .
311 2607 438 2672 racione
464 2607 529 2671 iam
554 2606 681 2671 vendite
707 2656 737 2672 ..
763 2605 974 2691 possessionis
1001 2655 1031 2670 ..
1057 2606 1242 2689 inquietare

104 2714 291 2779 niteretur.
310 2763 316 2778 .
334 2735 443 2779 coram
468 2715 580 2796 quovis
605 2713 709 2779 iudice
735 2721 768 2778 et
793 2695 916 2794 ubique¹
937 2714 1090 2791 locorum,
1116 2719 1181 2778 tam
1208 2714 1240 2778 in

104 2821 225 2886 iudicio
243 2842 341 2902 quam
359 2827 452 2886 extra
467 2821 630 2912 iudicium,
650 2843 722 2887 cnm
739 2823 806 2888 suis
831 2821 1003 2888 heredibus
1029 2821 1179 2906 expedire
1195 2829 1240 2887 te-

103 2929 236 2994 rrebitur
253 2980 260 2994 .
277 2981 284 2994 .
302 2929 425 2995 Datum
450 2951 535 2996 anno
551 2929 708 2996 dominice
724 2931 958 2996 incarnacionis
984 2929 1160 2996 Millesimo
1177 2937 1239 2994 tre-

101 3060 165 3102 cen
181 3037 195 3122 (
196 3087 467 3104 ............
471 3035 484 3122 )
501 3045 620 3114 ootaro,
637 3037 825 3104 duodecimo
842 3037 997 3104 kalendas
1013 3037 1176 3121 Augusti3
1192 3059 1240 3102 rc-

98 3145 242 3210 rerendo
268 3147 337 3210 viro
361 3145 518 3228 magistro
543 3145 731 3211 Tatamerio
766 3146 898 3212 ecclesie
933 3151 1041 3212 nostre
1066 3147 1239 3229 preposito,

101 3253 247 3336 aulaque
263 3254 351 3338 regie
367 3254 647 3336 vicecancellari03
664 3255 811 3320 diso1·etis
827 3255 905 3320 riris
914 3253 978 3320 Pet
994 3252 1016 3336 (.
1034 3303 1040 3317 .
1058 3251 1080 3338 )
1097 3253 1237 3333 custode,

98 3363 170 3427 alio
185 3363 339 3428 Johanne
356 3362 478 3428 decano
495 3365 627 3429 ecclesie
644 3371 754 3429 nostre
770 3363 991 3430 existentibus

213 3507 238 3556 A
252 3507 344 3570 pecstt
357 3509 437 3556 atros
451 3509 479 3557 ts
494 3509 556 3558 zold
582 3512 685 3572 selyem
707 3509 844 3561 sodratrbl
858 3512 933 3576 sugg.
956 3509 996 3560 Aa
1010 3509 1118 3559 evezam
1133 3524 1184 3575 egy
1197 3509 1238 3559 re·

97 3598 161 3646 szet
184 3597 249 3662 ege'r
270 3597 350 3662 ragta
363 3597 401 3646 ki.
420 3597 559 3662 Eredotijc
582 3615 614 3648 aa
627 3597 705 3663 forsz.
727 3601 757 3649 lt.
772 3599 872 3650 kincst.
885 3604 953 3649 oszt.
967 3600 1000 3650 N.
1011 3599 1044 3649 R.
1059 3599 1091 3648 A.
1105 3603 1180 3650 1597.
1196 3603 1237 3649 25,

97 3687 171 3750 dipl.
185 3693 254 3736 oszt.
266 3691 343 3738 3997.
363 3687 459 3736 Kozli:
478 3688 587 3738 Kovacs
600 3689 633 3738 N.

99 4187 272 4269 1348.jal.
289 4190 341 4251 22.
359 4187 553 4274 Apozsoapi
567 4190 722 4276 captatae
740 4191 811 4257 elea
829 4191 947 4256 Milolo's
960 4197 1109 4278 pozsmryi
1118 4192 1235 4278 polqdr

95 4295 295 4378 etotajeszri,
310 4295 390 4382 boqy
408 4292 571 4384 Gtrqetepi
584 4296 686 4362 Jo'nos
701 4300 732 4362 e's
749 4299 851 4364 Dones
868 4299 990 4365 birtolco
1005 4323 1082 4364 ozon
1097 4302 1234 4386 menapi·

218 4403 325 4490 ae‘ybea
343 4405 423 4468 mint
438 4430 476 4470 az
492 4405 566 4470 nelei
582 4405 755 4488 lekbttetett,
773 4408 897 4472 bazola
913 4432 982 4472 nem
998 4409 1128 4475 cdctott

212 4545 401 4632 Capitulum
417 4548 548 4615 ecclesie
568 4549 772 4616 Posonionsis
797 4553 949 4617 memorie
965 4554 1232 4633 commendamus,

95 4655 190 4739 quod
205 4655 360 4739 providus
384 4656 432 4721 vir
447 4656 606 4724 Nicotaus
631 4659 717 4724 filius
742 4657 860 4726 Jacobi
882 4659 957 4725 ciris
983 4660 1067 4726 dicte
1093 4662 1231 4730 civitatis
