3138 5462
540 461 634 522 1347.
655 477 744 522 surr.
762 463 790 522 6.

636 805 687 866 54.

110 960 196 1022 1347.
212 969 286 1043 sept.
302 963 332 1022 o'.
365 958 393 1022 A
408 959 600 1043 pdcscriradi
624 971 750 1026 consent
765 962 1024 1049 bizouyodqlevele
1041 966 1089 1028 leel
1103 967 1230 1051 persid-

279 1065 354 1130 radi
366 1065 481 1150 μοῖράν
497 1066 596 1130 kbzdtt
612 1066 744 1152 le'trejb'lt
760 1067 862 1134 birlole
878 1070 1044 1137 enideo-ol.

202 1245 271 1312 Nos
296 1252 473 1312 conventus
497 1247 686 1313 monasterii
711 1247 938 1317 Waradiensis
962 1254 1115 1328 memorie
1139 1277 1222 1320 coru-

106 1354 284 1420 nrcodamns
295 1407 301 1420 .
313 1404 320 1418 .
332 1355 419 1437 qnod
435 1354 619 1420 constitutis
629 1377 738 1422 coram
748 1359 841 1424 nobis
851 1361 1067 1444 personaliter
1077 1361 1101 1426 J
1104 1363 1229 1430 ohanne

105 1463 165 1530 filio
181 1464 303 1529 Thome
320 1469 353 1530 et
369 1462 482 1528 Blasio
498 1462 566 1528 filio
583 1485 642 1528 suo
666 1463 706 1529 de
731 1466 861 1532 civitate
877 1467 1088 1534 Waiadieusi
1105 1469 1146 1534 ab
1163 1493 1228 1536 nna

106 1579 199 1658 parte,
214 1574 290 1637 item
308 1569 468 1654 Gregorio
478 1571 543 1636 filio
554 1571 713 1636 Kelemen
730 1576 840 1657 magni
857 1575 897 1640 de
914 1575 1025 1640 eedem
1043 1578 1172 1645 ciuitate
1189 1578 1231 1642 ab

105 1682 210 1760 altera,
225 1682 309 1746 idem
326 1681 496 1746 ‹lohannes
521 1679 607 1744 lilius
625 1679 747 1746 Tharne
764 1688 797 1746 et
812 1682 946 1748 Blasius
962 1683 1048 1749 filius
1065 1705 1141 1750 suus
1157 1683 1243 1750 cons

103 1792 173 1856 fessi
188 1797 261 1854 suut
277 1839 284 1854 .
302 1839 308 1853 .
327 1789 415 1870 quod
435 1789 497 1870 ipsi
524 1787 688 1869 quandam
714 1789 839 1854 vineam
856 1792 999 1874 ipsorum
1016 1794 1049 1857 in
1066 1795 1230 1862 territorio

104 1899 238 1982 predicte
253 1897 482 1962 waradiensis
507 1895 647 1962 civitatis
664 1917 684 1960 a
700 1904 793 1980 parte
819 1900 1011 1965 occidentali
1027 1901 1226 1982 existentem,

103 2007 267 2073 habentem
279 2007 400 2070 vicinos
417 2011 450 2070 et
465 2003 711 2069 conterminales
721 2005 930 2072 Dominioum
941 2007 1044 2074 lilium
1055 2008 1228 2074 Laureucii

104 2116 285 2192 oboriente,
301 2113 439 2180 eundem
455 2110 652 2196 Gregorium
667 2111 772 2178 filium
787 2113 947 2180 Kelemen
963 2115 1073 2198 magni
1090 2115 1131 2180 ab
1148 2119 1227 2181 ccci·

105 2223 205 2300 deute,
221 2228 252 2285 et
268 2221 353 2286 uiam
363 2241 514 2302 magnam
526 2240 546 2284 a
556 2221 792 2304 septemtrione,
803 2241 841 2286 er
851 2223 1037 2288 eorumdem
1053 2224 1229 2290 vicinorum

103 2337 132 2394 et
155 2328 431 2395 conterminalium
463 2348 593 2392 suorum
610 2327 828 2410 permissione,
859 2351 992 2396 assensu
1018 2332 1171 2397 benevolo
1197 2340 1232 2398 ct

102 2460 257 2515 consensu,
274 2436 462 2520 supradicto
479 2433 639 2518 Gregorio
655 2435 723 2500 filio
742 2435 902 2502 Kelemen
928 2460 987 2522 pro
1012 2445 1085 2504 octo
1110 2442 1228 2506 marcis

102 2547 303 2610 denariorum
318 2544 493 2622 bonolium,
509 2563 652 2608 marcam
669 2542 849 2623 quamlibet
864 2565 936 2610 cum
953 2565 1007 2610 ses
1023 2546 1131 2629 pensis
1147 2568 1230 2610 com-

100 2654 243 2737 putando,
261 2653 355 2736 plene
380 2652 500 2718 habitis
525 2657 557 2717 et
580 2652 717 2735 receptis
743 2651 784 2718 ab
800 2653 920 2732 eodem,
935 2661 969 2718 et
984 2675 1043 2736 per
1058 2675 1130 2720 euim
1157 2655 1223 2720 suis

99 2761 265 2828 heredibus
283 2812 289 2824 .
307 2813 313 2826 .
331 2760 570 2826 vendidissent.
587 2811 593 2824 .
612 2761 680 2824 iure
697 2767 853 2842 perpetuo
870 2810 894 2825 ..
911 2762 1135 2844 possidendam
1152 2815 1158 2827 .
1173 2811 1180 2825 .
1196 2769 1229 2828 et

100 2871 174 2950 quia
188 2869 299 2934 literas
315 2870 458 2951 ipsorum
475 2888 572 2950 snper
587 2867 674 2932 lacto
690 2867 832 2932 eiusdem
856 2869 947 2933 vinee
964 2869 1125 2935 coniectas
1141 2870 1228 2934 dixe-

99 2984 173 3042 runt
189 2999 221 3042 se
237 2978 392 3054 amisisse,
419 2977 518 3059 igitur
543 2975 772 3040 commiserunt
796 2981 832 3040 nt
858 2976 1116 3060 quandocunque
1142 2976 1225 3042 tales

98 3083 188 3149 litere
204 3105 300 3168 super
326 3083 413 3148 lacto
429 3083 580 3148 iamdicte
611 3081 702 3146 vinee
728 3089 841 3148 contra
867 3082 1003 3148 eundem
1030 3083 1227 3167 Gregorium

98 3191 144 3256 uel
169 3193 270 3277 ipsius
295 3211 495 3256 successores
520 3190 757 3272 exhiberentur,
783 3198 901 3256 extunc
925 3191 1109 3258 huiusmodi
1135 3192 1229 3258 litore

98 3300 205 3365 lrirole
221 3307 254 3365 et
269 3301 380 3364 inanes
390 3321 428 3365 ao
438 3301 567 3364 omuino
582 3298 704 3364 viribus
721 3305 827 3363 esseut
837 3301 987 3365 cariture.
1005 3299 1128 3366 Datum
1146 3301 1228 3368 feria

98 3411 210 3492 quinta
224 3409 371 3490 proxima
386 3414 461 3474 ante
477 3407 594 3472 festum
610 3407 802 3472 Natiuitatis
818 3408 951 3490 virginis
968 3408 1116 3492 gloriose,
1142 3430 1227 3475 auno

97 3518 214 3584 domini
234 3517 285 3582 ΜΟ
310 3515 409 3585 0000
431 3517 537 3582 ΧΠῃο
554 3517 698 3599 septima

202 3719 227 3767 A
241 3718 399 3781 pecsvsinadi
422 3717 596 3768 conventuali
612 3721 688 3766 1358.
702 3715 767 3779 maj.
784 3715 862 3765 tlt-bn
878 3729 982 3763 »coines
993 3714 1142 3778 Gregorius
1156 3715 1229 3764 filins

98 3807 228 3857 Kelemen
243 3809 337 3872 magni
351 3807 433 3857 iudex
447 3808 480 3857 de
494 3808 607 3857 civitate
630 3805 818 3856 waradiensi«
840 3803 990 3855 kerelmere
1014 3805 1122 3854 kiadott
1143 3805 1227 3854 sitita-

97 3899 179 3958 rauel,
199 3899 329 3962 rrielynek
350 3897 480 3962 credetije
503 3913 620 3963 rnegvau
644 3913 677 3946 az
691 3913 759 3946 orsu.
774 3898 804 3946 lt.
819 3896 918 3946 klucst.
942 3899 1008 3944 cszt.
1023 3895 1056 3942 N.
1070 3895 1102 3944 R.
1118 3894 1150 3944 Α.
1166 3899 1225 3944 oct.

97 3992 118 4035 ῖ.
131 3987 198 4051 dipl.
213 3999 282 4037 oszt.
297 3993 373 4038 3683.
389 3988 488 4038 Klinli:
509 3989 617 4038 Kovacs
631 3989 664 4037 N.
