3180 5470
491 517 498 522 ·
540 495 634 558 1350.
651 513 741 556 sarr.
759 497 808 556 23.
1187 497 1251 557 405

651 677 724 736 246.

126 817 217 879 1350.
234 826 307 900 sepi.
325 817 376 878 23.
401 831 431 878 A
449 814 547 878 dadai
571 814 725 898 kdplalan
750 815 820 878 altu
846 817 948 880 Keuc'z
963 819 1015 899 fia
1031 819 1146 905 Futcp,
1165 819 1257 883 litat

67 957 75 972 ·
124 924 224 1011 Hapyi
239 923 368 989 Andeda
385 925 523 1010 ledayuit
539 947 576 988 uz
591 925 714 1008 aupjulc
739 926 770 988 e's
794 929 1000 1012 uupyuuyjuk
1024 935 1102 994 utria
1135 929 1255 992 Paulas·

122 1039 199 1094 arcuit
224 1031 376 1096 birtolcbdl
398 1032 467 1096 dicct
491 1031 577 1095 illuto
600 1030 759 1094 tisberim
775 1032 1254 1121 bozomdnpijdrauddsdpukra

457 1140 545 1201 ue'zce
561 1138 631 1202 ke'sz
643 1137 768 1223 pe‘nzzel
782 1139 927 1225 kiele'pr'ti.

228 1300 296 1368 Nos
328 1300 506 1384 capitulum
546 1299 678 1365 ecclesie
719 1301 879 1366 Budensis
910 1353 940 1368 ..
972 1303 1190 1387 significamus
1222 1357 1252 1374 ..

121 1411 206 1492 quod
223 1411 353 1475 domina
369 1408 489 1474 Annus
512 1407 580 1472 filia
605 1405 738 1473 Andree
764 1409 840 1474 dicti
866 1412 961 1495 Hegy
987 1412 1026 1476 de
1046 1413 1120 1479 Ilka
1136 1437 1195 1498 pro
1219 1439 1252 1482 se

119 1521 334 1604 personaliter
351 1523 383 1582 et
398 1539 457 1602 pro
473 1519 579 1582 Fllena
603 1538 711 1583 sorore
736 1539 795 1582 sua
820 1519 888 1584 sine
913 1520 1076 1604 aliquibus
1101 1545 1277 1606 procura--

120 1629 211 1693 toriis
227 1629 332 1693 literis
358 1627 399 1691 ab
415 1649 488 1710 una,
504 1629 582 1691 item
597 1624 749 1692 Andreas
765 1627 850 1692 filius
866 1627 994 1694 Nicolai
1011 1630 1049 1694 de
1065 1631 1177 1714 Kyrth
1193 1655 1252 1717 pro

118 1737 272 1822 Philippo
287 1735 354 1800 filio
371 1735 501 1800 Keneen
518 1733 557 1798 de
574 1735 700 1820 Pauldy
716 1757 789 1800 cum
804 1739 1035 1820 procuratoriis
1052 1740 1156 1806 literis
1167 1744 1252 1824 capi·

118 1847 178 1910 tuli
195 1845 329 1910 ecclesie
345 1844 550 1908 Posoniensis
566 1849 660 1926 parte
676 1865 715 1908 ex
731 1844 843 1920 altera,
869 1865 976 1910 coram
993 1845 1085 1912 nobis
1101 1869 1253 1930 persona-

118 1954 191 2018 liter
217 1953 395 2034 constituti,
426 1951 566 2016 relatum
592 1952 716 2016 exstitit
750 1974 808 2036 per
833 1953 961 2018 eosdem
993 2004 1023 2018 ..
1050 1955 1135 2038 quod
1165 1957 1249 2022 idem

118 2063 292 2146 Philippus
318 2062 404 2126 filius
430 2061 542 2126 Kenez
561 2084 625 2144 per
650 2061 889 2128 ordinacionem
921 2069 953 2128 et
984 2066 1251 2146 composicionem

117 2172 293 2254 proborum
319 2172 459 2235 virorum
491 2219 521 2234 ..
546 2169 639 2235 dictis
664 2170 853 2236 dominabus
871 2170 988 2236 Annus
1014 2179 1045 2237 et
1065 2173 1168 2239 Eleae
1193 2173 1250 2238 fili-

118 2279 197 2344 abus
224 2278 358 2344 Andree
383 2278 460 2342 dicti
485 2277 591 2361 Hygy,
617 2282 765 2360 pretextu
791 2284 906 2358 quarte
937 2281 1092 2362 puellaris
1125 2281 1251 2346 domine

117 2391 241 2470 matris,
258 2395 291 2454 et
306 2411 365 2472 pro
381 2389 454 2453 dote
471 2393 503 2451 et
519 2387 615 2452 rebus
631 2385 924 2470 parorphanalibus
950 2391 1019 2454 arie
1036 2391 1188 2474 ipsarum,
1212 2391 1251 2457 de

117 2499 318 2582 possessione
334 2497 436 2581 ipsius
451 2495 597 2580 Philippi
607 2495 666 2560 filii
676 2495 798 2573 Kenez,
810 2496 937 2581 Pauldy
946 2499 1121 2577 nominata,
1131 2500 1251 2566 eisdem

118 2607 313 2671 dominabus
329 2605 496 2689 provenire
513 2603 712 2685 debentibus,
728 2605 841 2686 viginti
859 2625 912 2669 sex
932 2627 1057 2671 marcas
1074 2609 1163 2690 gravi
1177 2630 1251 2691 pon·

118 2715 204 2779 deris
233 2714 267 2778 in
283 2714 420 2798 promtis
436 2712 587 2790 denariis,
602 2733 745 2778 marcam
763 2713 941 2795 quamlibet
951 2735 1029 2778 »cum
1046 2714 1154 2780 decem
1174 2738 1249 2799 pen-

118 2824 161 2889 sis
179 2823 404 2905 computando,
421 2823 455 2886 in
471 2821 574 2886 tribus
590 2820 736 2886 terminis
754 2820 966 2906 infrascriptis
983 2843 1091 2888 coram
1108 2824 1249 2906 capitulo

118 2931 251 2996 ecclesie
266 2929 473 2995 Posoniensis
490 2928 611 2993 solvere
628 2931 841 3010 assumsisset,
859 2936 891 2994 et
906 2931 990 2994 idem
1000 2929 1152 2997 Andreas
1162 2931 1248 2998 filius

117 3039 246 3104 Nicolai
257 3037 415 3120 premissa
425 3035 648 3119 procuratoris
657 3037 851 3102 auctoritate
861 3040 1014 3104 assumsit
1024 3061 1133 3104 coram
1149 3040 1249 3122 nobis,

117 3147 176 3212 tali
193 3145 393 3228 obligacione
409 3144 608 3228 interposita,
625 3145 711 3227 quod
736 3145 763 3208 si
789 3143 872 3210 idem
892 3146 1064 3231 Philippus
1079 3146 1165 3213 filius
1182 3149 1249 3214 Ke-

116 3277 174 3320 nez
191 3260 264 3320 octo
280 3275 406 3319 marcas
421 3254 454 3317 in
470 3253 606 3336 promtis
633 3253 775 3318 denariis
800 3254 834 3319 in
859 3255 978 3320 octaris
1003 3255 1090 3321 beati
1115 3255 1249 3322 Andree

115 3363 264 3447 apostoli,
281 3367 314 3426 et
329 3361 411 3426 alias
427 3382 538 3426 norem
549 3375 675 3427 marcas
691 3362 724 3425 in
740 3363 859 3427 octaris
876 3363 939 3427 diei
955 3363 1052 3429 medii
1063 3362 1249 3448 Quadrage·

115 3473 196 3536 sime
220 3470 364 3554 proxime
380 3468 531 3534 affuturis
547 3467 642 3533 dictis
667 3468 856 3534 dominabus
882 3491 990 3535 coram
1006 3472 1090 3536 dicto
1107 3473 1249 3557 capitulo

114 3578 308 3644 Posoniensi
323 3577 417 3642 modo
433 3583 636 3660 preaesumto
652 3577 773 3642 solvere
784 3598 847 3642 non
858 3585 997 3661 curaret,
1007 3601 1124 3664 penam
1139 3581 1249 3647 iudicii

114 3689 308 3765 subiaceret,
334 3688 461 3752 sivero
486 3689 568 3752 alias
593 3709 703 3752 novem
731 3708 857 3753 marcas
883 3687 1034 3754 similiter
1059 3691 1091 3754 in
1111 3691 1247 3774 promtis

113 3797 257 3862 denariis
273 3797 307 3860 in
325 3796 444 3861 octavis
460 3795 534 3860 festi
550 3796 728 3861 nativitatis
745 3797 833 3860 beati
849 3795 874 3859 J
875 3797 987 3862 oannis
997 3797 1147 3883 Baptista
1164 3821 1248 3863 nunc

112 3905 273 3981 affuturis,
289 3903 383 3968 modo
400 3923 463 3985 quo
481 3926 587 3987 supra,
604 3904 698 3969 dictis
724 3904 912 3969 dominabus
936 3905 1065 3970 racione
1081 3906 1248 3989 premisso-

111 4036 187 4080 rum
204 4013 329 4078 solvere
354 4013 533 4096 negligeret
564 4062 593 4076 ..
618 4017 736 4078 extunc
751 4013 784 4076 in
800 4033 885 4096 pena
909 4013 1000 4096 dupli
1019 4013 1178 4078 dictarum
1195 4035 1248 4096 pe·

111 4123 285 4189 curiarum
301 4121 531 4204 principalium
548 4126 782 4204 aggravaretur
807 4141 844 4184 eo
869 4120 953 4185 facto
974 4120 1146 4205 Philippus
1162 4121 1247 4186 filius

111 4231 227 4297 Kenez
244 4234 437 4313 prenotatus
469 4277 500 4292 ..
524 4229 649 4294 Datum
668 4229 749 4294 feria
759 4230 873 4310 quinta
882 4231 1030 4314 proxima
1039 4236 1114 4294 ante
1129 4230 1247 4295 festum

111 4341 200 4404 beati
216 4337 389 4404 Michaelis
406 4337 601 4421 archangeli,
618 4358 702 4401 anno
719 4335 839 4402 domini
865 4337 917 4402 ΜΟ
946 4335 1065 4403 OOCmo
1090 4339 1248 4422 quinqua·

110 4466 245 4531 gesrmo.

221 4590 375 4655 Hatlapjztn
389 4591 480 4654 pecstt
493 4591 668 4654 nyomaival;
682 4591 811 4656 erodetije
824 4607 856 4641 az
868 4606 935 4641 orsz.
950 4593 982 4642 lt.
993 4591 1092 4642 kincst.
1107 4595 1173 4640 oszt.
1188 4593 1247 4643 Mo·

110 4683 178 4733 nial.
194 4681 316 4744 Tyrnav.
333 4686 374 4730 11.
390 4686 412 4729 1.
427 4679 492 4743 dipl.
507 4686 575 4729 oszt.
587 4685 664 4730 4148.
685 4681 783 4730 Kozli:
805 4683 912 4734 Koraos
926 4682 959 4732 N.
