3188 5476
589 569 684 632 1352.
702 587 772 632 cor.
790 575 818 633 6.
1204 571 1268 632 613

142 755 254 833 sponte
272 753 501 814 assumserunt.
534 747 658 812 Datum
678 748 781 826 Bude,
801 754 912 814 octavo
936 748 986 812 die
1012 747 1142 814 termini
1158 771 1272 832 preno-

144 861 210 936 tati,
227 878 311 922 anuo
328 858 448 924 domini
466 857 541 922 Μιιιο
558 855 679 924 0001110
696 857 762 922 L¹¹¹⁰
779 857 927 922 sectando.

248 1021 815 1088 Ρο1111ο1,1111011111110010111011101101;
835 1020 965 1085 eredetije
988 1037 1004 1071 a
1029 1022 1063 1071 N.
1078 1021 1274 1072 Muneunrban.

668 1387 742 1448 384.

142 1547 235 1610 1352.
254 1557 311 1610 oct.
328 1547 358 1610 6.
385 1543 415 1609 Α
432 1547 534 1610 budrii
549 1547 709 1633 tripla-loa
727 1546 993 1632 bizoopsdplecelo
1012 1545 1147 1632 Veraely
1168 1569 1269 1610 coortos

206 1656 370 1720 baduvdra‘
385 1655 456 1718 tao
470 1656 656 1742 leriayriaak
673 1655 849 1719 1011101011
865 1655 1194 1742 0011·0110011001111·ὅῑ.

247 1837 434 1922 Capitulum
452 1837 613 1906 Budensis
630 1837 762 1904 ecclesie
780 1887 785 1898 .
803 1889 808 1902 .
834 1836 875 1902 ad
894 1837 1138 1902 universorum.
1157 1885 1163 1899 .
1188 1835 1270 1900 noti-

138 1948 222 2014 ciam
238 1999 244 2012 .
262 1998 268 2012 .
293 1945 437 2012 volumus
453 1947 629 2029 pervenire,
646 1945 731 2028 qnod
747 1967 818 2010 oum
835 1965 893 2010 nos
910 1945 952 2009 ad
969 1997 975 2011 .
993 1997 999 2009 .
1024 1945 1199 2028 peticiones
1215 1963 1269 2007 no-

137 2055 212 2119 bilis
230 2055 356 2119 domine
373 2053 471 2121 01010
487 2060 596 2119 vocato
613 2053 677 2118 filie
694 2053 816 2119 scilicet
826 2053 963 2120 condam
980 2053 1104 2118 comitis
1115 2052 1271 2136 Wernely

137 2163 253 2228 iudicis
280 2163 378 2229 castri
404 2161 565 2226 Budensis
590 2163 623 2226 in
649 2161 837 2226 infirmitate
857 2162 1072 2227 existentis..
1096 2159 1269 2243 magistros

137 2273 274 2338 Petrum
290 2279 322 2337 et
338 2270 363 2336 J
365 2269 522 2336 ohannem
539 2271 641 2336 socios
657 2276 689 2334 et
705 2272 944 2351 concanonicos,
961 2269 1003 2334 ad
1018 2267 1196 2334 audiendas
1206 2275 1270 2334 tos·

136 2381 348 2446 tamentarias
379 2379 608 2462 disposiciones
640 2377 782 2444 eiusdem
821 2378 948 2444 domine
979 2398 1039 2460 pro
1078 2377 1271 2443 testimoniis

137 2508 226 2554 moro
243 2487 338 2552 solito
355 2487 614 2564 destinassemus,
631 2486 727 2551 iidem
744 2485 871 2552 demum
897 2506 1034 2550 unacum
1051 2485 1209 2568 religiosis
1225 2473 1269 2551 ri·

135 2597 181 2662 ris
198 2595 355 2661 fratribus
371 2595 476 2660 Paulo
491 2595 610 2670 lectore
627 2595 712 2660 dicto
728 2595 767 2659 de
784 2593 881 2680 Sceps
907 2601 940 2660 et
954 2593 1103 2660 Emerioo
1120 2595 1206 2660 dicto
1231 2594 1270 2658 de

135 2703 338 2786 Albaregali,
354 2703 477 2767 ordinis
493 2703 598 2767 sancti
614 2703 794 2782 Francisci,
810 2703 851 2767 ad
868 2723 925 2766 nos
942 2702 1070 2780 reversi,
1085 2703 1178 2768 nobis
1194 2723 1266 2768 oon-

136 2811 279 2878 corditer
296 2810 477 2877 retulerunt
494 2831 530 2876 eo
546 2811 648 2889 modo,
661 2810 746 2892 quod
763 2811 909 2896 predicta
925 2811 1054 2876 domina
1070 2811 1177 2889 01010,
1193 2811 1269 2876 11001

134 2924 168 2987 11
193 2921 276 2986 10010
304 2919 496 3003 egritudinis
519 2920 661 3003 graviter
695 2919 889 2984 decumbens
924 2921 1107 2998 exstitisset,
1140 2915 1268 3006 compos

134 3035 246 3094 tamen
262 3049 318 3094 sue
334 3030 451 3094 mentis
467 3049 524 3112 per
541 3031 647 3094 omnia
673 3050 760 3107 sana,
786 3029 908 3094 salubri
925 3029 1123 3094 confessione
1140 3030 1181 3095 ad
1197 3052 1267 3114 pre-

134 3137 256 3203 dictum
273 3136 408 3202 fratrem
425 3137 566 3202 Paulum
581 3137 742 3218 lectorem,
759 3143 954 3221 acceptoque
966 3159 1056 3203 sacro
1072 3145 1184 3206 sancto
1201 3161 1267 3204 cor·

133 3267 214 3332 pore
231 3245 355 3313 Christi
380 3247 540 3314 incorum
567 3249 742 3329 presencia,
761 3247 846 3311 inter
870 3252 994 3313 ceteras
1020 3267 1095 3312 suas
1121 3247 1267 3314 salubres

138 3354 403 3419 testamentarius
413 3353 649 3439 disposiciones,
661 3355 803 3438 quinque
813 3357 922 3420 vineas
933 3376 1017 3435 snas,
1027 3377 1089 3440 quc
1105 3355 1181 3422 olim
1198 3378 1267 3440 per·

133 3462 192 3527 fidi
210 3467 242 3527 et
257 3461 467 3528 infidelissimi
484 3463 695 3528 Peturmanni
713 3469 790 3529 tuno
807 3465 883 3529 ciris
900 3465 1060 3530 Budensis
1075 3465 1221 3545 fuissent,
1238 3473 1270 3531 et

133 3591 194 3654 per
210 3619 241 3634 ..
272 3569 438 3638 Karulum
463 3593 620 3656 regem..
650 3572 711 3636 sibi
737 3572 854 3638 collate
882 3575 1081 3640 exstitissent
1112 3582 1267 3659 perpetuo

134 3679 336 3764 possidendo,
352 3678 488 3744 Nicolao
504 3688 537 3746 01
554 3679 719 3764 Stephano
734 3679 809 3747 filiis
826 3682 973 3762 magistri
994 3679 1154 3763 Gregorii,
1171 3703 1265 3765 nepo·

132 3789 222 3854 tibus
239 3789 305 3854 suis
322 3794 353 3854 et
370 3809 433 3854 non
450 3789 531 3869 aliis,
547 3789 579 3851 in
596 3789 761 3854 territorio
788 3789 927 3854 civitatis
952 3789 1113 3856 Budensis
1130 3790 1265 3856 existen-

130 3904 190 3974 tes
221 3896 255 3961 11
287 3895 368 3961 filios
393 3895 532 3962 filiorum
558 3896 751 3974 eorumdem,
777 3899 851 3962 item
882 3897 1056 3963 Pulkrenta
1081 3899 1266 3984 ubicunque

131 4006 240 4090 ipsam
257 4005 487 4087 contingencia,
504 4011 613 4088 preter
629 4005 805 4070 Pulkrezto
832 4007 917 4090 quod
943 4006 1033 4090 nepti
1052 4027 1108 4072 sue
1124 4009 1266 4093 Magyoh

135 4114 265 4178 nomine
281 4113 430 4196 legasset,
447 4119 479 4177 et
496 4134 606 4178 omnes
622 4120 726 4178 terras
743 4114 883 4178 arabiles
909 4135 946 4178 00
970 4122 1066 4199 prata
1082 4135 1149 4198 sua,
1166 4118 1265 4182 omni-

129 4225 192 4288 bus
208 4221 379 4304 nepotibus
395 4223 506 4287 suiset
522 4223 624 4288 eciam
640 4222 767 4286 domine
776 4221 947 4287 Elisabeth
965 4224 1066 4288 sorori
1082 4225 1265 4290 eorumdem

130 4330 293 4414 equaliter
309 4329 480 4396 dividenda
496 4352 553 4395 seu
570 4330 764 4408 dividendas,
780 4331 857 4396 item
873 4331 1046 4415 pallacium
1066 4354 1159 4397 suum
1179 4335 1264 4416 quod

131 4460 235 4526 prope
252 4438 417 4504 ecclesiam
435 4440 539 4503 sancti
555 4439 580 4502 J
582 4439 716 4504 ohannis
728 4440 934 4523 evangeliste,
950 4440 1101 4524 predictis
1128 4441 1264 4510 Nicolao

129 4553 164 4613 et
182 4544 347 4630 Stephano
363 4546 439 4612 filiis
456 4545 617 4629 Gregorii,
630 4547 677 4610 ita
693 4546 850 4626 videlicet,
862 4547 947 4631 quod
963 4548 1168 4613 medietatem
1182 4551 1263 4614 eius-

127 4655 204 4721 dem
221 4674 240 4718 a
256 4660 349 4741 parte
366 4653 530 4719 danobiali
548 4675 604 4718 seu
629 4655 779 4720 orientali
803 4654 976 4740 Stephano,
1002 4656 1100 4722 aliam
1117 4651 1261 4722 dimidie-

125 4769 232 4830 tatem
257 4783 277 4826 0
302 4770 394 4846 parte
420 4763 611 4832 occidentali
635 4764 796 4847 equaliter
815 4765 983 4834 dividendo
1007 4765 1152 4846 Nicolao,
1184 4755 1273 4836 11011Ι
