3180 5466
355 553 418 612 556
706 567 891 613 nmiouuuur
909 555 1121 616 ‹ruulur'rlu

353 732 438 794 mine
464 730 565 794 illene
591 737 773 815 nuncupate
799 732 926 815 coniugi
953 733 1048 797 Pauli
1075 734 1152 799 dicti
1179 735 1310 812 Potroh,
1336 741 1485 818 quartam

352 839 530 922 puellarem
555 860 627 903 cum
652 839 726 903 dote
752 841 866 904 matris
893 841 1044 920 eiusdem,
1061 843 1266 925 presentibus
1293 843 1386 908 nobis
1403 843 1485 906 idem

351 947 506 1012 Nicolaus
523 954 555 1010 et
571 947 630 1012 filii
647 949 696 1012 sui
715 949 748 1012 in
773 949 927 1030 predictis
954 953 1073 1016 octavis
1091 951 1255 1035 exdarent,
1273 960 1305 1017 et
1325 954 1428 1017 eciam
1451 952 1483 1015 in

352 1056 471 1120 eisdem
489 1057 591 1120 literis
607 1058 726 1121 nostris
743 1059 880 1136 insertis,
896 1065 1060 1124 utcontra
1077 1061 1182 1126 aliam·
1197 1061 1362 1125 dominam
1379 1060 1484 1126 Elina-

353 1163 407 1228 bet
423 1171 642 1247 nuncupatam
659 1167 826 1249 coniugem
837 1167 1008 1232 Michaelis
1020 1169 1059 1232 de
1075 1169 1186 1233 Doboz
1204 1170 1376 1234 iamdictus
1394 1167 1424 1232 N
1427 1170 1485 1234 ico-

353 1271 424 1337 laus
440 1294 512 1339 eum
530 1273 682 1358 predictis
703 1274 778 1340 filiis
789 1275 856 1340 suis
866 1279 900 1340 in
911 1279 1031 1344 octavis
1042 1279 1139 1343 medii
1156 1279 1389 1362 Katragesime
1406 1275 1483 1362 (tgy)

354 1382 571 1448 testimonium
602 1383 762 1448 adducere
788 1385 982 1450 tenebantur
1016 1409 1112 1470 super
1143 1409 1188 1466 eo,
1222 1395 1259 1451 nt
1290 1387 1393 1451 eidem
1434 1387 1483 1450 do·

354 1492 438 1556 mine
456 1496 606 1572 quartam
624 1491 800 1572 puellarem
826 1514 899 1558 cum
925 1493 998 1558 dote
1023 1495 1138 1560 matris
1162 1496 1305 1560 eiusdem
1321 1493 1485 1578 persolvis-

354 1605 410 1662 set.
436 1597 504 1662 Nos
522 1619 596 1661 vero
614 1647 643 1662 ..
668 1601 701 1662 in
730 1600 883 1681 predictis
909 1603 1029 1665 octavis
1056 1601 1119 1666 diei
1145 1599 1298 1667 Oinerum
1316 1601 1484 1667 adfaciem

354 1707 498 1788 predicte
515 1708 725 1789 possessionis
742 1708 930 1789 accedendo,
959 1709 1041 1773 idem
1068 1709 1224 1776 Nicolaus
1241 1733 1312 1775 curn
1332 1710 1407 1774 filiis
1423 1711 1484 1774 suis

354 1815 507 1896 predictis
523 1816 738 1898 personaliter
763 1817 908 1894 astando,
934 1837 991 1900 pro
1016 1817 1170 1899 predictis
1196 1839 1270 1882 vero
1296 1817 1483 1882 dominabus

353 1923 459 1988 Elena
484 1931 516 1986 et
541 1923 691 1988 Elisabet
721 1924 850 1990 filiabus
876 1926 1021 1991 iamdicti
1045 1925 1208 1990 Johannis
1240 1926 1312 1991 Bok
1332 1926 1483 1992 Nicolaus

354 2031 494 2096 famulus
511 2037 543 2094 et
559 2039 749 2114 procurator
767 2033 984 2116 predictarum
1002 2034 1205 2099 dominarum
1215 2055 1287 2098 cum
1304 2034 1406 2098 literis
1416 2056 1483 2117 pro

355 2139 527 2203 curatoriis
542 2138 674 2202 ecclesie
691 2138 716 2204 J
717 2141 874 2206 auriensis
891 2163 949 2224 pro
966 2141 1084 2205 eisdem
1109 2140 1245 2205 astando
1262 2161 1371 2205 coram
1387 2140 1482 2220 nobis,

354 2269 412 2330 per
428 2247 665 2312 ordinacionem
682 2249 857 2331 proborum
872 2249 1013 2314 virorum
1031 2249 1072 2314 ad
1089 2249 1186 2313 talem
1211 2249 1407 2314 devenerunt
1430 2271 1483 2332 pa-

355 2358 399 2421 cis
416 2357 576 2430 unionem‚
594 2355 679 2438 quod
696 2355 850 2421 Nicolaus
867 2356 952 2421 filius
968 2355 1097 2422 Nicolai
1114 2379 1186 2421 cnm
1202 2356 1278 2421 filiis
1295 2357 1483 2438 supradictis

355 2486 453 2530 unam
485 2465 715 2546 possessionem
741 2465 883 2546 ipsorum
910 2464 1086 2528 Boruznulr
1112 2469 1264 2540 vocatam,
1283 2486 1355 2529 cum
1386 2467 1480 2529 omni-

355 2574 459 2637 bus..
486 2573 701 2656 pertinenciis,
726 2573 887 2638 iamdictis
908 2565 1097 2638 dominabus
1122 2575 1224 2639 Eleae
1254 2580 1286 2639 et
1311 2574 1481 2640 Elisabeth

355 2681 482 2746 filiabus
507 2681 714 2746 lobannis..
739 2703 797 2764 pro
824 2689 941 2764 quarta
966 2680 1057 2746 filiali
1090 2682 1233 2764 ipsarum
1259 2703 1318 2746 uec
1344 2703 1404 2746 non
1426 2705 1483 2766 pro

355 2791 429 2855 dote
445 2789 558 2854 matris
576 2790 758 2854 eorumdem
774 2791 809 2853 in
825 2791 944 2854 octavis
961 2789 1173 2855 Pentecosten
1184 2791 1329 2872 proxime
1347 2791 1482 2854 venturis

356 2904 536 2962 statuerent
551 2896 784 2979 possidendam,
811 2897 896 2978 quod
922 2897 948 2960 si
975 2897 1185 2962 statucionem
1203 2899 1483 2979 pretermitterent,

356 3011 473 3070 extunc
497 3005 583 3069 idem
608 3005 764 3070 Nicolaus
790 3005 875 3070 filius
902 3005 1029 3070 Nicolai
1055 3027 1127 3070 curn
1148 3005 1222 3070 filiis
1240 3007 1306 3069 suis
1334 3006 1482 3071 Ladislac

356 3116 454 3178 Petro
471 3122 504 3181 et
520 3113 693 3197 Stephane,
711 3116 742 3179 in
760 3115 857 3197 duplo
875 3115 1018 3198 predicte
1043 3115 1252 3196 possessionis
1268 3115 1482 3179 convinceren-

356 3231 410 3287 tnr
427 3244 463 3287 eo
479 3223 572 3300 facto,
589 3224 674 3287 idem
699 3222 855 3287 Nicolaus
881 3228 1072 3303 procurator
1098 3224 1319 3305 predictarum
1346 3223 1481 3286 domina·

356 3354 428 3396 rum
445 3332 608 3395 dominum
626 3353 717 3395 suum
734 3332 872 3396 Paulum
890 3333 1012 3396 dictum
1029 3331 1153 3396 Potroh
1172 3332 1482 3412 auctoritateprocu-

356 3441 479 3504 ratoria
495 3439 651 3520 obligavit
667 3441 700 3503 in
716 3441 801 3504 hunc
816 3442 954 3516 modum,
973 3445 1009 3503 ut
1025 3447 1100 3503 ante
1117 3441 1330 3504 statucionem
1347 3439 1482 3521 predicte

357 3547 565 3629 possessionis
591 3553 746 3628 quantam
774 3548 940 3629 pecuniam
966 3571 1024 3630 pro
1050 3549 1212 3612 solucione
1239 3553 1356 3627 quarte
1382 3546 1482 3610 filialis

357 3655 483 3718 domine
499 3654 672 3719 Elizabeth
689 3657 832 3738 coniugis
848 3655 1019 3720 Michaelis
1045 3657 1084 3719 de
1100 3655 1212 3720 Doboz
1230 3677 1267 3719 ac
1284 3655 1360 3718 dote
1377 3655 1482 3718 matris

358 3763 497 3826 eiusdem
524 3761 608 3826 idem
634 3761 781 3826 dominus
807 3785 882 3826 suris
908 3785 928 3826 a
953 3762 1089 3828 Nicolao
1115 3763 1181 3826 filio
1208 3761 1336 3828 Nicolai
1362 3784 1399 3828 uc
1414 3761 1482 3825 filiis

357 3870 423 3934 suis
440 3872 612 3952 recepisset
629 3869 691 3934 fide
703 3893 760 3935 sua
770 3872 932 3935 mediante
950 3872 1130 3953 per-diceret
1147 3868 1231 3956 (igy)
1248 3877 1280 3934 et
1295 3869 1482 3952 perdicenda

357 3979 553 4064 persolveret
568 3979 601 4041 in
618 3980 737 4042 octavis
769 3981 1005 4062 suprascriptis,
1032 3985 1064 4042 et
1080 3981 1107 4043 si
1132 3980 1269 4043 eundem
1286 3977 1426 4043 Paulum
1447 3998 1482 4038 ex

357 4088 418 4150 hac
432 4086 503 4151 luce
520 4087 660 4168 migrare
677 4089 882 4170 contingeret,
900 4093 1016 4152 extunc
1033 4088 1178 4169 predicta
1203 4087 1333 4151 domina
1353 4087 1482 4150 coniunx

358 4215 416 4258 sna
442 4194 590 4258 similiter
616 4216 688 4258 curn
713 4195 775 4258 fide
801 4217 858 4259 sua
883 4195 1076 4277 perdicendo
1101 4195 1298 4279 persolveret
1322 4195 1482 4276 pecuniam

359 4323 456 4384 quam
474 4302 610 4366 maritus
628 4325 704 4367 suus
721 4303 761 4366 ab
777 4303 895 4367 eisdem
910 4303 1101 4386 recepisset;
1127 4303 1265 4368 statucio
1289 4308 1398 4366 autem
1415 4321 1481 4385 pre·

358 4410 457 4476 missa
474 4429 532 4474 nec
548 4431 619 4473 cum
635 4409 739 4474 literis
756 4409 875 4474 domini
892 4409 977 4492 regis
1003 4417 1035 4473 et
1060 4410 1170 4492 regine
1187 4416 1243 4474 aut
1259 4410 1395 4474 alicuius
1411 4409 1481 4473 alte

358 4518 434 4596 rius,
445 4538 503 4581 nec
519 4517 646 4582 racione
657 4516 791 4600 aliquali
803 4517 843 4582 ad
853 4517 1028 4599 longiorem
1044 4516 1217 4582 terminum
1234 4515 1395 4600 predictos
1406 4513 1482 4598 (igy)

358 4624 529 4689 Nicolaum
555 4623 656 4688 filium
682 4623 808 4688 Nicolai
837 4631 869 4688 et
894 4623 974 4687 filios
1001 4645 1074 4688 suos
1100 4625 1202 4707 possit
1227 4625 1405 4708 prorogari,
1429 4624 1483 4687 hoc

360 4733 462 4797 eciam
479 4731 675 4816 interposito,
693 4733 778 4814 quod
795 4731 933 4814 birsagio
950 4753 1013 4813 quo
1036 4729 1120 4795 idern
1136 4731 1292 4797 Nicoleus
1318 4753 1389 4797 cnm
1413 4729 1483 4794 filiis
