3192 5466
558 424 652 484 1348.
669 425 741 485 666.
762 426 811 484 rs.
890 477 897 504 „
1185 429 1245 488 183

115 597 361 681 comprobabat3
385 605 417 662 et
433 599 509 681 quia
520 599 552 664 in
571 601 725 684 predictis
741 602 846 667 literis
864 604 976 668 vestris
993 603 1247 688 privilegialibus

117 706 185 787 ipso
202 727 308 770 comes
325 705 436 771 Simon
452 707 557 772 dictus
574 709 734 773 Horuatlr
758 711 864 794 ipsum
890 713 1039 776 conritem
1064 712 1246 779 Martinum

115 822 148 879 66
163 837 237 880 suos
253 815 388 880 heredes
405 815 446 880 ab
462 816 608 881 omuibus
634 819 762 884 racione
788 818 872 884 dicte
896 821 1105 903 possessionis
1121 822 1248 888 Hassas

114 923 287 989 molestare
313 923 493 988 volentibus
519 925 668 1009 expedire
685 927 872 991 assumsisse
902 928 1142 1011 reperiebatur,
1175 931 1247 994 ideo

114 1053 187 1096 6666
204 1033 310 1115 ipsum
327 1029 489 1096 Simonem
505 1031 607 1096 filium
632 1034 733 1118 ipsius
749 1035 874 1098 comitis
890 1033 1027 1099 Martini
1045 1033 1058 1119 (
1060 1085 1234 1101 ........
1235 1039 1249 1122 )

113 1141 332 1204 instrumenta
350 1161 445 1223 super
461 1141 532 1224 ipsa
548 1141 746 1222 possessione
763 1141 889 1208 Hassas
906 1142 1054 1226 habebat,
1078 1145 1127 1208 vel
1143 1144 1249 1226 ipsum

114 1249 265 1314 comitem
282 1247 447 1314 Simonem
464 1249 585 1314 dictum
610 1249 769 1315 Horwath
786 1252 819 1315 in
836 1253 1041 1335 expedicione
1066 1253 1150 1318 dicte
1176 1275 1247 1336 pos-

113 1358 266 1423 sessionis
282 1357 410 1423 Hassas
427 1355 450 1441 (.
467 1409 472 1422 .
490 1392 496 1422 6
514 1407 736 1423 ..........
738 1356 752 1444 )
770 1361 1015 1443 quampluribus
1041 1363 1162 1428 vicibus
1191 1364 1246 1428 ha·

113 1468 294 1532 buissernus
311 1469 511 1551 requisitum,
536 1466 621 1532 idem
638 1467 749 1534 Simon
774 1469 860 1534 filins
886 1471 1010 1545 comitis
1036 1471 1174 1536 Martini
1190 1495 1249 1538 sua

113 1583 147 1640 et
163 1576 304 1640 fratrum
320 1597 451 1639 suornm
470 1576 503 1640 in
522 1577 669 1659 personis
688 1625 714 1641 ..
735 1575 901 1660 astando(
903 1625 1077 1642 ........
1080 1577 1094 1662 )
1111 1579 1144 1643 in
1163 1579 1249 1646 facto

112 1685 200 1749 dicte
218 1683 427 1767 possessionis
444 1682 569 1748 Hassas
586 1685 682 1768 plura
706 1686 924 1750 instrumenta
950 1708 1013 1750 666
1037 1687 1165 1764 16616666,
1191 1710 1250 1754 666

112 1793 236 1857 dietum
269 1793 417 1856 comitem
449 1791 613 1858 Simonem
645 1794 765 1858 dictum
796 1793 960 1859 Horuath
985 1796 1018 1859 in
1045 1797 1250 1878 expedicione

113 1901 260 1966 eiusdem
286 1898 534 1984 possessionis(
536 1949 829 1966 .............
831 1900 844 1987 )
871 1901 1037 1986 allegavit3
1066 1903 1149 1970 unde
1178 1926 1250 1969 cum

112 2008 243 2094 prelata
269 2009 427 2092 possessio
452 2007 579 2073 Hassas
611 2009 765 2092 premisse
796 2010 948 2074 emtionis
982 2011 1077 2075 titulo
1101 2016 1251 2094 protacta

112 2117 223 2182 comiti
249 2102 394 2183 Martino
417 2117 583 2200 quondam
611 2116 787 2182 castellano
813 2116 852 2181 de
877 2117 978 2182 Dewa
1003 2123 1035 2182 et
1061 2139 1118 2200 per
1143 2140 1250 2184 conse-

112 2225 362 2320 quensprefatis
372 2223 446 2290 filiis
457 2225 522 2290 suis
539 2231 652 2290 contra
667 2224 829 2307 legitimas
845 2224 1082 2308 prohibiciones
1098 2227 1250 2310 prelibati

111 2333 204 2398 Beke
230 2333 290 2398 filii
309 2332 456 2398 Ladislai
482 2333 578 2398 ricini
595 2339 628 2398 et
644 2333 856 2398 commetanei
873 2333 1015 2398 eiusdem
1042 2337 1250 2416 possessionis

111 2443 242 2507 Hassas
261 2441 447 2506 nullatenus
458 2441 644 2524 perpetuari
653 2441 804 2524 potuisse,
815 2441 869 2506 sed
881 2440 992 2506 eadem
1003 2442 1131 2506 racione
1142 2443 1250 2508 vicini·

111 2551 192 2616 tatis
202 2556 236 2614 et
251 2551 540 2615 commetaneitatis
551 2550 654 2633 magis
670 2549 864 2614 redemcioni
878 2549 997 2632 prefati
1008 2549 1097 2614 Beke
1113 2549 1247 2616 16111166-

110 2659 209 2724 dislai
219 2658 312 2741 regni
329 2657 555 2724 consuetudine
572 2658 719 2739 exigente
730 2678 768 2721 ex
779 2657 961 2723 rosionibus
972 2658 1136 2741 premissis
1147 2661 1246 2742 perti·

109 2789 189 2833 noro
199 2767 395 2844 dinoscatur,
410 2772 443 2831 et
452 2765 492 2829 ob
502 2765 563 2829 1666
573 2765 614 2829 ad
625 2766 864 2832 estimaoionem
884 2766 1026 2832 eiusdem
1037 2767 1246 2850 possessionis

108 2877 260 2941 homines
277 2876 381 2939 nostri
403 2895 542 2939 unacum
561 2873 689 2938 homine
705 2879 810 2938 vestro
828 2873 966 2940 debeant
983 2874 1147 2954 destinari,
1173 2876 1250 2940 ami-

108 2985 227 3050 ciciam
246 2983 453 3048 discrecionis
477 2988 582 3048 vestre
599 3033 605 3046 .
623 3031 629 3044 .
646 2982 785 3064 petimus
803 3031 809 3045 .
827 3031 833 3046 .
852 2989 1014 3064 quatenus
1038 2985 1175 3073 mittatis
1192 2985 1247 3050 ho-

110 3096 235 3160 minem
253 3100 394 3157 vestrum
404 3111 463 3174 pro
473 3091 656 3156 testimonio
672 3139 679 3153 .
697 3139 703 3154 .
721 3112 784 3174 quo
801 3099 950 3174 presente
966 3089 1123 3158 Nicolaus
1139 3091 1246 3158 dictus

107 3205 230 3279 Batus,
255 3200 305 3265 vel
321 3199 491 3264 Johannes
507 3197 593 3262 filius
613 3219 697 3278 suus,
722 3204 779 3262 666
803 3199 934 3264 Blasius
959 3199 1046 3266 filins
1072 3200 1246 3266 Laurencii

105 3311 151 3376 de
166 3310 276 3376 Rethe
293 3329 352 3391 pro
368 3313 461 3390 parte
478 3305 614 3389 predicti
641 3305 729 3370 Beke
754 3305 812 3370 filii
838 3307 985 3374 Ladislai
1010 3310 1148 3386 actoris,
1172 3309 1249 3374 item

106 3419 136 3485 J
137 3420 287 3484 ohannes
320 3415 406 3479 filius
440 3413 569 3478 Nicolai
593 3413 653 3477 filii
679 3413 822 3498 Myknd,
846 3415 896 3480 661
921 3417 1041 3482 Petrus
1066 3417 1105 3481 de
1131 3416 1248 3482 Baduk

105 3551 171 3612 pro
188 3533 285 3612 parte
301 3524 501 3609 prefatorum
517 3521 658 3587 filiorum
687 3523 811 3588 comitis
838 3523 975 3589 Martini
1000 3525 1034 3588 in
1059 3545 1189 3590 causam
1205 3531 1252 3589 at·

105 3641 306 3710 tractorum,
330 3633 404 3696 aliis
420 3629 607 3697 absentibus
622 3631 767 3695 homines
784 3632 894 3710 nostri,
917 3631 998 3698 leria
1024 3631 1164 3698 secunda
1180 3655 1251 3716 pro·

103 3745 200 3808 xima
227 3749 304 3807 ante
330 3741 447 3805 festum
471 3741 678 3806 Pentecostes
704 3740 847 3823 proxime
872 3745 1043 3804 venturum
1069 3741 1110 3805 ad
1138 3740 1252 3805 faeiem

102 3855 199 3918 dioto
217 3849 427 3934 possessionis
444 3847 570 3914 Hassas
595 3855 715 3925 vocate,
738 3849 851 3912 vicinis
877 3855 909 3913 et
937 3835 1163 3914 commotaneis
1180 3849 1247 3914 suis

102 3961 274 4029 universis
289 3959 434 4042 legitime
451 3958 633 4023 convocatis
657 3963 689 4022 et
713 3956 862 4040 partibus
878 3955 929 4020 vel
955 3978 1068 4021 earum
1093 3956 1246 4039 legitimis

100 4065 379 4158 procuratoribus
395 4065 601 4149 presentibus
617 4065 780 4145 accedant,
794 4071 826 4128 et
842 4064 976 4130 eandem
993 4086 1051 4148 per
1067 4085 1142 4128 siras
1158 4085 1252 4128 veras

101 4187 141 4245 et
162 4178 320 4258 antiquas
336 4181 449 4258 metas,
473 4173 532 4239 sub
558 4173 674 4257 quibus
699 4171 824 4257 prelato
851 4172 958 4238 comiti
983 4171 1128 4238 Martino
1154 4193 1252 4254 quon-

99 4291 188 4354 dam
216 4282 395 4350 castellano
421 4283 460 4346 de
476 4282 578 4347 Deua
601 4283 731 4348 vendita
747 4282 838 4360 foret,
864 4281 1067 4346 reambulent
1092 4287 1125 4344 66
1149 4279 1252 4362 regali

99 4414 269 4462 mensura
292 4394 319 4457 si
336 4376 517 4456 mensurari
534 4392 653 4474 poterit
676 4391 851 4456 secundum
875 4390 967 4472 regni
992 4387 1251 4453 consuetudinem

97 4499 342 4578 mensurando,
366 4499 416 4563 661
442 4499 468 4564 si
484 4500 665 4564 mensurari
691 4520 754 4563 uon
779 4503 888 4581 posset
912 4504 989 4562 tunc
1014 4495 1083 4560 visu
1110 4495 1251 4560 conside·

98 4609 229 4692 rande,
246 4609 315 4672 visa
331 4629 390 4672 sua
406 4607 565 4691 qualitate
581 4606 721 4672 utilitate
737 4613 769 4672 et
784 4605 902 4684 valore,
918 4604 1014 4669 deum
1032 4603 1179 4670 habendo
1196 4625 1253 4689 pre
