3188 5470
326 489 391 552 334
676 503 861 552 1111111111
879 489 1092 552 1111111111.

325 689 422 749 quam
439 691 496 734 sne
511 670 720 752 possessionis
736 667 810 734 Ond
827 689 895 732 1111
922 669 1063 746 dixisset,
1088 669 1122 732 in
1147 688 1213 749 qua
1228 673 1316 732 meta
1330 664 1463 752 lapidea

325 783 358 842 et
372 799 438 842 una
453 777 551 842 arbor
566 777 630 861 piri
645 777 783 842 fuissent
797 798 855 842 seu
871 783 987 860 essent,
1003 776 1122 842 abhinc
1138 775 1330 841 reflectendo
1347 797 1460 841 versus

324 891 452 969 partem
468 885 688 970 aquilonalem
713 885 906 950 ostendisset
924 885 1006 950 duas
1022 891 1125 950 metas
1142 886 1303 968 antiquas,
1320 905 1459 967 quarum

325 1014 423 1058 unam
455 1015 547 1060 suam
576 1015 644 1058 esse
669 994 813 1070 dixisset,
845 991 963 1056 abhinc
994 992 1216 1058 descendendo
1247 993 1392 1058 duxisset
1416 989 1461 1056 ad

325 1100 504 1184 predictum
528 1099 661 1166 fluvium
685 1101 841 1182 Zerench,
865 1101 939 1164 inde
964 1101 1167 1184 procedendo
1191 1122 1251 1186 per
1275 1101 1461 1185 planiciem.

324 1209 522 1274 transeundo
539 1211 644 1294 ipsum
663 1207 804 1286 fiuvium,
823 1208 969 1272 duxisset
984 1229 1042 1290 per
1067 1209 1201 1274 eandem
1227 1209 1401 1292 planiciem
1417 1208 1461 1272 ad

326 1317 407 1382 duas
418 1324 521 1382 metas
532 1319 694 1398 antiquas,
708 1337 848 1400 quarum
858 1337 924 1382 una
935 1315 1191 1401 1111111111...)
1204 1316 1342 1382 Petrudi
1351 1323 1385 1380 et
1396 1315 1462 1380 alia

325 1447 345 1489 a
361 1423 507 1508 predicta
523 1425 723 1508 possessione
739 1422 822 1502 Ond,
847 1423 922 1488 inde
937 1445 996 1507 per
1013 1423 1148 1488 eandem
1173 1424 1346 1507 planiciem
1362 1445 1461 1488 unam

325 1540 445 1598 metam
476 1533 645 1614 antiquam
677 1531 877 1610 ostendisset,
902 1552 1000 1613 quam
1032 1551 1124 1596 suam
1157 1551 1226 1596 esse
1257 1531 1462 1609 affirmasset,

326 1641 443 1706 abhinc
459 1638 471 1724 (
474 1689 576 1706 .....
592 1637 606 1724 )
622 1641 703 1704 duas
719 1647 822 1704 metas
838 1636 851 1720 (
852 1689 978 1704 ......
979 1636 993 1723 )
1009 1639 1128 1704 abhinc
1153 1639 1298 1704 duxisset
1317 1640 1360 1704 ad
1376 1641 1461 1722 prio·

325 1771 377 1814 res
403 1755 514 1830 metas,
541 1747 735 1813 reflectendo
761 1747 955 1812 ostendisset
988 1749 1132 1829 quinque
1163 1754 1266 1812 metas
1297 1749 1462 1830 antiquas,

330 1879 468 1940 quarum
483 1878 581 1922 unam
600 1878 692 1920 suam
708 1855 775 1920 fore
800 1854 1005 1932 affirmasset,
1030 1855 1146 1920 dehinc
1162 1877 1220 1939 per
1236 1855 1374 1920 eandem
1389 1875 1461 1938 par·

327 1975 391 2032 tem
409 1965 513 2030 eundo
530 1965 723 2030 ostendisset
741 1964 823 2028 duas
849 1971 952 2028 metas
968 1965 1131 2044 antiquas,
1156 1963 1273 2028 abhinc
1300 1963 1460 2028 tendendo

326 2075 472 2139 duxisset
497 2075 539 2139 ad
564 2075 688 2157 priores
711 2079 822 2138 metas.
846 2071 987 2138 Domum
1013 2072 1105 2136 iuxta
1130 2072 1366 2136 continenciam
1391 2071 1461 2136 lite-

328 2203 440 2246 rarum
466 2180 717 2264 privilegialium
742 2229 773 2244 ..
799 2179 933 2262 capituli
960 2178 1093 2243 ecclesie
1117 2177 1289 2262 Agriensis
1312 2177 1462 2242 similiter

327 2311 385 2374 per
401 2287 542 2354 Paulum
568 2288 671 2353 filium
696 2287 721 2352 J
723 2288 858 2352 ohannis
884 2286 952 2351 illic
976 2287 1009 2350 in
1035 2287 1140 2369 specie
1166 2285 1395 2363 exhibitarum,
1418 2287 1462 2349 111

330 2399 538 2481 processisset
554 2404 657 2462 metas
673 2397 883 2479 possessionis
908 2395 1085 2460 Mazandia
1109 2395 1306 2460 ostendendo
1332 2395 1458 2458 Paulus

329 2511 535 2590 prenotatus:
561 2506 664 2588 primo
681 2504 853 2585 incepisset
868 2523 888 2566 a
904 2509 997 2586 parte
1013 2502 1192 2584 aquilonali
1208 2524 1228 2567 a
1243 2504 1349 2587 prima
1365 2509 1462 2570 meta,

328 2615 383 2680 ubi
414 2613 623 2698 quamplures
654 2615 702 2676 vie
734 2614 798 2676 huc
823 2619 856 2676 11
880 2613 942 2676 hac
967 2617 1074 2676 essent
1099 2611 1325 2692 discurrentes,
1350 2617 1460 2676 tamen

326 2723 371 2787 ibi
387 2729 507 2786 metam
523 2721 591 2785 fore
606 2743 670 2786 non
688 2723 902 2804 agnovissent,
920 2718 1054 2784 dixisset
1069 2719 1114 2784 ibi
1130 2719 1215 2784 idem
1231 2719 1356 2785 Paulus
1372 2719 1462 2786 filius

326 2831 496 2911 JohanuiS,
513 2829 599 2912 quod
614 2831 691 2912 quia
707 2831 776 2912 ipse
791 2832 895 2912 ipsam
912 2830 1144 2913 possessionem
1169 2828 1365 2894 Mazaondai
1390 2849 1461 2912 pos·

329 2937 466 3002 sedisset
482 2944 514 3001 11
530 2945 615 3001 11111
630 2938 716 3000 intra
732 2943 835 3001 metas
851 2937 985 3001 alterius
1011 2958 1067 3001 sue
1091 2937 1302 3020 possessionis
1318 2935 1394 3002 Ond
1412 2959 1462 3000 vo·

326 3052 406 3122 cate,
421 3045 493 3109 ideo
509 3044 552 3108 ibi
570 3051 688 3110 metam
705 3045 926 3125 destruxisset,
952 3045 1028 3108 inde
1044 3045 1150 3109 eundo
1166 3043 1208 3108 ad
1224 3051 1350 3128 partem
1367 3045 1462 3108 meri·

327 3151 488 3216 dionalem
505 3153 596 3216 iuxta
613 3152 776 3232 quandam
803 3153 886 3216 viam
902 3172 1000 3215 unam
1027 3151 1196 3232 antiquam
1221 3158 1341 3216 metam
1356 3159 1462 3216 osten-

326 3261 436 3338 disset,
454 3265 487 3322 et
502 3259 637 3324 dixisset
652 3259 736 3342 quod
753 3261 825 3342 ipsa
851 3266 938 3324 meta
963 3266 1130 3343 separaret
1154 3261 1370 3344 possessiones
1386 3257 1460 3325 Ond

331 3375 362 3431 11
378 3366 574 3430 Mazaondia
590 3366 631 3430 ab
647 3367 791 3444 invicem,
816 3375 848 3432 et
873 3369 918 3432 sic
944 3367 1140 3433 Mazaondia
1164 3369 1362 3433 vicinaretur
1388 3389 1461 3432 cum

330 3483 419 3539 terra
444 3474 588 3557 predicte
623 3477 833 3558 possessionis
868 3475 951 3554 Ond,
986 3475 1104 3541 abhinc
1137 3475 1242 3542 eundo
1266 3475 1308 3540 ad
1333 3481 1461 3559 partem

326 3582 555 3647 occidentalem
582 3583 624 3647 ad
649 3581 783 3647 fluvium
803 3583 959 3662 Zerench,
984 3589 1017 3648 11
1041 3583 1085 3648 ibi
1110 3585 1215 3667 ipsum
1246 3583 1378 3648 fluvium
1403 3605 1462 3666 pro

329 3697 416 3755 meta
432 3692 637 3773 assignasset,
653 3691 787 3756 dixisset
802 3691 904 3755 eciam
921 3693 1007 3772 quod
1034 3691 1078 3756 ibi
1104 3692 1252 3757 uniretur
1276 3713 1348 3756 cum
1373 3696 1462 3754 11111

327 3797 453 3863 abbatis
470 3798 509 3862 de
525 3799 682 3876 Zerench,
699 3799 816 3862 abhinc
841 3799 1002 3863 tendendo
1019 3797 1061 3863 ad
1077 3798 1241 3880 quoddam
1257 3799 1414 3863 fossatum
1431 3805 1462 3862 11

329 3908 421 3972 iuxta
436 3907 522 3971 idem
538 3907 694 3972 fossatum
710 3907 911 3990 procedendo
936 3907 1094 3972 tendisset
1118 3908 1160 3972 ad
1185 3914 1312 3990 partem
1336 3907 1462 3988 aquile

328 4017 442 4092 nalem,
459 4016 549 4079 etad
566 4015 700 4080 eandem
717 4023 842 4098 partem
860 4037 917 4098 per
934 4015 1052 4080 bonum
1074 4017 1218 4098 spacium
1244 4015 1349 4079 cundo
1366 4022 1399 4079 et
1414 4037 1462 4078 re·

326 4123 990 4207 1111111111ρ11111111111111111111,111111
1008 4123 1048 4188 ad
1078 4123 1218 4206 priorem
1244 4123 1350 4188 locum
1377 4123 1462 4187 unde

327 4232 418 4296 iuxta
443 4238 631 4314 prenotatas
655 4233 723 4297 vias
749 4232 977 4315 perambulare
994 4233 1194 4314 incepissent
1219 4231 1332 4314 prime,
1358 4237 1392 4294 et
1417 4231 1464 4294 111

328 4339 411 4403 idem
428 4339 551 4404 Paulus
567 4339 656 4405 filins
681 4339 706 4404 J
707 4340 844 4404 ohannis
870 4341 1102 4424 possessionem
1127 4339 1323 4404 Mazaondia
1339 4338 1382 4403 ab
1398 4337 1464 4402 alia

328 4468 386 4512 sua
401 4449 599 4531 possessione
616 4447 689 4513 Ond
706 4454 894 4530 separasset.
905 4449 986 4513 Post
994 4447 1054 4512 heo
1070 4453 1179 4512 autem
1196 4447 1345 4512 dominus
1361 4447 1464 4512 abbas

329 4555 368 4619 de
384 4554 530 4619 Zerench
546 4562 578 4620 et
594 4556 738 4620 Michael
764 4557 803 4620 de
829 4556 951 4620 Monalr
977 4556 1138 4638 porcionis
1163 4555 1246 4620 dicte
1274 4555 1407 4620 ecclesie
1424 4554 1464 4618 de

328 4663 474 4728 Zerench
497 4663 586 4725 iuxta
612 4665 847 4727 continenciam
873 4665 1033 4746 privilegii
1057 4663 1177 4728 domini
1202 4663 1282 4728 Belo
1307 4663 1403 4746 regis,
1428 4673 1463 4728 ut
