3192 5466
535 477 630 539 1349.
646 493 747 536 MART.
767 478 815 538 16.
1158 481 1222 542 263

89 675 191 738 prope
207 654 353 720 Dravam
371 657 535 720 existentis
552 653 747 736 coequalem,
764 677 837 719 cum
852 656 1009 720 universis
1026 655 1223 721 utilitatibus

89 763 163 840 soie,
179 763 330 829 videlicet
345 763 422 828 locis
439 761 677 844 sessionalibus,
692 763 788 826 terris
804 761 926 828 limatis
939 769 972 828 et
982 764 1223 846 campestribus,

89 870 239 936 fenilibus
257 877 289 936 et
304 872 401 949 silvia,
417 893 489 936 cum
506 871 618 936 eadem
627 869 698 936 filia
713 871 816 936 eidem
827 870 955 936 Briccio
970 871 1102 936 literato
1117 879 1150 936 et
1165 893 1224 956 per

90 980 246 1046 eumenis
272 980 444 1046 heredibus
471 982 511 1046 ab
543 981 654 1045 eadem
686 979 892 1065 procreandis
923 979 1086 1044 confessus
1111 979 1224 1047 fuisset

90 1090 226 1154 [leuasse
251 1089 437 1172 perenniter
467 1089 704 1173 possidendam,
737 1089 781 1152 sic
814 1087 899 1169 quod
931 1088 1008 1152 dum
1039 1089 1121 1153 alias
1147 1111 1222 1154 snas

94 1197 312 1281 possessiones
328 1198 523 1262 hereditarie
539 1196 695 1262 rehabere
705 1204 823 1281 posset,
833 1197 866 1261 in
883 1217 1083 1279 quarumque
1100 1217 1222 1279 posses·

91 1307 177 1370 sione
200 1306 289 1370 dicta
314 1305 385 1370 lilia
410 1329 470 1370 sna
495 1307 675 1389 eligeret..
694 1313 774 1372 ..et
799 1305 941 1369 utilitate
967 1304 1165 1369 consimilem
1189 1307 1223 1372 iu

91 1413 312 1480 concambium
328 1415 483 1497 premisse
503 1414 685 1479 medietatis
712 1412 955 1497 Selyemzygeth
980 1417 1093 1477 vocate
1118 1413 1221 1476 eidem

92 1521 157 1586 lilie
174 1543 232 1587 sue
249 1529 282 1586 et
297 1521 384 1586 dicto
401 1521 527 1586 Briccio
548 1521 681 1586 literato
697 1522 775 1586 dare
799 1527 833 1584 et
858 1520 1024 1602 assignare
1049 1525 1221 1597 teneretur,

92 1639 120 1696 et
136 1631 230 1695 illam
257 1630 462 1695 medietatem
484 1631 692 1714 possessionis
709 1628 950 1714 Selyemzygeth
977 1633 1086 1693 vocate
1112 1629 1223 1694 eadem

91 1741 159 1804 lilia
176 1759 237 1804 sua
253 1745 286 1804 et
301 1738 408 1803 dictus
424 1737 569 1803 Briccins
586 1737 734 1802 literatus
760 1736 821 1802 sibi
847 1735 968 1820 absque
993 1735 1223 1820 impedimento

92 1855 121 1914 et
136 1847 298 1912 dilacione
324 1845 459 1929 aliquali
485 1847 650 1930 resignare
675 1850 881 1925 tenerentur,
905 1852 1048 1910 ceterum
1074 1845 1222 1928 predicta

92 1955 221 2020 «lomina
237 1956 404 2038 porciones
420 1975 495 2018 snas
515 1954 672 2019 Bezterch
687 1953 878 2018 Kerezthur
895 1959 928 2016 et
944 1950 1074 2036 Azzyag
1091 1959 1220 2018 vocatas

93 2065 124 2127 in
149 2063 261 2127 eodem
292 2063 448 2127 comitatu
474 2061 657 2140 existentes,
683 2082 755 2126 cum
781 2060 955 2124 medietate
985 2062 1222 2142 possessionum

93 2171 233 2255 Kakony
259 2177 292 2235 et
318 2169 553 2237 Senthtrinitas
569 2176 765 2248 vocatarum,
790 2189 848 2252 per
873 2169 992 2234 lineam
1011 2171 1223 2236 maternalem

95 2279 154 2345 sibi
170 2277 348 2358 devolutas,
363 2279 457 2344 modo
474 2280 630 2364 premisso
646 2300 718 2344 cum
734 2277 881 2344 omnibus
897 2276 1093 2343 utilitatibus
1109 2278 1174 2342 suis
1192 2284 1223 2343 et

93 2388 298 2472 pertinenciis
315 2387 521 2471 quibuslibet,
534 2386 636 2452 eidem
645 2385 971 2470 filiasueetpeream
990 2386 1075 2451 dicto
1094 2385 1223 2451 Briceio

93 2497 219 2562 literato
244 2498 376 2579 eiusque
400 2493 571 2560 heredibus
597 2495 639 2560 ab
665 2494 776 2559 eadem
807 2493 1014 2578 procreandis
1039 2493 1164 2559 dedisse
1190 2501 1223 2559 et

96 2604 270 2688 applicasse
285 2609 442 2687 perpetuo
458 2601 666 2686 possidendas
686 2653 692 2666 .
709 2655 716 2668 .

199 2769 306 2831 Szeohy
320 2767 422 2818 Mikros
436 2767 545 2817 lew-ki
556 2765 779 2830 lteletleveltbtl,
793 2766 923 2830 melynek
936 2764 1081 2829 eredetijet
1090 2781 1107 2814 a
1117 2765 1150 2815 N.
1161 2767 1222 2816 Mu·

97 2861 225 2910 zenmban
239 2858 328 2907 brzilr.

578 3037 737 3044 -—.-—.

622 3237 694 3298 137,

104 3400 187 3463 1349.
204 3408 301 3462 mart.
321 3399 371 3460 16.
399 3400 445 3461 Aa
462 3399 531 3482 apri
547 3395 706 3482 kdptalaa
714 3397 866 3482 jelaatese
883 3396 911 3460 Ι.
929 3395 1027 3483 Lojos
1044 3379 1224 3481 kircllyhoz,

101 3508 177 3594 topp
194 3508 281 3593 airy
303 3505 421 3571 tomos
447 3503 595 3570 Szabolce
620 3509 652 3570 a's
678 3503 832 3570 Saotmdr
855 3507 1041 3590 vctrmeppet
1065 3505 1221 3569 birtokoit

271 3614 370 3680 canelo
387 3620 464 3701 oeje,
471 3615 541 3697 fiai
556 3618 588 3679 c'e
604 3615 720 3697 ledupa
736 3613 838 3678 kozeu
846 3612 1042 3698 felosztotta.

200 3827 206 3840 .
223 3830 230 3843 .
247 3776 411 3842 Lodorico
427 3828 434 3842 .
451 3827 458 3841 .
476 3776 546 3858 regi
561 3774 739 3856 capitulum
768 3773 902 3839 ecclesie
918 3773 1090 3858 Agriensis
1107 3827 1113 3842 .
1131 3827 1137 3842 .
1155 3773 1223 3840 lite·

103 3909 150 3951 ras
166 3935 172 3949 .
189 3938 195 3952 .
211 3885 310 3951 Pauli
326 3885 441 3950 indicis
458 3885 545 3948 curie
560 3887 667 3948 vestre
687 3885 866 3966 recepimus
891 3883 976 3948 inter
1001 3888 1108 3948 cetera
1123 3886 1223 3950 conti·

103 4001 220 4060 nentes:
253 3995 339 4078 quod
364 3995 568 4058 mitteremus
592 3993 754 4058 hominem
786 3997 931 4057 nostrum
958 4013 1015 4076 pro
1041 3994 1223 4060 testimonio

104 4101 158 4166 lide
172 4103 314 4186 dignum,
330 4123 394 4185 quo
410 4106 558 4185 presente
574 4101 692 4165 Petrus
709 4121 827 4182 porrus
847 4099 942 4164 homo
957 4105 1062 4164 vester
1078 4099 1117 4165 de
1133 4101 1223 4165 curia
1274 4093 1276 4096 ’

104 4217 200 4275 restra
215 4210 257 4276 ad
276 4209 584 4292 infraspecifieatnm
602 4208 769 4291 negocium
785 4207 968 4292 specialiter
984 4207 1172 4286 destinatus,
1190 4209 1222 4272 in

105 4318 215 4384 octaris
230 4318 307 4384 festi
325 4319 584 4402 Epiphaniarum
600 4315 720 4382 domini
747 4322 779 4381 et
804 4315 876 4381 aliis
901 4316 1013 4382 diebus
1030 4316 1071 4382 ad
1088 4315 1121 4380 id
1137 4313 1223 4380 suffi-

105 4425 251 4492 cientibus
281 4426 324 4490 ad
349 4425 446 4491 facies
471 4425 693 4490 universarum
718 4426 955 4508 possessionum
980 4430 1011 4489 et
1035 4423 1223 4508 porcionum

105 4533 417 4614 possessionariarum
434 4533 558 4599 Thome
573 4532 636 4598 lilii
651 4533 815 4598 Johannis
831 4532 871 4598 de
887 4533 977 4618 Biry,
994 4532 1102 4616 ibique
1118 4534 1224 4617 ipsum

104 4639 1218 4726 ThomaminregnOHungariecontingencium,legitimisconvocacio-
