3180 5470
696 441 882 487 ruroonoru
900 425 1113 518 ouulurrln.

863 624 936 684 222.

341 787 435 850 1350.
451 807 525 870 apr.
542 786 594 848 28.
611 783 740 848 Aooicai
756 782 911 868 triptoloa
921 781 991 846 elate
1002 781 1157 864 Balko'fla
1169 780 1285 844 Mitte
1300 780 1409 865 olayhi
1422 804 1465 844 ae·

338 917 410 976 ones,
434 893 543 979 Vojota
557 899 638 958 accit
653 891 787 956 litatur
798 889 1141 978 Fohe'rocirmcyyo'bea,
1162 887 1278 976 Olayhi
1288 889 1465 954 Kozmonat

848 997 963 1084 eladja.

447 1181 518 1248 Nos
543 1180 720 1265 capitulum
740 1180 871 1246 ecclesio
897 1177 1090 1247 Vachiensis
1115 1176 1331 1262 significamus
1358 1179 1464 1261 quibus

341 1290 479 1374 expedit,
495 1295 606 1354 tenore
624 1289 825 1371 presencium
842 1289 1006 1370 universis,
1024 1287 1110 1371 quod
1136 1285 1292 1352 Nicolaus
1308 1285 1392 1350 filius
1408 1287 1463 1352 Ba·

340 1399 426 1463 thow
442 1396 559 1462 nobilis
575 1397 614 1462 de
631 1396 741 1481 Olugh
758 1398 799 1462 ad
820 1403 964 1462 nostram
990 1395 1206 1480 personaliter
1232 1395 1387 1460 accedens
1403 1417 1464 1478 pre-

341 1508 489 1585 senciam,
516 1506 678 1589 quandam
705 1506 938 1590 possessionem
964 1526 1056 1570 suam
1072 1503 1215 1588 Woyata
1240 1509 1387 1568 vocatam
1402 1525 1464 1587 pos·

341 1613 473 1681 sessioni
489 1613 583 1678 Herd
599 1619 711 1679 vocate
727 1614 864 1678 vicinam
889 1634 946 1678 seu
974 1613 1161 1695 contiguam
1186 1612 1220 1676 in
1245 1613 1399 1677 comitatu
1414 1609 1464 1676 Al·

339 1723 430 1788 benai
445 1723 591 1788 habitam
607 1771 638 1788 ..
663 1745 735 1788 oum
752 1724 910 1788 universis
942 1723 1140 1787 utilitatibus
1167 1724 1234 1788 suis
1255 1729 1288 1786 ct
1313 1723 1463 1807 pertinen·

342 1831 448 1896 ciis..
473 1831 588 1898 Oosme
613 1831 680 1895 lilio
715 1831 875 1896 Demetrii
912 1829 951 1895 de
982 1831 1095 1896 eadem
1121 1827 1231 1914 Olugh
1256 1851 1315 1914 pro
1340 1831 1465 1914 quadra-

344 1940 436 2022 ginta
451 1937 581 2004 florenis
597 1940 692 2022 plenc
708 1938 828 2004 habitis
854 1945 887 2002 et
911 1938 1060 2022 receptis,
1087 1938 1249 2003 confessus
1275 1945 1325 2004 est
1349 1939 1466 2022 pignori
1564 2021 1565 2024 Ἴ

344 2047 502 2130 obligasse
519 2099 526 2112 .
543 2097 550 2111 .
573 2047 709 2129 tamdiu,
725 2046 825 2112 donec
840 2045 1020 2130 predictam
1036 2046 1270 2130 possessionem
1291 2067 1381 2111 suam
1405 2047 1465 2129 ipse
1564 2081 1565 2118 ;

342 2154 497 2220 Nicolaus
513 2157 562 2220 vel
580 2157 629 2220 sui
645 2176 843 2220 successores
868 2153 909 2219 ab
935 2153 1005 2236 ipso
1031 2152 1150 2220 Cosma
1166 2155 1215 2218 vel
1232 2157 1300 2220 eius
1317 2175 1465 2220 successo

344 2263 434 2328 ribus
459 2284 518 2346 pro
535 2263 622 2329 dicta
638 2285 763 2328 summa
779 2263 912 2348 pecunie
938 2262 1156 2346 quadraginta
1181 2261 1373 2328 florenorum
1388 2269 1466 2348 pote·

343 2378 421 2436 runt
436 2371 594 2436 redimere
611 2393 667 2436 seu
683 2371 830 2437 liberare.
861 2371 985 2436 Datum
1003 2371 1217 2455 feria-quarta
1232 2372 1377 2455 proxima
1399 2379 1463 2455 post

345 2481 462 2546 festum
477 2479 565 2544 beati
582 2477 716 2563 Georgii
732 2479 885 2558 martiris,
902 2501 986 2545 anno
1012 2480 1133 2546 domini
1159 2481 1210 2546 M⁰
1239 2477 1360 2548 CCC¹¹²⁰
1383 2481 1465 2564 quin-

346 2588 540 2672 quagesimo.

452 2769 606 2834 Hatlapjltn
628 2769 720 2832 peccet
742 2771 918 2834 nyomaiva15
938 2769 1069 2833 eredetlje
1091 2785 1123 2819 az
1146 2785 1214 2820 orez.
1238 2772 1269 2820 lt.
1296 2769 1465 2820 kinostoszt.

345 2861 379 2910 N.
393 2861 424 2910 R.
440 2859 472 2908 A.
487 2865 547 2910 694.
562 2859 683 2922 22.ι11ρ1.
698 2864 766 2909 oszt.
780 2864 857 2910 4123.
878 2859 977 2909 Kezri:
996 2860 1105 2910 Kortics
1118 2860 1152 2924 N,

350 3349 444 3411 1350.
461 3348 569 3428 Bada,
588 3353 662 3435 mcij.
679 3351 709 3414 8.
735 3350 851 3414 Miletos
866 3350 968 3414 addet·
992 3373 1030 3414 az
1047 3350 1190 3431 [aelafio
1207 3352 1238 3414 ee
1259 3353 1370 3416 Ietrda
1393 3351 1467 3414 ordi·

349 3455 396 3540 lyr·
415 3454 513 3538 vojda
538 3455 636 3519 kezou
662 3457 778 3542 Myzlea
803 3456 906 3520 birlok
930 3457 1021 3520 otiati
1038 3454 1268 3542 folyamolbon
1294 3458 1353 3522 volt
1381 3469 1467 3544 lippet,
1563 3505 1564 3532 ;

350 3563 472 3625 raiatia
498 3586 519 3626 a
536 3560 626 3647 folet
651 3588 672 3626 a
697 3561 872 3650 leirctlylyal
907 3587 927 3626 a
958 3563 1161 3649 longaevitati
1191 3566 1328 3629 recalere
1354 3565 1466 3652 fagani·

749 3673 869 3750 atazoi,
887 3672 1080 3756 elholooztja.

457 3831 526 3897 Nos
543 3831 698 3899 Nicolaus
714 3836 806 3917 regni
832 3833 1003 3918 Hungarie
1029 3834 1193 3918 palatinus
1211 3843 1244 3901 et
1262 3837 1357 3902 iudex
1376 3857 1466 3901 coma·

350 3963 464 4005 norum
481 3941 594 4007 damus
610 3964 668 4025 pro
684 3944 847 4026 memoria,
864 3945 948 4025 quod
973 3965 1103 4009 causam
1123 3967 1221 4028 quam
1246 3947 1396 4029 magister
1411 3945 1466 4010 De·

349 4069 411 4112 seu
436 4047 522 4114 filius
549 4049 646 4128 Iwan,
672 4058 785 4115 contra
801 4099 831 4114 ..
856 4049 1058 4134 Stephanum
1083 4051 1250 4117 roivodam
1282 4053 1466 4120 Transsilro·

349 4178 428 4220 num
445 4163 477 4221 et
493 4157 642 4222 comitem
659 4157 697 4222 de
714 4158 830 4223 Zonulr
854 4159 945 4224 iuxta
964 4160 1197 4224 continenciam
1214 4161 1357 4244 priorum
1372 4163 1467 4227 litera·

349 4287 422 4331 rum
438 4273 622 4331 nostrarum
638 4268 672 4331 in
689 4270 809 4333 octavis
834 4269 907 4334 festi
931 4269 1019 4334 beati
1036 4268 1170 4352 Georgii
1186 4271 1330 4336 martiris
1346 4271 1376 4334 in
1392 4269 1467 4334 lacto

351 4373 560 4458 possessionis
586 4375 705 4458 Myzka
729 4382 840 4440 vocate
864 4397 990 4440 movere
1016 4375 1160 4442 habebat
1184 4397 1293 4444 coram
1319 4377 1411 4453 nobis,
1431 4374 1467 4438 ob

350 4482 476 4562 regium
493 4489 679 4565 preceptum
695 4483 787 4549 nobis
803 4484 982 4550 literatorie
998 4485 1186 4563 iniunctum,
1197 4506 1234 4551 eo
1247 4485 1332 4569 quod
1347 4493 1467 4566 utreque

351 4595 461 4672 partes
478 4588 518 4652 ad
535 4597 644 4673 partes
661 4591 896 4656 transmarinas
911 4591 945 4655 in
962 4592 1027 4657 suis
1044 4593 1186 4660 serviciis
1202 4593 1365 4678 regalibus
1374 4597 1468 4656 essent
