3138 5462
496 503 499 510 ’
565 487 658 550 1347.
676 489 748 549 nls.
766 490 816 552 29.
1216 491 1256 552 83

131 662 227 739 tibus,
244 672 501 748 prememoratus
517 665 674 732 Nicolaus
689 668 795 733 dictus
811 663 939 749 Cynege
955 667 1174 748 personaliter,
1190 667 1260 748 ipso

127 771 279 836 Johanne
310 772 377 838 filio
408 773 537 839 Nicolai
568 775 717 841 similiter
748 775 963 860 personaliter
994 774 1182 852 adherente,
1213 773 1255 838 ad

125 885 270 945 nostram
302 881 457 946 accedens
489 883 706 965 presenciam,
746 883 858 947 literas
890 872 1106 965 privilegiales
1138 881 1259 945 domini

123 987 257 1052 Andree
284 1039 317 1053 ..
342 991 426 1072 regis
453 1039 482 1054 ..
509 1011 593 1054 anno
625 991 783 1056 dominice
814 990 1050 1054 incarnacionis
1075 990 1150 1054 Μ’110
1166 988 1258 1055 00ῐῃο

123 1093 276 1160 XXXmo
292 1097 430 1161 secundo
447 1097 609 1163 confectas
630 1104 842 1182 presentarat,
867 1099 952 1161 inter
969 1103 1077 1162 cetera
1092 1099 1253 1162 continen-

123 1209 180 1280 tes,
205 1203 293 1284 quod
310 1226 383 1269 cum
399 1203 482 1269 filios
499 1203 632 1288 Oorpaz,
649 1205 781 1288 Zagrab
797 1205 946 1270 videlicet
972 1211 1004 1268 et
1028 1205 1199 1270 Mentham
1216 1227 1254 1271 ac

123 1311 354 1391 Laurencinm,
372 1335 479 1378 comes
489 1313 589 1398 Elyas
600 1335 697 1397 super
712 1320 801 1378 terra
810 1312 929 1377 Kezew
945 1319 1131 1396 nuncupata
1148 1335 1256 1378 coram

122 1419 234 1483 eodem
249 1419 378 1484 domino
395 1419 529 1484 Andrea
545 1440 620 1503 rege
638 1419 844 1500 convenisset,
856 1426 889 1484 et
899 1420 1065 1502 superhoc
1076 1420 1255 1484 diutissime

122 1548 222 1592 cansa
239 1549 331 1592 versa
347 1529 516 1606 extitisset,
533 1529 642 1611 itaque
658 1529 816 1602 intractu
833 1527 973 1592 eiusdem
990 1549 1086 1592 cause
1102 1527 1181 1592 dicti
1198 1527 1256 1594 dlii

123 1633 249 1718 Corpas
274 1636 390 1718 viginti
421 1657 548 1701 marcas
564 1643 601 1701 ut
616 1635 700 1700 idem
725 1636 873 1701 dominus
890 1635 1041 1700 Andreas
1058 1657 1114 1700 rex
1131 1637 1255 1701 intelle·

119 1735 223 1809 xisseb
252 1745 489 1829 expendissent,
523 1745 653 1810 tandem
687 1745 799 1810 ordine
824 1745 992 1811 iudiciario
1028 1746 1173 1811 iamdicti
1197 1745 1255 1810 filii

119 1849 247 1936 Corpas
263 1855 519 1936 prenominatam
537 1859 658 1918 terram
674 1853 774 1918 Kezw
783 1855 853 1918 iure
863 1853 1059 1918 hereditario
1069 1853 1110 1918 ab
1122 1854 1254 1936 antiquo

117 1959 301 2040 possedisse
327 1961 510 2024 testimonio
534 1959 723 2024 idoneorum
749 1961 888 2025 virorum
913 1961 946 2024 in
970 1961 1138 2042 presencia
1153 1961 1254 2044 ipsius

118 2066 245 2131 domini
260 2067 396 2145 Andree
405 2068 490 2150 regis
501 2065 725 2149 affirmassent,
735 2075 768 2132 et
778 2069 982 2151 privilegium
992 2067 1110 2150 prefati
1127 2070 1252 2134 comitis

115 2173 196 2237 Elio
221 2194 318 2256 super
343 2173 431 2238 dicta
454 2181 544 2238 terra
569 2175 765 2256 acquisitum
781 2173 998 2252 falsificantea
1023 2195 1087 2240 non
1105 2175 1250 2259 legitime

115 2281 179 2346 sed
202 2284 303 2346 tacita
328 2283 464 2347 veritate
492 2288 661 2366 optentum
687 2303 795 2346 coram
828 2281 938 2347 eodem
964 2283 1092 2347 domino
1117 2281 1253 2350 Andrea

114 2410 197 2472 rege
213 2391 493 2474 comprobassent3
516 2393 585 2474 ipse
605 2391 706 2474 igitur
721 2390 869 2455 dominns
884 2391 1036 2456 Andreas
1061 2413 1118 2456 rex
1143 2413 1252 2458 secun-

115 2499 200 2563 dum
216 2499 301 2581 quod
318 2505 386 2564 tam
402 2499 574 2564 manifesta
590 2499 742 2582 probacio
752 2498 872 2563 etordo
883 2499 962 2564 iuris
980 2500 1147 2583 exegisset,
1164 2521 1251 2584 sepe·

114 2606 240 2671 dictam
256 2613 381 2672 terram
396 2607 496 2672 Kezw
523 2607 642 2672 eisdem
658 2605 732 2671 filiis
749 2605 874 2689 (lorpes
890 2613 1086 2671 memoratus
1103 2607 1249 2676 dominns

114 2713 272 2779 Andreas
287 2735 344 2779 rex
360 2714 573 2793 restituisset3
597 2715 687 2779 cuius
703 2723 789 2778 terre
814 2715 920 2796 prima
945 2721 1032 2780 meta
1056 2715 1252 2797 inciperetur

113 2843 135 2886 a
152 2821 251 2887 fluvio
276 2823 331 2904 qui
348 2823 444 2906 vulgo
464 2822 683 2907 Kezupatalrc
708 2823 837 2900 dicitur,
852 2822 907 2886 ubi
924 2823 1054 2887 caderet
1070 2824 1103 2887 in
1119 2823 1251 2889 fluvium

111 2931 263 3010 Rekche,
281 2932 356 2996 inde
373 2952 392 2995 a
408 2931 512 2996 rivulo
528 2931 623 2996 Kezu
640 2933 703 2997 iret
727 2933 875 3014 superius
900 2931 990 2996 iuxta
1015 2931 1152 2996 eundem
1167 2933 1251 2997 rivu—
1356 2925 1360 2932 ’

112 3041 196 3116 lum,
212 3045 246 3104 et
260 3041 414 3104 transiret
430 3039 592 3122 quoddam
612 3047 749 3126 pratum,
775 3045 809 3104 et
824 3041 948 3106 veniret
972 3040 1014 3104 ad
1039 3041 1249 3106 monticulum

110 3151 175 3232 qui
192 3148 286 3231 vulgo
302 3149 390 3213 holm
405 3149 532 3232 dicitnr,
559 3150 619 3216 sub
644 3171 707 3232 quo
724 3157 808 3214 esset
823 3155 919 3228 meta,
946 3171 1009 3232 que
1026 3157 1111 3215 esset
1127 3158 1249 3215 conter-

109 3260 208 3323 mina
223 3264 308 3322 terre
335 3257 604 3339 oduarnicorum3
624 3257 697 3322 inde
713 3257 898 3322 flecteretur
929 3257 971 3322 ad
1002 3258 1199 3322 occidentem
1215 3263 1248 3321 et

109 3367 243 3432 reniret
266 3366 309 3430 ad
335 3367 440 3430 locum
465 3369 520 3450 qui
546 3367 641 3448 vulgo
667 3367 787 3431 dicitur
812 3367 1052 3449 Iwanusauasa,
1077 3366 1151 3432 inde
1171 3388 1245 3432 vero

109 3494 217 3557 snpra
242 3473 340 3538 berch
365 3475 624 3558 progrederetur,
643 3482 676 3539 et
692 3477 817 3540 veniret
833 3475 875 3540 ad
891 3475 953 3538 duo
973 3475 1150 3539 monticula
1165 3473 1247 3560 (igy)

109 3603 183 3664 que
198 3583 295 3664 vulgo
311 3581 465 3647 dicuntur
490 3583 658 3666 Kethelm,
682 3585 756 3648 inde
781 3585 844 3648 iret
868 3583 909 3647 ad
933 3585 1018 3648 viam
1043 3605 1105 3666 que
1130 3583 1248 3649 dicitur

107 3689 334 3770 Kerezthuth,
351 3696 383 3754 et
399 3697 525 3755 teneret
540 3697 644 3756 metas
670 3691 750 3755 duas
775 3713 847 3755 cum
873 3687 1046 3769 Clemente,
1072 3691 1149 3754 item
1173 3691 1247 3755 inde

109 3799 316 3864 descendens
332 3800 456 3863 veniret
471 3800 512 3864 ad
529 3805 668 3882 pratum,
689 3800 773 3882 qnod
789 3799 884 3882 vulgo
901 3799 1021 3864 dicitur
1037 3797 1188 3877 Rethfeu,
1213 3805 1246 3863 et

106 3908 155 3972 ibi
173 3913 301 3972 teneret
316 3913 436 3972 metam
453 3929 524 3972 cum
542 3908 653 3972 eodem
670 3905 850 3988 Clemente3
873 3907 946 3972 inde
962 3909 1025 3972 iret
1040 3906 1081 3970 ad
1098 3905 1245 3971 arborem

105 4017 177 4099 piri
195 4015 254 4079 sub
271 4036 334 4098 quo
351 4021 436 4079 esset
460 4015 530 4080 fons
557 4017 642 4100 quod
660 4017 755 4098 vulgo
773 4017 926 4082 Kezufew
943 4017 1069 4094 dicitur,
1094 4015 1168 4079 inde
1184 4017 1252 4079 iret‘

104 4125 207 4188 iuxta
232 4123 320 4187 tilias
356 4123 442 4205 quod
466 4125 562 4208 uulgo
590 4125 708 4190 dicitur
732 4125 847 4206 Hasfa,
879 4131 911 4188 et
936 4125 1124 4188 ascenderet
1149 4144 1246 4206 super

104 4232 212 4298 berch
229 4230 317 4313 quod
334 4230 495 4296 diceretur
511 4233 754 4298 Lasichaberch
771 4235 852 4298 etin
869 4232 979 4297 eodem
1004 4231 1102 4296 berch
1129 4253 1242 4313 parum

104 4337 317 4422 procedendo
334 4344 419 4402 esset
434 4347 520 4404 meta
539 4341 738 4405 contermina
758 4349 844 4405 terre
860 4339 1006 4424 Naprad,
1031 4338 1104 4402 inde
1125 4339 1187 4404 iret
1212 4347 1245 4404 et

104 4451 237 4510 teneret
262 4449 385 4520 metam
409 4469 481 4512 cum
507 4449 676 4530 Mauricio,
702 4448 777 4511 inde
793 4449 1052 4530 progrederetur,
1069 4452 1102 4510 et
1118 4452 1245 4511 teneret

102 4560 233 4620 metam
249 4574 324 4617 cum
339 4553 439 4620 Petro
454 4555 520 4620 filio
545 4555 684 4634 Bothou‚
709 4555 784 4619 inde
805 4555 998 4620 descendens
1024 4555 1063 4618 de
1088 4554 1186 4620 berch
1203 4554 1243 4619 ad

102 4682 264 4745 magnam
281 4662 366 4726 viam
383 4670 415 4728 et
431 4669 556 4728 teneret
571 4662 616 4728 ibi
642 4668 760 4728 metam
777 4685 848 4728 cum
865 4663 943 4726 villa
959 4663 1072 4728 Lonch
1088 4663 1243 4728 oduarni-

1103 4788 1134 4838 6*
