3180 5466
702 507 887 550 esronxoni
905 491 1137 550 ossensele.-

864 687 938 748 340.

342 849 437 911 1352.
446 846 533 932 febr.
560 847 611 910 29.
638 844 668 908 A
693 846 813 908 retrodi
844 846 1005 932 lca'ptolan
1037 847 1107 910 eldtt
1140 845 1254 909 Kettos
1271 846 1357 908 Ioci-n
1383 845 1475 925 ⁸tisri:

344 955 471 1035 Ldszlo',
483 951 617 1017 Andrcie
636 957 666 1016 es
680 951 839 1032 Demeter,
851 954 957 1018 Bihor
973 959 1156 1039 odrmepyei
1169 953 1265 1016 Ba‘rrlc
1284 961 1366 1016 nevit
1383 953 1477 1016 hirto-

341 1063 442 1126 leuleat
470 1061 565 1126 Odore
583 1059 636 1140 fia
662 1060 791 1124 Iorento
823 1061 932 1140 fiderat
964 1062 1033 1123 ercle
1052 1061 1191 1147 Hora-rep
1217 1069 1298 1124 acolt
1326 1061 1477 1126 Semele-.-

550 1243 553 1250 Ι
619 1174 803 1256 odrmegyei
820 1171 1004 1234 birtolecluul
1021 1171 1193 1234 elcserelr'le.

450 1333 637 1415 Capitulum
655 1333 787 1399 ecclesie
800 1333 1024 1398 Waradiensis
1042 1383 1048 1395 .
1065 1385 1072 1398 .
1097 1332 1138 1396 ad
1155 1335 1382 1398 universorum
1399 1335 1474 1397 noti-

343 1444 447 1508 ciam.
468 1492 474 1504 .
498 1441 644 1506 volumus
660 1442 836 1526 pervenire,
863 1442 949 1523 quod
977 1440 1164 1505 aecedentes
1192 1441 1233 1505 ad
1249 1449 1396 1506 nostram
1410 1463 1475 1524 pre·

343 1552 482 1616 sanciam
498 1551 557 1614 riri
585 1550 707 1614 nobiles
733 1550 880 1633 magistri
898 1548 1071 1614 hadislans
1097 1555 1130 1613 et
1145 1549 1298 1615 Andreas
1315 1549 1375 1614 filii
1392 1551 1474 1614 Iwan

343 1658 402 1724 filii
417 1641 527 1742 Egidii
545 1658 584 1722 de
601 1657 726 1723 Kallou
742 1679 800 1740 pro
817 1679 850 1722 se
866 1657 1080 1741 personaliter
1106 1665 1138 1721 et
1154 1677 1212 1741 pro
1229 1657 1401 1722 Demetrio
1417 1659 1474 1722 fra·

343 1773 393 1831 tre
410 1787 467 1831 suo
484 1767 614 1830 uterino
631 1817 660 1830 ..
686 1765 727 1831 ab
752 1786 818 1830 una
843 1771 945 1848 parte,
971 1785 1010 1829 cx
1027 1764 1131 1830 altera
1150 1785 1224 1828 vero
1250 1767 1399 1848 magistri
1415 1766 1474 1832 Le·

343 1875 425 1940 ulnus
450 1879 483 1940 et
508 1873 617 1940 Jakob
642 1873 702 1940 filii
727 1874 848 1939 Inanoe
871 1873 932 1938 'filii
956 1872 1061 1952 Odun,
1086 1874 1163 1938 item
1194 1871 1366 1940 Johannes
1390 1873 1469 1940 filius

213 1989 220 2002 '
343 1981 473 2049 Nicolai
490 1969 601 2046 fratris
618 1983 801 2047 eorumdem
826 1981 962 2064 filiastri,
989 2004 1047 2066 pro
1066 2004 1099 2048 se
1124 1983 1341 2066 personaliter
1366 1991 1398 2048 et
1420 2004 1473 2066 pro

346 2091 481 2159 Andrea
497 2091 601 2156 fratre
617 2113 674 2156 sno
691 2092 818 2156 uterino
836 2140 865 2157 ..
890 2102 940 2156 ae'
952 2112 1011 2175 pro
1035 2091 1134 2156 Petro
1149 2089 1217 2155 filio
1237 2089 1398 2174 Stephani
1420 2091 1475 2156 filii

345 2199 477 2264 eiusden
502 2199 626 2266 Iuance
643 2249 674 2266 ..
707 2219 815 2264 eoram
847 2199 938 2264 nobis
956 2249 989 2267 ..
1021 2206 1096 2264 sunt
1126 2199 1270 2277 confessi,
1303 2199 1390 2282 quod
1416 2201 1472 2283 ipsi

346 2306 560 2389 quarumdam
577 2308 812 2390 possessionum
828 2308 971 2391 ipsorum
996 2305 1323 2372 infranominatarum
1341 2307 1473 2371 utilioris

346 2435 384 2480 ac
399 2413 557 2479 uberioris
583 2421 752 2480 contractu
777 2415 949 2498 unicuique
975 2435 1013 2479 ex
1038 2415 1116 2498 ipsis
1136 2413 1278 2480 cedentis
1298 2423 1473 2498 prospectu,

345 2522 445 2588 talem
471 2523 555 2587 inter
581 2545 614 2587 se
639 2523 788 2588 fecissent
820 2523 1093 2607 permutacionem
1111 2573 1141 2586 ..
1166 2522 1251 2604 quod
1283 2523 1382 2588 iidem
1413 2545 1471 2588 ma-

345 2631 442 2715 gistri
457 2630 630 2696 Ladislaus
657 2639 689 2696 et
707 2629 856 2697 Andreas
881 2631 941 2696 filii
967 2633 1051 2698 Iuan
1076 2633 1310 2716 possessionem
1338 2633 1474 2714 ipsorum

345 2738 579 2822 acquisitieiam
595 2740 690 2804 Bank
706 2746 861 2818 vocatam,
877 2741 911 2804 in
927 2741 1085 2806 comitatu
1095 2741 1134 2808 de
1144 2742 1256 2825 Byhor
1274 2743 1472 2806 existentem.

347 2846 545 2930 populosam,
562 2849 699 2914 sedecim
716 2851 899 2914 mansiones
915 2852 947 2914 in
965 2870 998 2914 se
1018 2851 1244 2928 continentem,
1261 2857 1295 2915 et
1311 2852 1396 2914 inter
1410 2870 1472 2932 pos·

347 2955 502 3020 sessiones
519 2955 696 3039 Fanohyka
722 2962 753 3020 et
769 2955 857 3021 Poeh
884 2956 1038 3032 habitam,
1056 2978 1128 3021 cum
1148 2957 1294 3021 omnibns
1312 3007 1318 3020 .
1337 3009 1343 3023 .
1367 2955 1473 3020 suis..

347 3061 554 3145 pertinenciis
581 3063 640 3128 sub
668 3065 810 3146 antiquis
836 3067 930 3129 metis
947 3071 1155 3153 et'metarnm
1180 3064 1431 3130 limitaoionibus
1446 3112 1472 3127 ..

346 3169 606 3237 tradidissent..
632 3172 726 3236 titulo
744 3171 993 3256 permutacionis
1019 3173 1137 3238 eisdem
1163 3173 1330 3255 magistris
1349 3170 1473 3238 Leukus

348 3283 381 3342 et
405 3277 514 3342 Jakch
539 3277 613 3342 filiis
639 3279 761 3346 Inanee
786 3303 824 3346 ac
848 3281 1013 3364 predictis
1028 3279 1172 3345 ‚Iohanni
1199 3287 1231 3344 et
1256 3279 1391 3345 Andree
1406 3277 1473 3343 filiis

347 3383 485 3464 Nicolai,
502 3407 561 3452 nec
577 3407 640 3450 non
656 3387 755 3452 Petro
772 3387 838 3452 filio
856 3387 1013 3472 Stephani
1030 3394 1060 3456 et
1085 3411 1141 3472 per
1159 3409 1211 3452 eos
1228 3410 1340 3452 eorum
1358 3386 1473 3452 heredi·

348 3491 407 3556 bus
424 3542 430 3556 .
448 3541 454 3554 .
478 3494 548 3558 iure
564 3500 719 3576 perpetuo
737 3545 766 3560 ..
791 3496 1013 3578 possidendam
1032 3547 1037 3559 .
1056 3547 1062 3560 .
1086 3517 1144 3579 pro
1161 3497 1362 3578 possessione
1373 3515 1472 3559 eorum

347 3602 578 3684 magistrorum
602 3600 734 3666 Leukus
759 3610 792 3666 et
816 3602 841 3668 J
843 3602 925 3668 akob
951 3625 989 3668 ae
1004 3602 1143 3668 filiorum
1169 3603 1309 3682 Nicolai,
1336 3624 1394 3666 nee
1417 3623 1473 3666 non

348 3709 440 3773 Petri
455 3706 514 3772 filii
532 3706 689 3792 Stephani
706 3709 845 3793 Harang
870 3717 983 3776 vocata
1000 3710 1204 3787 hereditaria,
1221 3712 1254 3774 in
1271 3711 1426 3776 comitatu
1439 3710 1472 3774 de

348 3815 494 3918 Zaboloh
510 3817 667 3894 existenti,
691 3817 929 3884 habitatoribus
946 3817 1110 3902 destituta,
1122 3825 1155 3883 et
1165 3820 1249 3884 inter
1265 3819 1472 3902 possessiones

349 3924 473 3990 Kallou
489 3931 522 3989 et
537 3924 677 4008 Napliur
693 3926 815 4006 habita,
831 3951 867 3993 eo
884 3929 978 3993 modo
994 3950 1063 3994 cum
1083 3926 1230 3992 omnibus
1246 3979 1252 3992 .
1271 3979 1276 3992 .
1303 3929 1371 3992 suis
1386 3927 1473 4012 perti-

349 4033 471 4099 nenciis
487 4033 628 4098 eiusdem
646 4085 651 4096 .
669 4085 675 4099 .
701 4035 847 4100 similiter
863 4035 958 4100 titulo
974 4037 1223 4118 permutacionis
1239 4035 1433 4118 possidenda
1448 4083 1452 4096 .
1468 4081 1473 4094 .

348 4141 382 4204 in
392 4139 475 4206 filios
485 4139 626 4205 filiorum
643 4193 649 4205 .
666 4191 672 4204 .
690 4141 868 4224 obligantes
880 4165 913 4208 se
930 4141 1039 4208 eedem
1050 4150 1176 4227 partes.
1195 4196 1200 4208 .
1225 4143 1266 4209 ab
1283 4143 1429 4209 omnibns
1445 4193 1472 4208 ..

349 4249 530 4332 inquietare
546 4249 724 4314 volentibus
741 4252 869 4316 racione
894 4251 1111 4336 predictarum
1135 4251 1374 4335 possessionum
1388 4251 1474 4316 modo

349 4356 505 4442 premisso
521 4357 554 4421 in
565 4359 839 4440 pe1mutacionern
850 4358 1047 4424 traditarum
1058 4359 1208 4442 expedire
1218 4361 1360 4442 propriis
1372 4381 1473 4424 eorum

349 4463 513 4529 laboribus
530 4471 562 4529 et
578 4465 743 4549 expensis,
766 4466 827 4531 hoc
851 4471 960 4530 tamen
986 4487 1144 4550 expresse,
1168 4467 1255 4549 quod
1281 4469 1308 4532 si
1334 4469 1401 4532 ullo
1423 4489 1472 4530 un-

351 4592 448 4654 quam
464 4576 608 4656 tempore
634 4594 713 4638 se..
737 4573 770 4638 in
797 4573 917 4638 eisdem
936 4574 1234 4658 possessionibus..
1260 4575 1301 4639 ab
1321 4577 1491 4660 impetito-¹

350 4679 439 4744 ribus
456 4699 642 4744 conservare
669 4703 731 4744 non
757 4689 933 4764 possent..
958 4687 1076 4746 extunc
1101 4682 1160 4748 sibi
1186 4683 1320 4748 invicem
1353 4683 1471 4748 easdem
