3192 5466
527 393 620 454 1348.
637 409 725 452 sarr.
744 395 795 454 20.

90 567 328 648 piossiilendann
347 569 540 650 demumque
557 621 563 633 .
582 619 587 631 .
605 571 644 635 de
656 573 787 654 propria
804 573 1056 655 possessionaria
1072 573 1222 655 porcione

90 677 188 757 ipsius
221 677 367 742 Ladislai
398 679 459 742 lilii
491 680 651 746 Lukachii
668 729 675 743 .
693 729 699 744 .
715 688 802 745 terre
832 682 1026 764 particulam
1057 681 1099 746 ad
1126 703 1224 746 unum

89 791 234 848 aratrum
260 785 472 850 sufficientem
498 837 528 850 ..
555 789 658 852 eidem
684 790 788 854 Paulo
812 789 880 854 filio
905 789 1068 855 Johannis
1084 795 1118 854 et
1133 791 1223 854 here·

89 893 183 960 dibus
209 895 350 960 eiusdem
376 903 558 962 statuerent
583 899 804 980 perennaliter
828 899 1073 981 possidendam;
1098 903 1217 982 etpost

88 1003 144 1066 lec
161 1000 274 1067 seriem
300 1005 454 1087 premisse
480 1006 731 1087 possessiouarie
757 1006 977 1070 divisionis..
1003 1007 1045 1071 ad
1071 1015 1220 1071 octavum

88 1110 172 1174 diem
197 1110 356 1176 dictarum
381 1119 567 1176 octavarum
592 1112 666 1177 festi
692 1113 778 1177 beati
795 1113 934 1178 Martini
960 1115 1151 1179 confessoris
1167 1113 1221 1178 do·

88 1221 175 1284 nino
193 1221 259 1303 regi
276 1222 308 1284 in
325 1221 428 1286 literis
454 1221 531 1286 dicti
556 1223 689 1305 capituli
708 1223 878 1305 Agr-iensis
903 1244 961 1306 per
985 1224 1088 1288 dictas
1113 1230 1222 1306 partes

87 1329 347 1394 commiseramus
373 1331 542 1412 reportari.
567 1331 613 1394 nt
632 1353 705 1395 cum
731 1332 911 1413 reportacio
936 1333 1031 1396 serici
1051 1331 1222 1414 premisso-

91 1459 161 1500 rum
188 1459 208 1500 a
233 1437 376 1519 predicto
402 1437 539 1501 termino
565 1438 656 1502 iuxta
682 1439 820 1503 aliarum
845 1440 1013 1504 literarum
1038 1445 1221 1504 nostrarum

86 1545 328 1626 continenciam,
344 1545 383 1609 de
400 1546 544 1628 parcium
561 1547 727 1610 voluntate
744 1551 875 1610 octavas
891 1547 965 1611 festi
985 1547 1069 1611 beati
1083 1543 1221 1629 Georgii

87 1654 230 1719 martiris
254 1675 340 1717 nnnc
366 1654 508 1735 proxime
535 1653 662 1736 elapsas
694 1656 896 1737 prorogative
923 1656 1113 1730 attinxisset‚
1144 1655 1214 1736 ipso

88 1762 218 1826 tandem
237 1761 372 1825 termino
387 1767 584 1842 occurrente,
600 1761 724 1828 Paulus
749 1761 833 1827 filius
859 1763 1015 1828 Mikocha
1031 1783 1089 1846 pro
1106 1761 1216 1826 eodem

91 1871 192 1935 Paulo
208 1869 275 1933 filio
300 1868 325 1932 J
327 1869 462 1933 ohannis
488 1876 596 1933 actore
614 1921 620 1933 .
637 1918 644 1932 .
661 1870 702 1934 ab
719 1891 791 1947 rina,
808 1877 841 1936 et
856 1871 980 1936 Paulus
1006 1891 1143 1953 magnus
1159 1891 1219 1952 pro
1278 1933 1280 1936 .

87 1979 170 2042 dicto
180 1977 337 2044 Ladisluo
347 1976 415 2041 filio
426 1977 586 2041 Lnkachii
596 1999 668 2042 cum
680 1978 910 2060 procuratoriis
924 1977 1026 2042 literis
1043 1983 1217 2042 conventus

87 2087 122 2150 de
139 2086 238 2151 Lelez
255 2092 347 2168 parte
364 2105 402 2148 ex
418 2085 574 2173 alteraad
585 2093 728 2150 nostram
743 2086 898 2151 accedens
915 2087 1125 2169 presenciam,
1141 2086 1213 2151 lite-

87 2219 136 2260 ras
155 2195 236 2260 dicti
253 2195 387 2277 capituli
403 2193 574 2277 Agriensis
592 2197 857 2280 rsscripoionales
874 2197 965 2260 nobis
981 2202 1218 2279 presentarant

87 2305 117 2367 in
134 2303 254 2384 quibus
269 2303 354 2367 inter
371 2309 478 2366 cetera
494 2325 551 2386 per
568 2303 706 2369 nobilem
727 2304 890 2369 dominam
915 2304 1062 2368 relictam
1078 2303 1217 2386 predicti

87 2409 245 2476 Lulrachii
261 2415 398 2474 matrem
413 2409 562 2476 videlicet
577 2411 694 2494 prefati
719 2411 866 2476 Ladislai
892 2417 1037 2494 tempore
1064 2411 1218 2494 premisse

86 2520 249 2584 divisionis
263 2519 514 2602 possessionarie
539 2521 573 2583 in
599 2519 684 2584 facto
710 2520 900 2585 statucionis
929 2519 1024 2582 unius
1050 2519 1215 2600 particule

87 2637 168 2692 terre
195 2627 238 2692 ad
264 2649 365 2691 unum
391 2634 538 2692 aratrum
554 2627 750 2708 sufficientis,
776 2633 922 2710 pretacto
948 2626 1051 2690 Paulo
1068 2627 1137 2690 lilio
1153 2625 1212 2691 Jo-

85 2736 199 2802 hannie
218 2735 363 2800 faciende
380 2735 670 2801 contradiccionem
687 2737 808 2812 fecisse,
825 2759 883 2819 pro
899 2757 1000 2818 eoque
1016 2735 1119 2818 ipsam
1136 2734 1215 2814 divi·

84 2847 203 2910 sionem
218 2843 365 2909 finaliter
381 2843 452 2907 fieri
471 2844 652 2926 nequivisse
669 2845 881 2928 comperimus
898 2843 1080 2923 evidenter,
1096 2849 1216 2908 etcum

82 2954 191 3018 finalis
218 2952 376 3016 discussio
401 2953 631 3035 premissorum
655 2975 676 3017 a
700 2951 854 3036 predictis
880 2953 1000 3016 octavis
1026 2950 1099 3016 festi
1126 2949 1203 3015 beat
1244 3026 1251 3044 Ι

81 3060 215 3144 Georgii
230 3061 376 3124 martiris
386 3060 445 3124 sub
455 3059 558 3124 forma
575 3061 718 3125 faciende
734 3059 825 3144 pacis
839 3060 880 3125 ad
890 3066 1019 3124 octavas
1035 3059 1108 3123 festi
1125 3057 1211 3123 beati

81 3168 199 3234 Jacobi
215 3167 355 3251 apostoli
370 3167 519 3232 similiter
535 3189 574 3231 ex
590 3189 670 3232 novo
695 3173 878 3233 transactas
904 3165 1108 3251 prerogativa
1124 3164 1215 3228 deve-

81 3279 191 3353 nisset,
223 3275 355 3341 tandmn
372 3273 451 3357 ipsis
467 3275 588 3340 octavis
604 3274 678 3340 sesti
703 3276 789 3340 beati
814 3275 839 3340 J
841 3275 931 3340 acobi
956 3273 1093 3358 apostoli
1119 3273 1215 3337 adhe·

80 3386 236 3463 rentibus,
252 3389 419 3469 pretectus
435 3384 559 3448 Paulus
576 3384 664 3449 silius
674 3384 700 3448 J
701 3385 836 3450 ohannis
851 3384 1066 3468 personaliter
1082 3381 1123 3445 ab
1139 3403 1214 3464 una,

79 3505 109 3558 et
124 3494 292 3578 predictus
311 3491 434 3556 Paulus
460 3491 549 3556 filius
565 3492 656 3557 Petri
680 3514 739 3576 pro
765 3491 877 3556 eodem
893 3491 1047 3557 Ladislao
1062 3489 1132 3554 filio
1148 3489 1213 3554 Lu-

79 3604 188 3669 kachii
206 3653 212 3667 .
229 3651 237 3667 .
254 3609 347 3684 parte
364 3622 403 3664 ex
423 3601 529 3665 altera
554 3601 596 3665 ad
621 3606 766 3666 nostram
792 3601 978 3666 accedentes
1004 3599 1214 3684 presenciam,

78 3712 161 3776 alias
178 3711 292 3775 literas
308 3710 409 3793 ipsius
426 3709 562 3791 capituli
579 3707 749 3791 Agriensis
766 3713 914 3794 patentes
931 3707 1212 3791 composicionales

80 3821 173 3885 nobis
206 3823 434 3902 presentarunt
463 3818 548 3882 inter
573 3823 682 3882 cetera
698 3817 916 3882 continentes:
949 3815 1036 3896 quod
1067 3815 1214 3898 predicta

77 3929 197 3993 nobilis
215 3927 344 3991 domina
359 3925 475 3990 relicta
489 3925 651 3990 Lukachii
667 3931 771 3989 mater
787 3924 928 4006 pretaoti
942 3923 1086 3988 Ladislai
1103 3943 1213 3987 coram

78 4038 168 4103 dicto
205 4034 348 4118 capitulo
382 4031 537 4116 Agriensi
562 4035 776 4118 personaliter
810 4033 997 4108 constituta,
1022 4033 1212 4114 premissam

78 4144 335 4226 prohibicionem
352 4165 442 4208 silam
460 4149 604 4226 tempore
621 4143 764 4226 predicte
790 4142 953 4206 divisionis
970 4161 1028 4224 per
1044 4160 1078 4204 se
1093 4139 1211 4204 factam

76 4253 269 4331 revocando,
285 4251 375 4317 illam
392 4257 494 4316 totam
509 4259 636 4334 partem
653 4273 709 4316 seu
724 4252 907 4334 porcionem
923 4246 1210 4332 possessionariam

76 4384 178 4444 qnam
195 4361 360 4444 predictus
387 4359 475 4424 silius
501 4381 577 4424 suus
602 4360 636 4423 in
662 4359 764 4424 forma
790 4357 944 4442 premisse
970 4354 1212 4440 composicionis

76 4493 190 4535 coram
216 4468 309 4533 nobis
325 4517 331 4530 .
350 4519 356 4531 .
373 4467 458 4532 dicto
484 4467 588 4532 Paulo
614 4467 683 4532 filio
708 4467 869 4532 Johannis
895 4464 1091 4545 contulisset,
1117 4463 1212 4528 sicet

76 4581 147 4670 ipsa
164 4578 323 4665 premisso
339 4575 433 4650 modo
449 4575 550 4648 eidem
573 4577 677 4646 Paulo
701 4575 767 4648 filio
792 4574 955 4647 iohannis
981 4579 1014 4646 et
1039 4569 1210 4644 heredibus
