3188 5470
563 496 656 560 1350.
673 517 741 562 ΛΑΝ.
759 497 809 559 22.
1161 497 1224 559 353

98 673 240 758 Phylpus
257 697 332 741 suas
347 673 562 741 hereditarias
572 682 605 740 et
616 676 657 741 ad
666 677 897 759 possessionem
909 697 1001 740 suam
1011 675 1228 740 Zombathhel

98 791 241 850 vocatam
257 786 455 868 pertinentes
466 787 664 864 asseruisset,
681 807 738 851 nec
748 807 892 869 unquam
902 805 998 868 super
1008 783 1128 849 eisdem
1138 785 1226 850 villis

98 914 133 957 ac
149 893 239 957 silvis
255 893 400 976 aliquam
415 915 547 958 causam
564 893 613 957 vel
630 895 834 976 quescionem
855 915 928 958 cum
945 891 1056 957 eodem
1072 895 1226 976 magistro

98 1001 191 1066 Denh
208 1008 241 1065 at
257 999 420 1084 aliquibus
436 1001 510 1066 aliis
526 1000 702 1080 habuisset,
727 1001 783 1065 ubi
801 1000 886 1066 idem
911 1003 1067 1085 magister
1083 1001 1228 1086 Phylpus

98 1115 129 1172 et
143 1115 333 1191 procurator
355 1108 496 1173 fitiorum
522 1128 653 1173 suorum
680 1108 817 1174 eundem
842 1111 1036 1192 magistrum
1052 1109 1150 1174 Denk
1165 1129 1229 1174 non

97 1238 115 1280 a
130 1217 392 1282 reambulacione
402 1217 458 1282 sed
469 1217 511 1297 ab
524 1218 746 1301 occupacione,
763 1217 954 1300 eosdemque
969 1217 1114 1282 homines
1123 1217 1229 1300 regios

97 1333 128 1389 et
142 1333 271 1390 nostros
287 1349 307 1390 a
324 1327 503 1390 statucione
520 1325 671 1390 villarum
687 1325 873 1390 Parlachan
887 1324 1043 1410 Ledenyk
1053 1324 1230 1408 etLychan

99 1454 136 1498 ac
151 1435 307 1498 silvarum
323 1427 578 1518 prescriptorum
597 1434 657 1498 sub
673 1434 734 1498 hoc
748 1435 876 1498 nomine
892 1433 1118 1518 prohibuisset,
1144 1432 1230 1516 quod

95 1541 176 1606 dicte
192 1543 271 1606 ville
287 1551 319 1615 et
335 1542 412 1606 silve
429 1542 549 1607 eisdem
565 1542 639 1607 fihis
656 1534 802 1626 Phylpus
819 1544 990 1607 cessissent
1013 1543 1047 1606 in
1072 1541 1228 1606 divisione

95 1671 113 1711 a
128 1650 286 1731 magistro
303 1649 448 1733 Phylpus
458 1656 551 1732 patre
561 1651 704 1733 ipsorum
719 1657 905 1715 memorato.
922 1651 1067 1716 'Eandem
1081 1649 1228 1733 prefatus

97 1756 252 1838 magister
268 1755 365 1820 Denh
381 1756 492 1820 eodem
508 1757 559 1820 die
585 1765 617 1820 et
642 1757 675 1820 in
699 1756 780 1822 facie
806 1757 966 1822 dictarum
991 1759 1229 1840 possessionum

94 1863 288 1927 Zentlazlou
303 1863 400 1928 Luka
425 1870 457 1928 et
482 1863 634 1947 Jagodna
659 1871 847 1930 vocatarum
872 1865 938 1930 solo
964 1886 1022 1930 suo
1048 1865 1230 1931 iuramento

94 1980 189 2056 prout
215 1975 315 2038 moris
340 1981 389 2038 est
414 1980 648 2058 superterram
665 1975 781 2053 iurare,
798 1976 832 2039 in
848 1997 912 2040 uno
928 1963 997 2041 loco
1014 1974 1143 2042 easdem
1160 1996 1230 2058 pos·

93 2083 252 2147 sessiones
269 2072 395 2145 nomine
412 2081 461 2146 sui
477 2081 557 2146 iuris
573 2081 762 2147 hereditarii
778 2082 838 2147 sibi
854 2085 1015 2166 pertinere
1031 2084 1122 2148 iuxta
1137 2082 1229 2165 regni

93 2189 357 2254 consuetudinem
373 2188 614 2273 comprobasset
630 2196 662 2254 et
679 2213 772 2255 suum
788 2193 1006 2256 iuramentum
1022 2191 1229 2275 deposuisset,

92 2306 124 2362 et
142 2299 189 2362 sic
205 2304 305 2381 prout
322 2297 419 2361 iidem
436 2297 580 2362 homines
598 2299 705 2380 regius
716 2297 1026 2364 videlicetetnoster
1042 2297 1229 2381 pro'eodem

93 2405 252 2488 magistro
265 2403 363 2468 Denh
374 2404 521 2487 deputati
537 2405 698 2484 dixerunt,
715 2411 837 2470 terram
854 2427 952 2489 quam
969 2406 1123 2489 magister
1133 2405 1230 2470 Denh

91 2537 191 2580 manu
218 2535 316 2597 super
341 2519 440 2596 caput
463 2534 556 2578 suum
581 2515 738 2578 tenuisset
763 2513 981 2597 deposuisset;
1004 2515 1092 2578 facta
1121 2519 1229 2576 autem

92 2623 292 2688 confessione
316 2621 476 2686 dictorum
501 2620 648 2686 Ladislai
674 2621 811 2686 hominis
836 2623 918 2704 regii
943 2628 975 2686 et
999 2621 1147 2706 magistri
1172 2620 1230 2685 Jo-

90 2731 210 2796 hannis
226 2728 405 2794 testimonii
421 2729 524 2792 nostri
541 2749 599 2811 pro
615 2728 741 2811 prefato
758 2730 914 2812 magistro
940 2729 1036 2794 Denl(
1062 2727 1229 2812 deputato

91 2863 174 2918 rum,
191 2843 385 2921 prenotatus
400 2835 532 2900 Leukos
551 2835 646 2900 homo
671 2837 780 2918 regius
807 2844 839 2900 et
864 2837 1019 2920 magister
1045 2835 1229 2920 Stephanus

90 2955 242 3012 nostrum
258 2944 479 3008 testimonium
496 2965 555 3026 pro
572 2943 717 3026 predicto
733 2945 889 3027 magistro
902 2945 1048 3030 Phylpus
1065 2945 1230 3027 assignati,

89 3057 206 3120 taliter
222 3051 315 3118 nobis
330 3051 529 3115 retulerunt:
554 3050 730 3132 quodcum
756 3052 842 3115 inter
868 3057 975 3117 cetera
1000 3051 1145 3134 prefatus
1161 3073 1228 3114 ma·

88 3165 194 3246 gister
211 3163 309 3228 Denk
324 3163 358 3226 in
374 3161 631 3226 reambulacione
648 3161 809 3228 dictarum
820 3165 1058 3246 possessionum
1075 3163 1230 3228 adunam

87 3279 213 3336 metam
229 3271 438 3354 pervenisset,
455 3268 511 3332 ubi
527 3269 633 3333 locum
643 3268 855 3352 deposicionis
866 3272 915 3335 sui
926 3271 1098 3335 iuramenti
1109 3270 1230 3336 scilicet

88 3400 191 3442 unam
208 3377 335 3442 foveam
352 3376 447 3441 effodi
464 3376 600 3455 fecisset,
617 3376 671 3440 ubi
688 3377 794 3442 dictus
820 3379 973 3460 magister
991 3377 1137 3462 Phylpus
1154 3399 1229 3442 eun·

86 3488 162 3552 dem
189 3489 297 3552 locum
323 3487 423 3550 talem
446 3491 565 3550 metam
591 3505 791 3550 communem
816 3486 923 3550 fassus
948 3486 1135 3568 exstitisset,
1167 3507 1230 3568 que

85 3598 199 3678 ipsum
226 3599 393 3676 separaret
418 3593 457 3657 de
484 3595 682 3677 possessione
714 3594 883 3677 Pogorach
914 3594 1057 3658 eiusdem
1082 3594 1230 3677 magistri

86 3703 201 3780 Denk,
227 3722 291 3784 que
308 3702 505 3784 inciperetur
530 3700 711 3766 oboriente
736 3708 768 3766 et
784 3701 932 3766 tenderet
957 3701 999 3766 ad
1024 3702 1230 3780 occidentem,

85 3811 143 3876 ubi
177 3810 288 3875 dictus
319 3809 474 3891 magister
502 3809 648 3891 Phylpus
672 3809 759 3893 ipsas
791 3809 1007 3892 possessiones
1031 3829 1091 3892 pro
1114 3807 1230 3891 quibus

85 3920 233 3985 eundem
249 3917 440 4000 magistrum
466 3915 563 3981 Denh
588 3923 702 3982 contra
718 3938 751 3982 se
767 3919 800 3981 in
817 3939 947 3982 causam
964 3915 1128 3981 attrahere
1143 3917 1230 3981 volu-

85 4030 178 4106 isset,
208 4047 291 4110 quas
316 4027 420 4091 eciam
445 4025 486 4088 ad
512 4047 606 4090 suum
630 4025 848 4090 iuramentum
865 4025 1083 4105 commisisset,
1100 4023 1161 4089 sibi
1177 4025 1230 4089 de-

84 4143 277 4201 monstrare
295 4134 457 4211 voluisset,
473 4132 622 4214 idemque
641 4135 795 4217 magister
820 4133 917 4199 Denk
932 4132 976 4197 ibi
1002 4133 1049 4196 ire
1065 4131 1229 4208 noluisset,

84 4244 142 4308 sed
153 4244 192 4307 in
205 4241 347 4322 quodam
365 4247 436 4306 sato
453 4243 552 4305 aliam
568 4241 691 4306 foveam
701 4263 760 4325 pro
773 4241 975 4324 deposicione
991 4241 1041 4305 sui
1056 4241 1228 4305 iurament'

83 4349 187 4414 effodi
204 4347 345 4427 fecisset,
371 4349 428 4413 ubi
453 4348 547 4413 dictis
572 4349 754 4414 hominibus
778 4350 867 4431 regio
892 4347 1039 4412 uidelicet
1063 4353 1095 4412 et
1119 4353 1230 4412 nostro

83 4481 144 4543 pro
173 4456 291 4522 eodem
317 4457 472 4538 magistro
489 4455 636 4539 Phylpus
662 4455 826 4540 deputatis
852 4454 1058 4521 audientibus
1075 4461 1108 4518 et
1123 4454 1230 4518 viden·

84 4567 188 4644 tibus,
207 4565 277 4629 tale
294 4564 495 4647 deposuisset
511 4563 736 4642 iuramentum,
754 4565 840 4645 quod
856 4565 902 4628 sio
917 4563 995 4627 deus
1011 4584 1084 4626 eum
1101 4563 1231 4627 adiuvet

84 4685 116 4738 et
134 4685 236 4739 terra
253 4673 322 4736 eius
336 4693 409 4735 ossa
425 4672 471 4734 sic
487 4678 672 4748 assummat,
692 4693 730 4734 ac
746 4693 853 4736 semen
870 4693 961 4734 suum
981 4670 1094 4734 semini
1111 4691 1169 4734 suo
1185 4670 1230 4734 sic

131 4808 295 4846 suuouuonr
312 4793 483 4842 exudantis.
501 4807 526 4841 v.
543 4797 638 4841 ndum.
1089 4803 1121 4847 23
