3188 5476
352 575 417 635 624
703 591 889 656 asaouuosr
909 577 1123 636 cuasarum.
1182 618 1186 629 .

349 752 424 814 liter
440 756 533 834 parte
558 751 599 815 ab
622 752 734 832 altera,
751 755 792 820 ad
810 758 955 817 nostrum
982 754 1185 820 iudiciariam
1202 753 1390 817 accedentes
1410 771 1479 816 con·
1573 769 1574 774 ¹

349 864 504 942 spectum,
519 859 631 926 literas
647 867 796 944 patentes
812 863 980 928 memorati
1006 861 1142 946 capituli
1166 859 1374 945 Scepsyensis
1391 858 1479 925 nobis

348 973 586 1050 presentarunt,
602 969 636 1033 in
652 969 768 1052 quibus
784 969 966 1036 habebatur
981 970 1162 1048 manifeste,
1178 970 1264 1053 qnod
1281 970 1388 1053 ipsum
1398 967 1479 1051 capi·

348 1075 454 1142 tulum
469 1077 602 1143 ecclesie
628 1075 834 1163 Scepsyensis
851 1079 970 1143 nostris
995 1078 1209 1162 peticionibus
1225 1077 1411 1143 satisfacere
1428 1099 1478 1141 cu-

348 1184 482 1268 pientes,
497 1185 640 1268 ipsorum
656 1187 818 1252 misissent
827 1187 989 1252 hominem
999 1209 1058 1270 pro
1069 1187 1253 1252 testimonio
1266 1185 1329 1252 fide
1339 1186 1477 1269 dignum,

349 1295 499 1361 videlicet
522 1297 714 1380 magistrum
739 1297 880 1362 Paulum
907 1297 1041 1362 fratrem
1058 1303 1090 1362 et
1105 1296 1356 1362 concanonicum
1372 1315 1477 1359 eorum
1573 1337 1574 1368 ᾗ

350 1423 489 1468 unacum
514 1403 686 1489 Stanyzlao
702 1404 769 1470 filio
785 1405 810 1469 J
811 1405 948 1470 ohannis
972 1405 1102 1471 homine
1117 1405 1206 1488 regio
1222 1423 1282 1488 pro
1299 1408 1396 1487 parte
1410 1423 1477 1488 par-

351 1510 434 1576 cium
442 1516 657 1595 utrarumque
667 1514 710 1577 ad
719 1513 877 1597 premissa
890 1514 1103 1596 exsequenda,
1120 1513 1176 1596 qui
1186 1513 1315 1576 demum
1325 1511 1477 1594 adipsum
1573 1551 1574 1598 3

349 1618 525 1700 capitulum
537 1621 663 1698 reversi,
680 1620 783 1685 cidem
794 1621 995 1686 concorditer
1010 1621 1206 1698 retulissent,
1222 1617 1309 1702 quod
1325 1616 1476 1682 Nicolans

349 1727 389 1790 de
408 1724 563 1793 Machala
587 1749 646 1812 pro
672 1735 827 1793 annotato
852 1729 1008 1811 magistro
1033 1729 1133 1793 Petro
1158 1728 1244 1792 dicto
1270 1727 1419 1791 Poharus
1445 1773 1471 1788 ..
1573 1811 1574 1830 Χ

350 1837 483 1901 eandem
494 1839 726 1919 possessionem
743 1837 870 1902 Zalcuk
888 1842 1117 1920 nuncupatam,
1127 1837 1160 1900 in
1171 1835 1266 1900 dictis
1276 1835 1397 1900 octavis
1409 1832 1475 1897 festi
1573 1887 1574 1928 ,

350 1940 542 2010 Natiuitatis
558 1944 651 2010 beate
660 1945 804 2028 virginis,
820 1945 1023 2028 presentibus
1033 1943 1217 2009 hominibus
1228 1942 1326 2024 regiis
1342 1948 1376 2006 et
1392 1941 1472 2007 testi·
1573 1983 1574 2008 3

350 2052 457 2115 monio
485 2052 620 2135 capituli
650 2053 782 2118 ecclesie
813 2051 1019 2137 Scepsyensis
1042 2053 1222 2130 antedictis,
1251 2053 1312 2117 sub
1340 2049 1423 2116 veris
1445 2097 1469 2112 ..

351 2160 445 2224 metis
471 2160 613 2228 eiusdem
637 2160 863 2244 infrascriptis,
887 2161 1064 2245 prescripta
1090 2159 1192 2225 nobili
1217 2159 1325 2242 puelle
1350 2156 1476 2240 Margyt
1573 2163 1574 2172 ’

350 2273 463 2334 vocate
479 2275 512 2334 et
527 2290 584 2352 per
601 2290 671 2334 eam
698 2270 764 2334 suis
789 2269 961 2335 heredibus
978 2291 1036 2352 pro
1063 2275 1182 2352 quarta
1208 2288 1267 2332 sua
1290 2265 1428 2350 puellari
1445 2285 1476 2328 ac
1557 2279 1574 2356 *ἦ

351 2377 479 2442 domine
494 2379 610 2442 matris
627 2399 683 2442 suc
700 2377 844 2460 predicte
860 2399 919 2461 pro
930 2379 1004 2445 dote
1022 2383 1053 2442 et
1068 2377 1164 2442 rebus
1181 2376 1247 2442 suis
1263 2373 1475 2459 parcrphana·
1573 2359 1574 2382 l

350 2484 443 2562 libus,
458 2485 528 2550 iure
544 2492 700 2569 perpetuo
724 2536 753 2550 ..
776 2487 952 2552 secundum
970 2487 1084 2552 seriem
1103 2486 1274 2551 literarum
1299 2490 1474 2548 nostrarum
1573 2477 1574 2534 l

351 2595 578 2678 possidendam
603 2596 810 2676 statuissent;
835 2617 947 2660 cursus
963 2616 1036 2660 vero
1052 2601 1211 2660 metarum
1234 2594 1338 2676 ipsius
1362 2613 1475 2676 posses·

352 2703 450 2768 sionis
469 2701 596 2768 Zalcuk
621 2705 843 2769 dinosceretur
859 2725 928 2768 esse
945 2703 1036 2768 talis:
1062 2704 1168 2785 prima
1183 2709 1271 2766 meta
1287 2701 1475 2784 inciperetur

352 2811 385 2875 in
412 2812 551 2892 quodam
576 2811 644 2876 alto
670 2817 776 2876 monte
805 2812 971 2879 adiacente
995 2813 1080 2876 inter
1104 2812 1225 2876 dictam
1250 2809 1473 2892 possessionem

353 2918 481 2983 Zalcuk
496 2926 529 2984 ct
543 2920 692 3004 Polyauk
708 2919 771 2984 alio
788 2921 916 2986 nomine
941 2919 1105 3004 Babarety
1129 2925 1258 2984 vocatas
1276 2940 1296 2982 a
1312 2923 1404 3001 parte
1419 2937 1474 2980 ms-

353 3026 504 3092 ridionali
530 3027 698 3093 cuiusdam
722 3048 838 3110 magne
864 3033 896 3091 et
920 3025 986 3091 alte
1012 3027 1086 3092 albe
1112 3027 1260 3111 petreia
1285 3047 1351 3090 una
1376 3031 1474 3088 terrea

354 3141 448 3211 meta,
474 3140 507 3199 et
532 3135 648 3200 abinde
672 3137 881 3201 descenderet
906 3156 1016 3199 versus
1042 3135 1239 3200 occidentem
1255 3135 1298 3199 ad
1313 3132 1473 3217 planiciem

354 3242 472 3308 montis
489 3245 631 3309 ciusdem
647 3243 689 3308 ad
705 3244 790 3308 viam
806 3263 966 3326 magnam,
983 3263 1044 3325 que
1061 3244 1101 3308 de
1116 3242 1194 3307 villa
1214 3240 1368 3308 Omnium
1385 3239 1472 3306 Sanc-

353 3356 460 3415 torum
477 3353 608 3417 duceret
624 3351 657 3415 in
673 3351 800 3416 Zalcuk
816 3353 1022 3428 antedictam,
1039 3353 1071 3416 in
1088 3353 1222 3435 ipsaque
1238 3351 1290 3415 via
1303 3349 1472 3433 perveniret

354 3480 464 3523 versus
481 3461 686 3538 occidentem,
711 3480 843 3525 currens
869 3463 911 3526 ad
935 3461 1049 3539 locum,
1074 3459 1129 3524 ubi
1146 3481 1165 3523 a
1181 3460 1283 3545 latere
1308 3459 1407 3541 ipsius
1431 3455 1472 3519 vie

355 3566 609 3649 septemtrionali
640 3569 779 3634 intraret
809 3569 943 3633 candem
967 3589 1033 3632 una
1057 3567 1109 3632 via
1140 3568 1275 3650 antiqua
1302 3585 1472 3650 perquam

356 3675 518 3757 quondam
535 3680 568 3740 et
584 3697 669 3739 nunc
693 3675 726 3738 in
751 3677 846 3740 dorso
861 3697 918 3740 seu
934 3674 1002 3740 acie
1023 3675 1189 3740 cuiusdam
1206 3675 1295 3757 longi
1310 3675 1425 3738 montis
1439 3672 1472 3734 de

357 3781 487 3846 Tarcha
511 3782 738 3848 transivissent
752 3787 785 3847 et
801 3784 979 3848 transirent
1002 3783 1036 3846 in
1060 3783 1180 3848 dictam
1205 3781 1315 3846 villam
1332 3779 1471 3846 Omnium

358 3887 560 3966 Sanctorum,
577 3895 609 3954 et
624 3893 657 3955 in
674 3893 785 3956 eadem
811 3891 946 3974 antiqua
970 3891 1022 3956 via
1047 3891 1081 3954 in
1106 3892 1174 3955 acie
1190 3912 1246 3956 seu
1262 3891 1358 3956 dorso
1382 3888 1471 3972 ipsius

346 3997 474 4060 montis
490 4017 524 4060 se
540 3999 750 4080 protendente
775 4019 834 4082 per
858 4004 961 4063 metas
987 4004 1110 4064 terreas
1134 3999 1334 4082 sitaspenes
1350 3997 1471 4063 eandem

356 4123 488 4169 currens
504 4105 685 4189 perveniret
709 4127 811 4190 usque
827 4108 903 4172 dum
919 4128 1029 4172 versus
1053 4106 1185 4172 fluvium
1209 4107 1338 4172 Zalcuk
1353 4107 1393 4172 ad
1408 4124 1472 4189 par·

356 4218 422 4276 tem
444 4215 681 4296 septemtrionis
707 4216 963 4294 descenderetur,
988 4215 1044 4279 ubi
1069 4222 1153 4280 esset
1176 4237 1242 4280 una
1267 4221 1374 4280 terrea
1389 4219 1470 4282 meta

356 4321 421 4386 sita
446 4323 532 4388 circa
556 4324 642 4388 viam
668 4325 810 4406 candem,
835 4326 874 4390 de
900 4347 964 4408 qua
989 4324 1022 4390 in
1048 4325 1119 4408 ipsa
1144 4327 1194 4392 via
1218 4323 1472 4392 descenderetad

356 4429 528 4512 antiquum
544 4432 660 4496 vadum
684 4429 774 4496 fluvii
790 4432 940 4509 ciusdem,
965 4432 1050 4498 circa
1067 4435 1152 4516 quod
1177 4440 1262 4499 esset
1282 4435 1383 4499 tercia
1397 4437 1471 4496 meta

357 4537 398 4601 ab
415 4539 547 4622 ipsoque
565 4541 644 4604 vado
669 4541 702 4603 in
726 4541 837 4605 eodem
862 4539 958 4604 fluvio
980 4562 1091 4606 versus
1115 4542 1282 4610 meridiem
1299 4543 1472 4608 ascenderet

357 4645 493 4710 adfines
510 4649 595 4730 prati
612 4649 651 4713 de
668 4647 794 4712 Zalcuk
810 4649 965 4714 antedicti
976 4656 1008 4714 et
1018 4653 1200 4734 oppositum
1216 4652 1381 4716 cuiusdam
1396 4667 1471 4713 mon·

357 4753 448 4817 ticuli
472 4754 505 4817 in
531 4777 594 4837 quo
621 4757 784 4838 quondam
816 4757 971 4822 heremite
1003 4757 1205 4836 resedissent,
1231 4757 1286 4822 nbi
1311 4763 1393 4822 esset
1416 4773 1471 4820 una
