3188 5476
658 560 844 606 lsrouuoar
862 545 1077 604 osnlurrlu.

841 833 914 894 359.

310 997 405 1057 1352.
431 993 541 1072 Burin,
568 1016 639 1078 apr.
666 994 718 1053 26.
747 992 773 1052 I.
801 991 903 1077 Lujcs
929 993 1039 1078 lcircily
1059 993 1221 1062 tekintclhe
1249 995 1319 1053 eece
1347 1015 1368 1052 α
1394 990 1446 1051 ket

310 1104 551 1187 Nuppmurtoui
576 1100 695 1162 Mallos
722 1099 890 1161 ordcmeil:
926 1100 1006 1186 hopp
1034 1101 1144 1163 [stada
1176 1101 1303 1182 Ire-remp
1329 1101 1446 1182 orcijo't

310 1209 486 1274 Passuuho'l
504 1207 802 1292 Mapyarorszcipba
827 1206 976 1286 lustrata,
1001 1209 1082 1294 hopy
1106 1233 1127 1270 a
1154 1208 1254 1270 litorio
1271 1206 1445 1290 badja-ral-

309 1321 372 1382 ban
388 1322 469 1380 rebat
483 1317 594 1394 certeis,
612 1339 626 1377 s
642 1315 724 1400 kopp
741 1315 853 1378 Istvdu
870 1315 998 1378 bosrrtui
1022 1317 1150 1400 hcrcch
1166 1317 1297 1400 lerinyu‘t
1314 1314 1445 1376 Mei-risit

310 1451 330 1490 a
356 1426 467 1510 surely
498 1425 636 1487 rokouu't
660 1447 675 1484 s
701 1421 871 1484 Helseueer·
902 1431 983 1485 necti
1008 1428 1049 1485 rii·
1074 1427 1339 1508 menyusszonyu't
1365 1421 1445 1484 Pas·

311 1535 413 1598 saubo
440 1531 619 1609 albicaret,
651 1531 812 1592 tekiutetbc
842 1535 914 1592 rauce
940 1540 991 1594 azt
1016 1537 1056 1610 is,
1087 1532 1169 1616 kopp
1192 1553 1231 1593 oz
1255 1530 1363 1594 εἰη-ἁλί
1387 1530 1442 1590 Ιιά-

310 1667 380 1705 roru
407 1646 439 1703 eir
466 1642 547 1702 alcu
572 1663 592 1701 u
618 1639 831 1722 kiizszolprilct
862 1645 955 1702 iri-iuti
984 1643 1071 1723 sajet
1095 1639 1265 1724 ‹lolpailrat
1290 1639 1443 1722 elbunyu·

307 1753 398 1838 poliri
413 1747 705 1834 lcc'nyteleuittettek,
731 1747 894 1824 clrcudcli,
914 1747 995 1830 kopp
1013 1747 1187 1810 nrinduzon
1203 1747 1364 1824 birtolcolr,
1383 1769 1442 1808 urc-

309 1859 409 1944 lpclcet
435 1881 456 1920 a
481 1855 766 1941 Nappnrurtoniuk
783 1853 939 1937 elleafelci
961 1855 1077 1918 baroni
1103 1859 1136 1917 c‘o
1162 1856 1213 1916 otc
1238 1854 1443 1938 elfoylaltok,

309 1965 405 2028 achile
428 1963 736 2042 otsszoudussnnuk,
769 1966 799 2025 c's
824 1987 838 2024 c
869 1966 966 2048 otpolt
997 1987 1018 2025 o
1050 1963 1168 2026 rauciori
1198 1967 1228 2025 es
1252 1986 1291 2025 uz
1316 1967 1445 2048 orsza'p-

750 2070 832 2132 birot
855 2073 1001 2154 utusity'a.

416 2231 486 2297 Nos
511 2233 691 2297 Lodovicus
716 2281 744 2294 ..
779 2253 834 2294 rex
858 2283 886 2295 ..
914 2230 1139 2314 significamus,
1166 2233 1252 2314 quod
1278 2254 1352 2296 cum
1379 2255 1444 2298 ma-

311 2341 404 2424 gistri
430 2339 601 2423 Nylrlynus
626 2339 774 2420 magistri
799 2340 982 2416 Laurencii‚
1014 2347 1046 2403 et
1071 2339 1154 2403 alter
1180 2339 1351 2424 Nyklynus
1378 2339 1453 2422 Nym

310 2448 398 2531 hlyni
423 2445 489 2525 filii,
516 2447 641 2510 comitis
667 2446 765 2510 Pauli
784 2446 919 2510 condam
944 2445 1057 2511 iudicis
1082 2447 1170 2512 curie
1185 2455 1294 2512 nostre
1312 2455 1444 2530 nepotes

310 2556 418 2618 dilecti
445 2561 478 2618 et
501 2553 611 2618 fideles
643 2553 753 2634 nostri,
785 2554 853 2636 ipso
885 2555 998 2620 comite
1024 2555 1128 2618 Paulo
1160 2556 1288 2619 volente
1315 2555 1444 2622 domino

310 2667 395 2728 viam
411 2663 556 2726 universe
573 2663 678 2726 carnis
695 2661 849 2744 ingresse,
866 2665 899 2726 in
916 2662 1063 2728 omnibus
1081 2665 1199 2729 nostris
1215 2665 1359 2746 negociis
1376 2665 1443 2748 pla·

309 2771 388 2835 cidis
404 2777 436 2834 et
452 2771 641 2852 opportunis
659 2790 696 2834 ac
712 2791 835 2835 summe
852 2771 969 2852 arduis,
996 2773 1083 2835 omni
1101 2771 1268 2836 fidelitatis
1292 2778 1325 2836 et
1350 2794 1443 2838 cona·

310 2879 407 2943 minis
433 2878 539 2943 studio
565 2899 598 2941 se
623 2878 821 2960 complacere
853 2885 886 2942 et
917 2881 1028 2962 utique
1058 2879 1192 2946 reddere
1224 2881 1389 2962 graciosos
1414 2887 1443 2942 et

310 2993 459 3069 acceptos
476 2986 674 3050 studuissent
690 2993 798 3051 nostre
820 2989 991 3066 maiestati,
1018 2994 1051 3051 et
1076 2987 1258 3071 specialiter
1283 2990 1384 3066 iniis,
1410 2995 1443 3052 ut

310 3097 385 3160 dum
398 3094 555 3178 quosdam
571 3094 681 3159 fideles
698 3095 834 3160 barones
853 3103 978 3161 nostros
989 3102 1022 3160 et
1031 3096 1117 3180 ipsos
1133 3097 1305 3179 magistros
1323 3097 1443 3180 Nyhly·

309 3226 387 3267 num
403 3204 550 3284 magistri
574 3201 759 3282 Laurencii‚
785 3211 818 3267 et
834 3204 971 3268 alterum
991 3203 1182 3288 Nyhlynum
1198 3203 1343 3288 Nyklyni
1361 3203 1442 3268 filios

311 3312 352 3375 ad
363 3310 602 3375 traduccionem
613 3311 878 3376 excellentissime
894 3312 1084 3394 principisse
1101 3313 1227 3378 domine
1237 3310 1338 3376 Anne
1353 3315 1442 3377 nuris

310 3426 428 3497 nostre,
453 3417 517 3482 filie
535 3417 637 3483 incliti
663 3419 819 3502 principis
838 3419 957 3483 domini
983 3419 1136 3485 Lodovici
1152 3421 1288 3486 condam
1304 3422 1440 3504 impera-

310 3528 390 3591 toris
411 3548 617 3590 romanorum
644 3527 676 3589 in
701 3535 880 3591 consortem
896 3528 1016 3591 domini
1043 3526 1200 3610 Stephani
1216 3528 1306 3594 ducis
1332 3528 1439 3592 fratris

311 3635 411 3700 nostri
429 3633 586 3698 carissimi
602 3633 832 3698 matrimoniali
860 3634 967 3699 federe
984 3637 1053 3698 iure
1078 3642 1111 3699 et
1133 3636 1277 3718 legitime
1294 3635 1439 3718 copulate

310 3742 609 3821 transmisissemus
625 3740 722 3804 iidem
739 3747 874 3822 uterque
891 3727 1061 3826 Nyklynus
1078 3745 1144 3807 suis
1154 3745 1295 3826 propriis
1307 3744 1439 3826 copiosis

310 3850 467 3916 sumtibus
499 3855 532 3913 et
563 3851 710 3932 expensis
742 3852 774 3914 in
806 3853 908 3916 nostri
942 3853 1072 3918 honoris
1105 3854 1339 3918 incrementum
1371 3875 1438 3918 cum

311 3959 429 4022 eisdem
444 3957 618 4021 baronibus
635 3958 753 4022 nostris
780 3958 941 4023 socialiter
958 3959 1147 4025 Pazzoviam
1163 3959 1362 4038 accedentes,
1389 3983 1437 4024 no·

310 4065 359 4130 bis
391 4065 500 4129 fideles
524 4071 557 4128 et
580 4064 711 4129 devotos
736 4086 799 4128 non
825 4073 993 4148 parcentes
1019 4069 1085 4132 suis
1117 4067 1213 4132 rebus
1239 4077 1271 4134 et
1297 4070 1437 4152 personis

311 4172 524 4238 exhibuerunt
555 4173 748 4253 famulatus;
779 4181 811 4237 et
837 4196 908 4238 cum
933 4176 972 4240 iis
998 4177 1196 4258 temporibus
1221 4199 1284 4241 non
1315 4177 1437 4259 prolon-

312 4283 395 4363 gatis
412 4279 534 4345 Christi
551 4283 677 4345 nomine
698 4281 845 4348 invocato
862 4282 904 4346 ad
924 4284 1150 4349 conterendam
1176 4285 1330 4349 duriciem
1348 4293 1379 4350 et
1395 4307 1436 4349 se·

310 4391 424 4454 viciam
456 4388 559 4452 cordis
591 4392 747 4470 paganias
779 4391 883 4472 gentis
915 4391 1158 4472 Lythvanorum
1185 4415 1204 4456 a
1231 4392 1355 4459 Christi
1379 4393 1436 4457 lide

312 4499 492 4574 scissorum,
509 4497 542 4560 in
558 4497 663 4560 valido
681 4499 821 4563 exercitu
839 4500 969 4582 propria
985 4501 1018 4563 in
1034 4522 1171 4583 persona
1188 4505 1437 4568 accessissemus.

311 4605 395 4668 idem
418 4606 572 4684 magister
599 4603 769 4688 Nyklynus
785 4606 870 4670 filins
886 4608 1034 4690 magistri
1052 4609 1223 4674 Laurencii
1241 4612 1390 4676 similiter
1405 4611 1437 4672 in

311 4713 450 4794 propriis
476 4712 634 4777 sumtibus
661 4719 693 4776 ct
718 4716 872 4796 expensis
898 4717 1032 4781 honesta
1062 4717 1238 4802 hungarios
1265 4721 1368 4802 gentis
1384 4741 1436 4781 ua-
