3226 5462
407 495 450 560 34
756 511 943 590 nuruoxoxr
959 495 1174 558 oxsrlursln.

400 676 542 742 vulneris
558 675 591 741 in
608 697 701 740 suum
717 681 815 760 caput
839 675 1043 760 snscepcione
1068 673 1220 740 exhibitis
1236 680 1269 738 et
1284 673 1446 758 impensis,
1464 691 1537 758 pre·

401 785 522 852 dictam
548 785 781 868 possessionem
814 784 991 870 Molonyan
1016 786 1049 849 in
1075 785 1160 851 dicto
1186 785 1341 851 comitutu
1365 781 1537 848 Borsiensi

401 894 610 972 adiacentem,
626 892 686 960 sub
702 893 768 958 suis
794 893 878 958 veris
904 893 998 958 metis
1014 899 1047 958 et
1063 893 1216 974 antiquis,
1232 915 1270 958 ac
1286 914 1359 958 oum
1385 889 1537 956 omnibus

401 1002 515 1068 suis..
541 1001 747 1086 pertinenciis
773 1002 912 1067 cuiusvis
937 1001 1074 1067 nominis
1111 1001 1263 1068 vocabulo
1288 1001 1455 1082 vocitatis,
1502 1001 1536 1063 in

404 1110 573 1196 superficie
589 1110 732 1176 eiusdem
749 1109 969 1192 existentibus,
997 1110 1101 1176 eidem
1125 1110 1282 1194 magistro
1307 1107 1455 1190 Nicolao,
1482 1129 1536 1172 ex·

401 1221 502 1304 ceptis
527 1227 560 1284 et
585 1217 721 1284 exclusis
747 1217 894 1284 omnibus
921 1218 993 1284 aliis
1018 1217 1175 1284 fratribus
1210 1217 1276 1284 suis
1302 1223 1371 1282 tam
1397 1216 1536 1281 uterinis

400 1327 601 1413 patruelibus
626 1327 675 1392 vel
701 1327 773 1392 aliis
799 1326 1005 1410 quibuslibet,
1035 1327 1099 1392 imo
1126 1349 1185 1392 nec
1210 1327 1346 1392 alicuius
1378 1324 1535 1409 temporis

400 1437 559 1504 curriculo
575 1436 778 1503 dividendam
788 1457 846 1501 seu
856 1437 1115 1520 participandam
1125 1459 1198 1502 cum
1215 1436 1335 1502 eisdem
1351 1435 1401 1500 vel
1421 1435 1535 1515 aliquo

400 1545 593 1625 eorumdem,
610 1546 671 1610 nisi
687 1544 829 1610 eiusdem
845 1546 992 1629 magistri
1007 1544 1136 1611 Nicolai
1160 1544 1288 1610 liberali
1303 1543 1466 1630 placuerit
1482 1563 1534 1606 vo·

399 1652 528 1736 luntati,
554 1659 711 1737 perpetuo
736 1660 770 1720 et
794 1653 1048 1718 irrevocabiliter
1073 1655 1106 1718 in
1131 1652 1215 1720 filios
1231 1651 1372 1718 filiorum
1389 1651 1534 1717 eiusdem

402 1761 551 1845 magistri
567 1759 697 1827 Nicolai
722 1761 761 1826 de
778 1783 934 1827 consensu
959 1761 1163 1826 serenissime
1188 1761 1378 1844 principisse
1404 1761 1534 1825 domine

401 1869 511 1952 regine
528 1869 692 1952 genitricis
708 1877 816 1934 nostre
842 1868 1020 1947 karissime,
1045 1870 1309 1954 prelatorumquc
1326 1875 1358 1933 et
1373 1867 1533 1933 baronum

400 1985 584 2044 nostrorum
609 1976 742 2042 consilio
767 1985 963 2060 prematuro,
988 1977 1074 2042 omni
1091 1997 1128 2042 eo
1153 1978 1222 2041 iure
1249 1997 1312 2057 quo
1329 1976 1371 2041 ad
1387 1983 1533 2042 nostram

402 2089 563 2172 pertinere
589 2087 767 2154 dinoscitur
792 2087 1001 2152 collacionem
1028 2137 1057 2152 ..
1084 2085 1270 2151 donavimus
1289 2138 1295 2150 .
1313 2138 1318 2149 .
1336 2086 1440 2152 eidem
1463 2107 1533 2150 ma·

400 2194 503 2278 gistro
519 2193 655 2260 Nicolao
666 2215 723 2278 per
735 2215 768 2259 se
779 2193 1005 2278 possidendam
1020 2245 1026 2258 .
1043 2244 1050 2258 .
1067 2193 1213 2260 volumus
1224 2195 1326 2258 eciam
1342 2199 1374 2258 et
1390 2193 1534 2258 commit·

402 2303 510 2382 timus,
527 2309 563 2368 ut
578 2303 663 2368 idem
683 2303 838 2386 magister
853 2301 1010 2367 Nicolaus
1036 2324 1133 2386 super
1159 2301 1244 2368 facto
1270 2302 1435 2368 divisionis
1462 2323 1533 2383 pre-

404 2411 524 2496 scripte
540 2411 748 2493 possessionis
773 2408 947 2493 Molonyan
964 2415 1076 2474 contra
1101 2409 1262 2490 quoslibet
1278 2430 1351 2474 suos
1367 2407 1486 2473 fratres
1502 2417 1533 2472 et

400 2520 563 2602 proximos
588 2519 622 2582 in
647 2515 766 2582 nullius
798 2515 913 2580 iudicis
945 2516 1112 2600 presencia
1144 2523 1251 2584 astare
1284 2521 1441 2598 teneatur,
1475 2537 1532 2580 nec

400 2629 572 2710 quisquam
589 2627 730 2692 iudicum
747 2626 853 2710 ipsum
869 2626 1043 2710 superbos
1059 2632 1171 2692 contra
1187 2625 1323 2691 formam
1347 2623 1532 2689 huiusmodi

402 2741 510 2802 nostre
527 2736 635 2820 gracie
651 2735 883 2801 suoiudicatui
899 2741 1007 2802 astare
1023 2735 1215 2820 compellere
1236 2733 1444 2817 quovismodo
1461 2755 1531 2818 pre-

400 2851 548 2927 summat,
564 2845 627 2909 nisi
643 2845 877 2927 possessionem
893 2843 1027 2910 eandem
1052 2845 1121 2928 ipso
1146 2865 1218 2909 cum
1238 2841 1401 2924 aliquibus
1418 2863 1530 2906 eorum
1597 2893 1598 2906 .

399 2952 555 3020 fratribus
571 2951 621 3016 vel
636 2951 793 3035 proximis
818 2953 903 3016 inter
919 2973 952 3017 se
969 2951 1053 3018 bona
1069 2974 1129 3018 sua
1144 2952 1286 3018 dividere
1311 2949 1451 3015 voluerit
1478 2969 1530 3013 vo-

400 3063 532 3127 luntate.
558 3059 682 3125 Datum
707 3057 809 3139 Bude,
835 3058 916 3124 feria
940 3066 1032 3125 sexta
1057 3061 1203 3144 proxima
1228 3065 1300 3146 post
1325 3059 1531 3124 Dominieam

399 3169 424 3236 J
425 3169 529 3254 udica,
545 3189 629 3236 anno
645 3168 766 3233 domini
780 3167 832 3232 Μο
856 3165 954 3235 000ο
978 3169 1082 3235 XL¹¹¹⁰
1100 3169 1242 3253 septime.

507 3333 658 3398 Hatlapjln
686 3349 703 3384 a
722 3335 825 3396 kirblyi
853 3349 926 3400 nagy
955 3335 1046 3398 pecset
1074 3336 1241 3400 nyomaival‚
1270 3334 1400 3398 melynek
1428 3331 1530 3395 helpen
1596 3357 1597 3392 r

402 3426 519 3476 »relacio
539 3425 742 3490 secundumn«
763 3425 864 3475 szavak
884 3425 1057 3477 olvashatdk.
1077 3425 1216 3490 Eredetije
1236 3441 1268 3475 ez
1288 3440 1356 3475 orsz.
1377 3426 1408 3474 lt.
1429 3424 1530 3472 kincsl.

400 3521 467 3567 oszt.
487 3517 520 3567 N.
541 3518 573 3566 R.
593 3517 625 3566 A.
648 3520 706 3566 167.
729 3521 751 3565 1.
771 3515 838 3578 dipl.
857 3516 888 3564 lt.
910 3519 987 3567 3679.
1006 3517 1105 3566 Kozli:
1125 3517 1233 3566 Kovdcs
1252 3517 1286 3566 N.

885 3695 1045 3704 —..-......

940 3843 990 3905 17.

403 3987 498 4054 1347.
515 3988 620 4074 Bada,
637 4001 729 4056 mart.
746 3993 798 4056 28.
825 3991 889 4058 Pal
904 3989 1084 4078 orszdpbird
1110 3989 1254 4058 Cretaekc'
1273 3991 1348 4058 Kun
1366 3991 1485 4058 Milclds
1502 3994 1530 4056 a

399 4101 487 4162 tdrsa
503 4097 640 4162 kdrdsdre
656 4121 677 4163 a
692 4100 807 4186 saepest
821 4099 988 4185 kdptalcut
1013 4100 1204 4185 vizspdlatro
1228 4099 1322 4166 aolus·
1337 4102 1372 4166 lu·
1386 4125 1407 4166 a
1424 4102 1529 4186 oe'pett,

400 4210 508 4292 capon
538 4207 635 4293 ipae-e
669 4230 724 4286 az,
765 4209 845 4294 bopy
881 4206 1024 4274 Cretueki
1048 4209 1140 4273 Puer
1174 4234 1195 4274 a
1229 4209 1363 4274 cremeas·
1386 4210 1528 4306 'aaaron
1594 4289 1595 4292 Ἴ

398 4313 491 4378 kield
514 4313 656 4402 bizoayoe
679 4319 758 4380 rc'rzt
783 4315 924 4403 elfoplull
948 4320 980 4382 ds
1003 4341 1081 4383 uzon
1098 4319 1311 4406 jobbdpyokot
1341 4304 1424 4385 ukdr
1451 4341 1529 4404 orep·
1594 4295 1595 4356 l

880 4426 1044 4512 calepiam&

509 4619 514 4632 .
532 4617 538 4631 .
556 4569 697 4650 capitulo
710 4567 843 4634 ecclesie
860 4567 1059 4654 Scepsiensis
1078 4591 1183 4635 comes
1194 4569 1317 4637 Paulus
1328 4570 1424 4637 iudex
1442 4573 1529 4636 curie

402 4673 570 4740 ..dicit-m·
586 4675 677 4742 nobis
694 4677 727 4740 in
744 4678 889 4761 personis
914 4675 1043 4743 Nicolai
1068 4678 1145 4745 dicti
1170 4677 1251 4745 Kun
1277 4679 1335 4746 filii
1361 4680 1528 4748 Benedicti
1593 4769 1594 4780 ἵ
