3188 5476
545 587 642 646 1352.
661 603 732 644 suc.
751 586 801 645 24.
1178 587 1242 646 605

109 764 229 826 siarum
265 813 293 827 ..
326 764 492 846 episcopis,
518 783 640 828 necnon
674 813 701 824 ..
734 761 850 825 comite
876 760 1002 825 Thema
1028 759 1131 825 iudice
1156 762 1243 824 curie

107 871 195 954 regie
220 893 260 936 ac
286 871 422 936 Nicolao
438 873 572 938 voivoda
591 870 823 936 Transsilvano
840 875 872 933 et
888 869 1004 933 comite
1029 871 1069 934 de
1095 868 1242 944 Zounuk,

108 1000 164 1062 per
191 983 313 1063 regiam
339 980 573 1062 benignitatem
599 1001 658 1061 pro
682 977 829 1042 faciendo
852 975 1050 1059 quibuslibet
1075 977 1243 1058 querelan-

107 1089 196 1152 tibus
223 1096 312 1152 recto
338 1089 465 1157 iudicio.
492 1108 614 1151 necnon
640 1107 698 1169 pro
724 1086 916 1167 quibusdam
939 1085 1004 1149 suis
1031 1091 1064 1149 et
1089 1085 1179 1166 regni
1195 1083 1245 1148 sui

111 1196 255 1278 negociis
272 1195 494 1260 restaurandis
513 1201 545 1258 et
560 1193 772 1258 reformandis
789 1194 822 1256 in
839 1193 940 1256 socios
956 1191 1047 1255 nobis
1073 1191 1245 1276 deputatis,

111 1305 293 1386 ceterisque
319 1305 525 1368 ecclesiarum
546 1301 679 1386 prelatis
705 1306 737 1363 et
762 1299 936 1364 baronibus
961 1299 1116 1381 regnique
1133 1298 1245 1362 nobili-

108 1411 167 1474 bus
195 1413 237 1476 ad
262 1411 367 1494 ipsam
393 1409 678 1492 congregacionem
707 1407 918 1490 congregatis,
950 1408 980 1470 in
1007 1405 1096 1471 Alba
1127 1406 1245 1490 Regali

109 1519 334 1600 existentibus,
360 1519 515 1601 magister
541 1517 730 1580 Dominicus
747 1515 832 1579 filius
852 1515 961 1580 Zoard
985 1515 1028 1579 ad
1053 1521 1196 1580 nostram
1212 1521 1245 1578 et

107 1628 270 1690 dictorum
298 1626 457 1690 baronum
483 1627 637 1690 accedens
663 1624 861 1708 presenciam
888 1623 1055 1706 proposuit
1080 1643 1117 1686 eo
1143 1625 1244 1702 modo,

108 1736 196 1816 equod
223 1757 295 1800 cum
321 1736 447 1818 pridem
481 1786 509 1798 ..
543 1733 672 1798 Karulo
703 1753 778 1814 rege
811 1783 839 1796 ..
871 1734 1014 1815 regimen
1046 1732 1123 1796 dicti
1155 1731 1244 1813 regni

109 1843 313 1924 gubernante
329 1850 361 1907 et
378 1863 537 1918 coronam,
556 1841 711 1906 Nicolaus
727 1849 760 1904 et
776 1841 896 1904 Petrus
911 1839 969 1903 filii
986 1839 1115 1905 Nicolai
1127 1840 1245 1904 fratres

107 1952 156 2014 sui
176 1951 341 2032 patrueles
358 1972 416 2033 pro
434 1949 634 2014 fabricatura
650 1949 805 2013 falsarum
822 1957 1022 2014 monetarum
1049 1955 1158 2013 notam
1175 1947 1244 2011 infi-

108 2059 264 2134 delitatis,
290 2059 381 2140 regni
397 2057 624 2122 consvetudine
650 2058 692 2121 ab
712 2057 847 2137 antiquo
863 2055 1047 2138 approbata
1062 2057 1244 2140 requirente

109 2167 332 2241 incurrissent,
352 2165 632 2247 possessionesque
648 2164 791 2246 ipsorum
807 2185 864 2246 pro
881 2165 952 2246 ipsa
967 2163 1122 2228 falsarum
1140 2183 1245 2228 mone·

111 2281 221 2340 tarum
239 2274 454 2338 fabricatione
471 2279 504 2336 et
520 2272 683 2338 ineusione
709 2273 741 2336 in
767 2293 842 2336 suas
858 2274 964 2354 regias
980 2293 1095 2338 manus
1112 2272 1246 2338 fuissent

108 2383 171 2445 rite
190 2389 223 2446 et
238 2381 383 2464 legitime
400 2381 568 2464 applicate,
589 2381 656 2462 ipse
672 2379 819 2444 dominus
837 2377 985 2444 Karalus
1001 2401 1058 2444 rex
1075 2380 1244 2462 possessio-

108 2511 167 2555 nes
184 2512 261 2556 suas
279 2491 355 2554 olim
380 2491 413 2554 in
439 2489 594 2562 divisione
612 2488 671 2551 sibi
692 2488 859 2552 devolutas
876 2495 907 2551 et
923 2489 1004 2552 alias
1030 2488 1244 2571 possessiones

108 2599 264 2663 emcionis
298 2599 394 2662 titulo
426 2597 487 2660 sibi
519 2597 686 2678 provenire
718 2595 878 2672 debentes,
910 2595 1025 2678 Bayna
1053 2602 1085 2659 et
1116 2595 1243 2661 Sarkan

107 2712 249 2783 vocatas,
275 2707 308 2770 in
324 2707 480 2770 comitatu
506 2703 720 2786 Strigoniensi
747 2704 927 2782 existentes,
953 2725 1016 2768 uon
1042 2703 1244 2786 exigentibus

107 2815 177 2878 suis
196 2815 300 2897 culpis
317 2813 413 2878 simul
428 2835 498 2878 cum
516 2811 768 2896 possessionibus
785 2811 944 2876 dictorum
960 2810 993 2876 N
995 2812 1088 2876 icolai
1105 2818 1137 2876 et
1152 2812 1243 2876 Petri

108 2921 252 2987 fratrum
277 2941 408 2986 suorum
434 2920 638 3002 patruelium,
665 2919 791 3002 prefata
807 2919 1006 2984 infidelitatis
1023 2927 1099 2983 nota
1115 2920 1244 2985 racione

107 3028 193 3094 false
210 3028 433 3093 fabricacionis
450 3034 577 3094 monete
602 3028 866 3106 decoloratorum,
892 3028 957 3092 suis
975 3029 1071 3109 regiis
1095 3027 1244 3092 manibus

108 3135 320 3220 applicasset,
337 3159 408 3200 cum
425 3141 535 3200 tamen
551 3136 666 3219 ipsein
683 3136 839 3217 premissa
855 3135 938 3200 falsa
954 3136 1132 3202 monetaria
1147 3135 1245 3199 fabri·

107 3247 243 3311 racione
259 3245 413 3309 innocens
438 3244 553 3308 fuisset
568 3250 601 3307 et
618 3244 776 3308 immunis.
802 3249 835 3306 et
859 3249 896 3306 ut
912 3242 1017 3307 adhuc
1035 3245 1119 3310 inter
1135 3249 1244 3326 patres

106 3375 222 3418 eorum
239 3352 423 3435 perennalis
440 3353 554 3417 divisio
570 3352 692 3416 dudum
710 3351 795 3415 facta
811 3351 980 3430 extitisset,
1006 3353 1046 3416 ad
1072 3352 1244 3416 certiorem

105 3459 262 3524 iamdicta
294 3459 478 3540 perennalis
512 3459 760 3540 possessionarie
789 3458 953 3522 divisionis
988 3459 1243 3524 declaraoionem

106 3567 268 3650 quasdam
294 3565 406 3630 literas
432 3565 649 3648 privilegiales
678 3571 850 3629 conventus
882 3565 1111 3630 cruciferorum
1143 3568 1244 3631 sancti

105 3675 197 3757 regis
214 3671 373 3756 Stephani
389 3674 427 3739 de
451 3672 624 3757 Strigoni0,
641 3675 674 3738 in
690 3695 773 3738 anno
799 3675 918 3739 damini
935 3675 1009 3738 Μτοο
1025 3673 1118 3741 00ωο
1135 3679 1243 3739 octua-

108 3783 234 3866 gesimo
250 3783 357 3858 tercio,
383 3781 415 3844 in
437 3782 557 3846 oetavis
582 3782 657 3846 festi
681 3781 767 3847 beati
792 3780 818 3845 J
819 3780 908 3846 scobi
925 3781 1061 3864 apostoli
1078 3787 1244 3846 emanatas

107 3889 313 3974 presentavit
324 3889 410 3953 inter
423 3895 530 3954 cetera
547 3889 755 3968 continentes,
772 3891 859 3973 quod
875 3889 998 3954 nobiles
1014 3889 1074 3953 viri
1090 3891 1245 3971 magister

106 3997 269 4064 Nicolsus
296 4005 328 4062 et
352 3999 472 4064 Petrus
489 3998 548 4063 filii
564 4000 710 4081 magistri
729 3998 858 4065 Nicolai
883 4003 922 4066 de
948 4021 1063 4082 genere
1079 4001 1188 4066 Zoard
1205 4001 1244 4064 de

106 4107 248 4171 Kereus
273 4105 315 4170 ab
338 4129 402 4171 una
428 4112 529 4189 parte,
554 4105 663 4171 Zoard
689 4115 721 4170 et
746 4104 838 4172 Ohak
861 4107 978 4172 fratres
1004 4107 1187 4172 eorumdem
1204 4107 1245 4170 ab

106 4216 220 4282 altera
235 4215 450 4298 personaliter
466 4217 498 4279 iu
515 4216 616 4297 ipsius
633 4222 808 4279 conventus
823 4222 965 4281 astantes
982 4217 1156 4300 presencia,
1172 4237 1244 4281 con·

108 4321 254 4386 corditer
273 4321 469 4398 retulissent,
494 4323 580 4403 quod
605 4322 666 4403 ipsi
692 4324 731 4386 de
756 4324 916 4387 communi
932 4329 966 4388 et
981 4344 1119 4388 consona
1135 4325 1245 4389 volun-

105 4435 177 4493 tate
188 4427 287 4492 talem
301 4429 488 4493 divisionem
504 4429 654 4494 fecissent
669 4430 754 4493 inter
771 4451 812 4506 se,
829 4432 916 4512 quod
931 4432 1013 4497 duas
1023 4431 1117 4495 villas
1134 4453 1243 4498 eorum

106 4536 254 4601 Bodwan
281 4541 313 4600 et
337 4536 522 4602 Labothlan
539 4544 675 4614 vocatas,
700 4539 920 4620 assignassent
936 4541 1091 4623 magistro
1107 4539 1243 4605 Nicolao

26 4680 30 4686 .
107 4651 140 4707 et
156 4643 259 4708 Petro
275 4642 429 4726 predictis
445 4650 602 4725 perpetuo
619 4653 652 4707 et
667 4645 920 4711 irrevocabiliter
939 4647 1166 4730 possidendas;
1182 4654 1243 4712 ete

107 4771 264 4816 converso
280 4751 361 4814 alias
377 4753 458 4816 duas
474 4751 565 4816 villas
583 4753 724 4834 ipsorum
743 4754 877 4836 Wyfalu
894 4763 925 4818 et
941 4755 1049 4840 Bykul
1066 4763 1194 4824 vocatas
1212 4763 1243 4820 et
