3188 5476
358 583 420 644 596
709 597 893 640 ssvourroav
911 583 1125 640 evulsisse.

353 759 536 822 clausuram
554 757 717 822 cuiusdam
737 757 909 821 molendini
927 758 1071 839 ipsorum
1083 757 1114 820 iu
1125 753 1222 818 fluvio
1239 753 1366 838 Sythua
1383 751 1483 817 habiti

352 865 577 949 potencialiter
602 863 812 941 destruentes,
839 887 954 946 aquam
975 865 1116 928 eiusdem
1145 885 1202 947 per
1228 863 1329 926 aliurn
1346 867 1484 926 meatum

352 973 452 1038 fluere
483 974 718 1057 permisissetis,
750 973 1038 1055 iobagionibusque
1069 974 1212 1054 ipsorum
1244 971 1283 1035 de
1315 969 1484 1036 Kenesech

351 1067 509 1165 plurimas
525 1082 660 1146 iniurias
686 1088 717 1146 et
742 1082 1005 1165 perturbaciones
1033 1082 1184 1145 continue
1196 1079 1312 1142 'inferri
1330 1078 1485 1149 faciendo,

353 1215 430 1257 usus
447 1197 479 1255 et
494 1191 655 1256 utilitates
673 1192 906 1274 possessionum
925 1189 1008 1254 dicte
1028 1189 1160 1254 ecclesie
1186 1189 1292 1252 sancti
1317 1185 1482 1250 Benedicti

352 1319 410 1384 per
435 1299 619 1382 iobagiones
645 1299 722 1363 dicti
748 1299 846 1362 castri
879 1297 1040 1362 varusou
1073 1297 1112 1360 de
1139 1294 1248 1378 Sykua
1280 1296 1311 1358 in
1344 1292 1483 1358 eiusdem

352 1408 485 1472 ecclesie
502 1408 582 1470 iuris
600 1406 722 1488 grande
738 1406 951 1488 prciudicinm
967 1405 1016 1468 uti
1034 1403 1182 1468 faceretis
1199 1405 1410 1478 incessanter,
1434 1421 1485 1464 nec

352 1515 392 1579 de
418 1515 565 1597 frugibus
592 1514 775 1580 eorumdem
802 1513 995 1596 populorum
1021 1513 1060 1576 de
1085 1511 1172 1576 dicta
1197 1509 1307 1594 Sylma
1333 1511 1364 1574 in
1393 1510 1486 1574 terris

351 1623 589 1706 possessionum
615 1621 740 1704 pretate
766 1621 899 1685 ecclesie
916 1621 1017 1684 sancti
1042 1619 1413 1704 Benedictiseminatis,
1441 1617 1486 1679 ius

352 1729 473 1794 domini
489 1729 651 1793 terrestris
676 1729 794 1792 eisdem
811 1728 923 1793 abbati
940 1735 972 1790 et
988 1727 1158 1793 conventui
1175 1725 1246 1790 dari
1264 1725 1424 1801 faceretis,
1449 1724 1484 1786 de

353 1837 470 1919 quibus
495 1835 641 1901 omnibus
667 1836 786 1899 eisdem
813 1837 853 1900 ob
880 1835 1095 1899 literatorium
1122 1838 1269 1898 nostrum
1296 1815 1487 1896 mandatum

352 1944 463 2008 literas
480 1950 608 2008 nostras
626 1949 658 2007 et
673 1944 828 2008 mandata
839 1942 1109 2026 parvipendendo,
1126 1948 1162 2006 ut
1178 1943 1212 2004 in
1229 1941 1333 2004 literis
1353 1939 1485 2022 capituli

353 2051 485 2115 ecclesie
496 2050 674 2115 Nitriensis
685 2056 793 2114 nostre
804 2051 969 2132 rescriptis
985 2051 1147 2114 maiestati
1159 2047 1348 2130 apparebat.
1366 2047 1484 2110 nnllam

353 2159 538 2240 impendere
554 2158 810 2224 satisfaccionem
834 2157 1025 2237 curassetis;
1051 2156 1135 2220 unde
1151 2157 1308 2220 miramur
1325 2155 1366 2219 de
1381 2161 1486 2218 vestra

351 2267 524 2333 temeraria
550 2267 779 2348 presumcione,
806 2287 862 2329 cur
887 2265 1040 2330 mandata
1065 2269 1178 2330 nostra
1204 2269 1236 2327 et
1260 2263 1375 2328 literas
1398 2283 1485 2327 acce·

352 2382 446 2458 ptare
470 2394 534 2437 non
559 2375 714 2452 curastis;
740 2393 840 2456 quare
866 2373 971 2437 adhuc
987 2374 1054 2437 vice
1070 2374 1189 2436 iterata
1214 2371 1367 2436 fidelitati
1383 2377 1485 2434 vestre

352 2481 543 2546 firmissimis
568 2481 664 2563 regiis
681 2481 741 2546 sub
761 2481 922 2563 preceptis
947 2481 1113 2545 demusin
1130 2480 1301 2554 mundatis,
1329 2485 1485 2561 quatenus

353 2591 460 2655 omnia
486 2590 644 2672 premissa
668 2589 783 2652 illicita
813 2595 921 2653 vestra
951 2589 1038 2653 facta
1070 2589 1160 2652 iuxta
1191 2587 1310 2670 prioris
1341 2583 1484 2650 mandati

353 2697 456 2762 nostri
481 2697 597 2760 seriem
622 2716 729 2759 coram
755 2696 940 2759 testimonio
959 2703 1133 2760 conventus
1159 2693 1375 2768 Zoboriensis,
1403 2692 1485 2775 quod

352 2824 409 2886 per
426 2805 531 2886 ipsum
547 2810 737 2868 conventum
748 2803 815 2867 illic
825 2806 907 2868 serie
925 2805 1126 2886 presencium
1146 2804 1326 2868 transmitti
1342 2801 1485 2866 iubemus

352 2931 411 2994 per
426 2912 534 2975 omnia
550 2911 754 2975 meliorantes
781 2919 813 2974 et
838 2913 905 2974 sine
930 2911 1075 2975 ulteriori
1093 2911 1353 2976 dissimulacione
1370 2907 1485 2974 eisdem

259 3057 262 3062 ι
354 3017 392 3082 de
412 3017 577 3101 premissis
602 3019 714 3100 utique
731 3019 973 3094 satisfacientes,
1000 3041 1205 3103 nequaquam
1231 3019 1351 3083 eisdem
1370 3017 1484 3083 similia

354 3125 467 3190 illicita
492 3132 524 3190 et
549 3127 748 3210 potenciaria
765 3127 852 3190 facta
868 3127 1075 3209 quovismodo
1092 3126 1202 3191 inferri
1222 3127 1328 3191 lacere
1345 3147 1484 3208 presum-

355 3235 461 3310 matis,
477 3233 620 3316 alioquin
633 3239 671 3298 tu
687 3233 831 3298 Michael
847 3235 878 3296 in
898 3235 1019 3299 octavis
1036 3235 1109 3298 festi
1119 3235 1206 3298 beati
1217 3233 1337 3298 Jaccbi
1351 3231 1484 3317 apostoli

353 3341 422 3405 sinc
447 3342 680 3406 crastinacione
713 3363 821 3406 eoram
854 3343 944 3406 nobis
977 3363 1172 3424 compareas,
1199 3342 1361 3406 racionem
1394 3360 1484 3422 super

353 3449 517 3531 premissis
543 3447 735 3514 redditurus.
762 3447 863 3512 Aliud
889 3451 973 3514 sicut
998 3470 1055 3513 nos
1081 3451 1222 3532 graviter
1239 3447 1403 3514 offendere
1426 3449 1483 3512 lor

353 3556 492 3637 midatis,
518 3557 704 3620 nullatenus
737 3556 842 3620 facere
870 3557 1035 3638 audeatis3
1067 3563 1232 3640 presentes
1263 3565 1375 3622 autem
1400 3555 1482 3620 reddi

352 3662 498 3728 iubemus
524 3667 733 3748 presentanti,
760 3665 874 3729 seriem
903 3666 1060 3748 siquidem
1088 3669 1319 3750 premissorum
1336 3667 1370 3729 in
1387 3665 1482 3730 literis

352 3773 522 3838 memorati
553 3779 726 3836 conventus
759 3773 965 3838 Zoboriensis
991 3775 1083 3838 nobis
1115 3776 1260 3838 volumus
1293 3771 1480 3838 remandari.

353 3879 478 3944 Datum
495 3878 596 3959 Bude,
613 3878 694 3942 feria
708 3886 826 3958 quarta
836 3881 982 3961 proxima
998 3887 1073 3964 post
1088 3881 1204 3946 festum
1216 3881 1387 3946 beatorum
1397 3877 1479 3944 Petri

353 3994 387 4052 et
402 3987 499 4052 Pauli
514 3987 740 4070 apostolorum,
766 4009 851 4052 anno
867 3989 986 4052 domini
1014 3991 1088 4054 Μῐῃο
1114 3987 1234 4056 00οΜ
1255 3990 1323 4054 Lmn
1341 3989 1480 4054 secundo·

465 4187 594 4249 Paphon,
617 4186 763 4248 hatlapjan
785 4191 888 4250 gydrr'is
903 4188 1049 4249 pecsdtte13
1070 4188 1199 4252 eredetije
1213 4205 1245 4238 az
1259 4203 1330 4238 orsz.
1343 4192 1376 4239 lt.
1390 4190 1479 4239 kincst.

356 4280 424 4324 oszt.
447 4275 551 4323 Eccles.
566 4281 607 4323 2¹4.
623 4281 664 4324 30.
679 4276 745 4336 dipl.
761 4281 827 4324 oszt.
848 4282 926 4327 4292.
949 4279 972 4325 E
995 4277 1097 4339 kiralyi
1120 4279 1346 4343 meghagyasnsk
1361 4281 1480 4343 megiale-

355 4365 428 4428 ldleg
440 4381 456 4414 a
470 4371 589 4413 convent
608 4379 772 4429 ugyanaaon
791 4367 835 4414 evi
846 4366 897 4428 jul.
916 4367 1065 4416 14·eirkelt
1086 4367 1219 4430 jelentese
1238 4371 1344 4418 suerint
1356 4385 1373 4419 a
1386 4369 1479 4430 kirilv‘i

355 4455 573 4516 parancslevelet
600 4456 746 4504 »utiehseli
770 4456 982 4506 vicecastellano
1005 4457 1119 4506 lecimus
1139 4459 1282 4508 exhiberi«
1306 4475 1323 4509 a
1346 4459 1480 4509 kikiilddts

355 4542 513 4591 »Emericus
533 4543 657 4592 sacerdos
676 4545 774 4594 retulit
788 4544 922 4609 eomodo,
942 4545 1017 4606 quod
1029 4546 1168 4609 predictus
1188 4547 1307 4597 menas]
1331 4549 1480 4599 vicecastel-

355 4631 436 4680 lanus
458 4634 553 4682 literas
575 4640 664 4682 vestre
687 4635 840 4683 maiestatis
860 4643 1017 4686 reverenter
1030 4639 1199 4700 suscepisset,
1222 4645 1250 4687 et
1270 4638 1373 4688 auditis
1387 4640 1480 4688 tenerri-

353 4721 403 4769 lms
417 4723 584 4786 earumdem,
608 4723 640 4772 de
664 4726 791 4773 ornnilvus
804 4727 912 4775 iniuriis
934 4764 939 4775 .
961 4765 965 4775 .
989 4729 1083 4776 abbati
1106 4733 1134 4776 et
1153 4731 1302 4778 conventui
1327 4729 1478 4778 inonasterii
