3188 5470
721 479 906 526 ansounoru
923 467 1138 524 ouulsrrln.

897 717 971 777 175.

374 857 469 921 1349.
504 879 575 942 arcp.
604 858 631 920 1.
657 855 687 920 A
710 857 1072 944 parom-ozenstsuedekt
1105 869 1231 924 convent
1262 859 1334 924 doct
1360 861 1484 924 Parusui

371 963 491 1029 Mihlo's
506 966 537 1028 ds
554 964 720 1030 Fodcmssi
734 964 823 1030 Jctto
839 965 1148 1052 tinyiurkoztatjdk,
1173 967 1251 1054 hopy
1277 991 1309 1030 ez
1333 965 1483 1032 uatttot

555 1074 683 1138 Peraea
698 1079 778 1136 acolt
794 1072 951 1138 cirsoktoz
967 1075 1163 1160 semmijoqa
1178 1076 1316 1140 nincseu.

479 1233 549 1299 Nos
565 1242 740 1300 conventus
755 1237 943 1302 monasterii
960 1237 1063 1302 sancti
1073 1237 1243 1302 Benedicti
1254 1237 1293 1302 de
1304 1237 1394 1302 iuxta
1403 1233 1482 1301 Gron

370 1344 484 1409 damus
500 1364 559 1426 pro
576 1346 739 1426 memoria,
765 1345 852 1425 quod
867 1343 1023 1411 Nicolaus
1048 1345 1132 1410 filius
1157 1344 1285 1411 Nicolai
1310 1343 1351 1410 de
1376 1344 1483 1409 Parasa

371 1457 404 1515 et
427 1450 538 1516 Jakou
563 1450 649 1516 filius
676 1451 835 1538 Stephani
860 1453 899 1518 de
928 1454 1091 1539 Fydymes
1122 1453 1245 1518 nobiles
1276 1453 1316 1518 de
1347 1453 1482 1518 comitatu

372 1559 561 1626 Hunthensi
578 1567 617 1626 ut
632 1563 824 1640 retulerunt,
840 1583 948 1630 coram
973 1561 1066 1628 nobis
1082 1561 1296 1647 personaliter
1322 1559 1482 1638 constituti,

371 1690 430 1751 per
446 1668 577 1735 modum
599 1672 844 1752 protestacionis
869 1677 1108 1754 proposuerunt
1126 1691 1164 1736 co
1188 1669 1291 1747 modo,
1315 1669 1398 1750 quod
1413 1667 1482 1732 idem

372 1775 397 1840 J
399 1775 482 1841 akou
498 1775 584 1842 filius
600 1776 757 1862 Stephani
774 1779 813 1843 de
828 1779 989 1864 Fydymes
1013 1781 1046 1843 in
1071 1779 1268 1863 possessione
1283 1777 1406 1843 Parasa
1418 1781 1483 1840 ten·

372 1905 449 1966 pore
464 1905 522 1949 suo
541 1885 667 1950 nullum
693 1887 743 1952 ius
768 1909 827 1952 nec
844 1887 1021 1952 dominium
1037 1887 1212 1966 habuisset,
1237 1907 1296 1950 nec
1319 1885 1444 1950 haberet
1457 1883 1482 1946 in

371 1992 521 2074 presenti,
538 1993 595 2058 sed
619 1996 723 2076 ipsam
748 1997 981 2079 possessionem
1005 1995 1130 2062 Parasa
1154 1994 1321 2078 predictus
1344 1991 1483 2057 Nicolaus

371 2099 456 2164 filius
472 2099 610 2180 Nicolai,
627 2123 699 2166 cum
715 2102 913 2169 utilitatibus
939 2104 1005 2168 suis
1022 2103 1202 2186 possideret
1217 2101 1383 2177 universis,
1407 2097 1480 2163 salvo

371 2211 478 2270 tamen
497 2208 566 2271 iuro
583 2208 697 2292 alieno,
717 2217 753 2274 ut
778 2210 898 2276 nobiles
923 2210 1056 2295 plurimi
1082 2211 1294 2275 comitatuum
1320 2205 1483 2272 Borsiensis

374 2313 578 2382 Hunthensis
594 2323 627 2381 et
642 2315 896 2401 Neugradiensis
913 2339 1021 2383 coram
1046 2317 1138 2382 nobis
1155 2315 1368 2401 personaliter
1383 2313 1482 2378 consti·

372 2422 444 2498 tuti,
470 2427 640 2504 protestati
672 2433 747 2490 sunt
777 2427 956 2491 ministerio
986 2427 1055 2490 vive
1085 2427 1180 2490 vocis.
1203 2425 1243 2489 In
1269 2443 1401 2506 quorum
1424 2443 1482 2503 pro·
1566 2463 1567 2478 ι

371 2531 554 2596 testacionis
570 2533 788 2598 testimonium
808 2533 920 2598 literas
946 2539 1073 2598 nostras
1092 2531 1296 2598 memoriales
1312 2529 1353 2595 ad
1368 2527 1482 2613 peticio-

373 2658 445 2702 nem
472 2638 689 2721 predictorum
715 2640 774 2706 sub
800 2641 907 2724 sigillo
932 2647 1042 2706 nostro
1067 2641 1264 2724 conscriptas
1289 2637 1482 2704 concessimus

371 2751 547 2811 emanatas.
571 2746 696 2812 Datum
712 2747 847 2814 sabbato
863 2750 896 2813 in
913 2748 993 2814 festo
1009 2748 1051 2814 ad
1067 2747 1197 2812 vincula
1214 2747 1301 2812 beati
1318 2745 1406 2812 Petri
1420 2765 1482 2825 apo·

372 2851 455 2934 stoli,
472 2875 557 2918 anno
573 2854 693 2920 domini
710 2853 762 2920 Μ0
786 2855 884 2924 000ο
908 2855 1012 2921 XL¹¹¹⁰
1028 2878 1120 2922 none.

477 3019 606 3082 Paphon,
626 3018 751 3068 zdrlatau
765 3020 856 3082 pecset
878 3021 1054 3098 uyornaiva13
1074 3017 1206 3081 credetije
1219 3033 1252 3068 az
1266 3032 1335 3066 orsa.
1349 3019 1378 3066 lt.
1393 3015 1481 3065 hines.

371 3113 438 3160 oszt.
452 3109 518 3172 dipl.
533 3113 599 3159 oszt.
616 3112 711 3160 28067.
731 3109 830 3158 Kczli:
850 3111 959 3160 Kovrics
972 3111 1005 3160 N.

899 3452 970 3512 176.

376 3610 469 3674 1349.
486 3611 594 3690 Beda,
613 3633 685 3694 cup.
705 3611 754 3674 10.
768 3609 1123 3694 Tarndscrszdpbirdoz
1134 3610 1480 3696 Istcdukiru'lyijeypzt·

516 3720 546 3782 e's
564 3715 717 3805 Gyaudoi
734 3719 850 3782 Millo's
866 3718 934 3783 lco'zt
943 3717 1031 3804 folyt
1047 3727 1138 3805 (Ἑρμοῦ
1155 3717 1348 3802 elholoaztja.

480 3879 549 3946 Nos
566 3901 670 3946 comes
687 3881 829 3948 Thomas
846 3881 941 3946 iudex
958 3881 1046 3946 curie
1063 3930 1069 3944 .
1087 3927 1094 3944 .
1111 3881 1225 3946 damus
1251 3903 1311 3963 pro
1336 3880 1477 3947 memoria.
1563 3909 1564 3968 ι

374 3987 459 4071 quod
476 4010 606 4054 causam
623 4009 720 4070 quem
737 3989 892 4072 magister
908 3987 1091 4071 Stephanus
1117 3987 1266 4070 specialis
1288 3989 1424 4054 notorius
1437 3985 1479 4050 do
1563 3971 1564 4058 i

372 4096 450 4160 mini
468 4097 570 4161 nostri
585 4098 680 4180 regis,
705 4117 765 4180 pro
785 4117 848 4178 quo
866 4096 1051 4179 Stephanus
1075 4095 1224 4161 literatus
1250 4119 1323 4162 oum
1348 4113 1478 4180 procura·

371 4203 463 4268 toriis
479 4203 583 4269 literis
599 4203 762 4288 regalibus
780 4205 893 4283 astitit,
910 4209 1023 4269 contra
1039 4201 1213 4269 Nicolaum
1229 4203 1333 4270 filium
1349 4199 1480 4286 Gregorii

370 4310 427 4375 filii
454 4311 545 4376 Petri
570 4311 609 4375 de
634 4309 782 4397 Gyanda,
815 4333 873 4394 pro
899 4333 963 4392 quo
989 4309 1173 4394 Stephanus
1199 4311 1302 4377 frater
1328 4333 1400 4377 suus
1422 4329 1480 4374 cun
1562 4339 1563 4400 ι

371 4419 602 4501 procuratoriis
618 4419 723 4484 literis
749 4423 923 4483 conventus
949 4418 989 4483 de
1014 4417 1171 4483 Hothuon
1196 4421 1385 4502 comparuit
1406 4418 1481 4482 iuxta
1562 4407 1563 4436 ⁴

372 4529 606 4594 continenciam
631 4527 808 4593 literarum
839 4527 964 4594 comitis
989 4526 1085 4593 Pauli
1111 4527 1245 4593 condam
1271 4528 1384 4594 iudicis
1410 4523 1481 4590 curie

374 4637 458 4720 regie
475 4635 508 4700 in
524 4637 644 4702 octavis
659 4635 733 4702 festi
747 4637 855 4702 sancti
881 4635 998 4701 Jacobi
1025 4636 1162 4719 apostoli
1179 4613 1297 4703 ⁵coram
1322 4635 1408 4702 nobis
1429 4654 1481 4698 nro
