3188 5476
535 597 629 662 1352.
647 617 720 660 nor.
740 596 790 662 29.
1169 599 1233 665 625

99 777 206 839 terrea
232 783 327 857 meta,
359 774 435 840 hinc
460 799 572 841 versus
604 778 759 842 orientem
788 780 897 844 exiens
922 781 961 844 de
986 779 1081 843 tluvio
1107 779 1234 844 Zalouk

99 884 273 962 antedicto
290 885 447 950 transiret
462 887 505 950 ad
527 886 635 969 ipsum
654 887 865 952 nrcnticulum
881 889 1002 953 directe
1018 891 1106 954 etde
1122 891 1233 954 ecdem

98 995 289 1058 ascenderet
305 1013 414 1058 versus
440 995 596 1060 orientem
612 1016 670 1079 per
685 1017 785 1078 unum
801 995 924 1061 sulcum
949 997 1175 1062 intermedium
1191 998 1234 1061 ad

97 1120 253 1164 cacumen
268 1101 387 1166 montis
414 1101 640 1187 Rosumbergh
665 1104 742 1168 dicti
758 1104 800 1168 ad
817 1127 916 1169 unam
941 1110 1081 1171 terream
1104 1111 1232 1186 metam,

97 1208 239 1291 hincque
256 1209 463 1275 descenderet
477 1232 587 1276 versus
600 1211 755 1276 orientem
767 1214 810 1278 ad
825 1213 1011 1296 contiguum
1029 1214 1135 1292 berch,
1152 1221 1184 1277 et
1200 1215 1233 1278 in

97 1317 204 1381 medio
221 1317 309 1397 dorsi
324 1319 467 1384 eiusdem
491 1321 648 1384 transiret
673 1322 715 1386 ad
740 1321 845 1386 locum
871 1315 925 1386 ubi
951 1322 1083 1387 dorsum
1099 1329 1132 1387 et
1147 1324 1232 1386 acies

96 1425 200 1506 ipsius
224 1425 322 1491 berch
347 1425 492 1492 flecteret
507 1449 541 1492 se
557 1429 679 1494 directe
695 1430 737 1494 ad
754 1431 884 1512 plagam
911 1430 1160 1506 meridionalem,
1177 1428 1233 1493 ubi

97 1534 130 1595 in
148 1535 221 1616 ipsa
236 1531 372 1599 flexione
396 1543 481 1602 esset
498 1558 561 1600 una
577 1544 684 1602 terrea
699 1544 785 1602 meta
796 1560 809 1624 3¹
828 1538 902 1602 inde
919 1539 952 1600 in
969 1538 1073 1602 medic
1089 1538 1231 1602 eiusdem
1314 1551 1316 1558 “

95 1642 197 1708 berch
214 1665 324 1708 versus
338 1645 505 1710 meridiem
521 1645 700 1729 perveniret
716 1647 758 1711 ad
775 1645 950 1729 pendulum
960 1645 1061 1728 ipsius
1077 1644 1132 1708 ubi
1148 1651 1232 1708 esset

94 1759 205 1815 terrea
221 1757 315 1826 metu,
342 1753 425 1817 unde
450 1773 560 1818 versus
583 1755 750 1818 meridiem
775 1754 983 1818 descenderet
1003 1754 1045 1818 ad
1070 1753 1232 1834 quendam

93 1858 245 1938 rivulum,
263 1880 357 1942 quem
367 1861 488 1925 directe
504 1863 725 1943 pertransiens
737 1867 825 1926 retro
841 1869 967 1945 partem
983 1861 1117 1925 orientis
1128 1860 1231 1924 cuius·

93 1966 172 2032 dam
188 1968 299 2050 magni
315 1969 433 2034 montis
459 1967 631 2052 Warhegh
656 1970 834 2054 nuncupati
860 1990 985 2052 semper
1010 1989 1120 2033 versus
1137 1967 1230 2032 meri·

92 2075 181 2139 diem
192 2076 364 2153 transiens,
379 2076 561 2160 perveniret
576 2078 739 2144 adortum
754 2099 810 2142 seu
826 2082 923 2160 caput
937 2074 1027 2140 fluvii
1044 2075 1231 2160 Kysswyne,

91 2183 236 2266 hincque
261 2181 480 2249 reflecteretur
504 2185 547 2250 ad
572 2187 770 2252 occidentem
795 2192 828 2250 et
852 2207 983 2250 currens
1014 2205 1073 2268 per
1096 2190 1231 2266 montes,

91 2290 194 2356 colles
212 2298 244 2356 et
259 2292 358 2356 valles
375 2313 484 2358 versus
510 2293 645 2359 eandem
670 2295 811 2378 plagam,
837 2293 1019 2376 perveniret
1034 2293 1077 2358 ad
1092 2293 1230 2376 primam

90 2407 234 2479 metam,
265 2421 402 2484 quarum
427 2402 558 2482 quidem
582 2409 742 2468 metarum
768 2423 897 2466 cursum
923 2401 1030 2466 nullus
1054 2402 1231 2466 vicinorum

91 2507 345 2574 contradixisset
370 2515 401 2574 et
427 2509 473 2574 sic
497 2511 752 2574 terminarentur
768 2515 853 2573 mete
869 2510 1078 2591 possessionis
1101 2507 1230 2574 Zalouk

90 2615 267 2681 antedicte.
292 2615 417 2683 Verum
441 2619 519 2700 quia
543 2617 673 2701 prefata
698 2609 861 2701 possessio
881 2616 1009 2682 Zalouh
1032 2623 1147 2682 vocata
1170 2615 1229 2680 sub

89 2725 179 2788 veris
196 2725 293 2788 certis
303 2729 335 2789 et
345 2724 487 2808 antiquis
503 2725 570 2792 suis
589 2728 684 2790 metis
701 2726 847 2809 superins
864 2726 898 2788 in
915 2723 1117 2808 presentibus
1129 2725 1229 2788 inser·

88 2833 144 2910 tis,
162 2833 308 2916 predicte
324 2832 425 2898 nobili
440 2833 547 2917 puelle
572 2834 706 2919 Margyt
721 2840 831 2899 vocate
847 2839 880 2898 et
896 2854 953 2916 per
969 2853 1041 2898 eam
1057 2833 1122 2898 suis
1139 2833 1229 2896 herc-

89 2941 191 3006 dibus
208 2962 268 3024 pro
284 2947 404 3024 quarta
420 2962 480 3007 sua
503 2941 642 3024 puellari
667 2963 706 3006 ac
729 2941 858 3006 domine
882 2941 979 3005 matri
1004 2961 1061 3006 sue
1085 2940 1228 3023 predicte

37 3133 47 3146 υ
87 3071 150 3131 pro
168 3050 245 3115 dote
270 3056 303 3114 et
326 3049 421 3114 rebus
447 3051 513 3115 suis
537 3048 831 3134 parorphanahbus
846 3049 916 3112 inre
941 3055 1096 3132 perpetuo
1120 3069 1229 3132 ..per

87 3158 311 3242 prescriptum
326 3161 520 3242 magistrum
535 3159 672 3224 Petrum
688 3159 809 3224 dictum
825 3157 983 3238 Pcharus,
999 3163 1036 3221 ut
1052 3163 1101 3222 est
1115 3159 1228 3241 preha-

86 3267 207 3345 bitum,
235 3265 324 3332 nullo
350 3268 525 3332 vicinorum
549 3267 799 3342 contradicente,
824 3287 864 3330 ex
889 3266 971 3331 serie
996 3268 1227 3349 premissarum

86 3375 265 3439 literarum
286 3376 447 3459 prenotati
463 3376 599 3458 capituli
624 3375 755 3440 ecclesie
781 3373 986 3458 Scepsyensis
1011 3381 1135 3440 statuta
1160 3375 1227 3440 lore

86 3482 326 3567 reperiebatur,
354 3505 413 3567 pro
444 3505 482 3548 eo
507 3485 641 3550 eandem
672 3485 903 3567 possessionem
929 3481 1056 3547 Zalouk
1081 3489 1227 3548 vocatam

85 3591 153 3656 sub
183 3590 414 3656 inclusionibus
446 3591 665 3675 predictarum
705 3598 865 3656 metarum
896 3592 958 3674 ipsi
990 3591 1091 3656 nobili
1121 3591 1227 3675 puelle

84 3701 230 3782 Margyt
254 3699 417 3783 appellate
441 3722 500 3784 pro
526 3707 673 3784 pretacta
702 3707 821 3782 quarta
846 3721 905 3764 sua
930 3697 1067 3782 puellari
1092 3721 1131 3764 ac
1156 3721 1227 3783 pre·

83 3807 213 3889 scripte
239 3805 366 3872 domine
390 3808 487 3873 matri
511 3829 568 3874 sue
593 3829 652 3892 pro
683 3809 757 3874 dcte
783 3815 815 3872 et
839 3807 935 3872 rebus
961 3807 1028 3872 suis
1052 3809 1227 3891 parorpha·

83 3913 222 3980 nulibus
245 3915 461 3981 commisimus
486 3923 519 3980 et
543 3915 733 4000 reliquimus
756 3924 912 3999 perpetuo
944 3963 973 3979 ..
1003 3914 1167 3998 possidere
1190 3963 1219 3979 ..

83 4025 162 4088 sine
188 4022 364 4105 preiudicio
389 4023 469 4087 iuris
494 4023 592 4088 alieni
625 4071 654 4086 ..
686 4022 812 4087 Datum
838 4021 939 4100 Bude,
963 4020 1150 4086 duodecimo
1175 4020 1226 4086 die

82 4139 282 4198 octavarum
307 4132 380 4197 festi
405 4131 494 4196 beati
518 4131 657 4197 Martini
682 4132 872 4196 confessoris
888 4129 1117 4215 predictarum,
1142 4151 1226 4194 anno

81 4240 214 4306 domini
229 4240 406 4305 Millesimo
421 4240 645 4306 trecentesimo
662 4240 931 4323 quinquagesimo
947 4237 1094 4304 secundo.

201 4402 227 4451 A
239 4401 332 4466 pecset
345 4403 476 4453 tdredeke
487 4403 567 4470 sarge
581 4402 608 4452 ts
622 4402 685 4452 zbld
699 4401 933 4465 selyemszdlakon
947 4403 1021 4466 fiigg.
1040 4399 1180 4464 Eredetije
1192 4413 1225 4450 az

80 4509 162 4544 orsz.
176 4494 209 4542 lt.
221 4492 322 4544 kincst.
336 4497 403 4544 oszt.
416 4493 450 4544 N.
464 4495 497 4544 R.
510 4494 544 4543 A.
560 4497 619 4543 571.
635 4497 676 4543 32.
690 4491 756 4555 dipl.
771 4496 839 4542 oszt.
853 4496 932 4540 4321.
946 4490 1045 4540 szli:
1068 4491 1177 4542 Kovdcs
1190 4487 1224 4540 N.

670 4689 738 4698 .-.—

133 4907 291 4958 nsronr'our
307 4903 478 4956 ounlnrrln.
495 4914 520 4954 r.
536 4905 631 4955 strar.
