3130 5470
562 510 656 570 1351.
673 513 745 570 MAJ.
769 511 821 572 26.

638 743 711 804 295.

122 903 210 966 1351.
226 907 300 988 mdj.
317 903 361 966 24
373 903 411 966 J.
429 901 527 987 Lay'os
545 903 657 988 tirdlp
669 902 740 967 dcc
756 899 898 967 detori
915 903 1031 969 La‘szld
1045 909 1112 990 oejc
1128 901 1242 984 Anna,

119 1011 235 1075 Morta
260 1019 374 1075 mester
399 1009 524 1094 leduyo,
549 1013 692 1074 testcdrc't
710 1010 846 1093 Simont,
873 1012 1010 1096 Zulyum
1031 1023 1113 1078 nevit
1138 1013 1243 1077 tirtok

119 1119 385 1203 elidepmc'te'sc'tdl,
402 1118 519 1182 Tama's
530 1120 665 1182 szcrdmi
672 1120 831 1204 perpotet
841 1144 855 1184 s
867 1119 1013 1186 mrieokct
1021 1121 1121 1206 pedip
1132 1123 1244 1184 annale

505 1225 730 1291 birtokldsa'to'l
746 1227 842 1312 tittja.

221 1388 291 1454 Nos
307 1387 524 1454 Lodovious..
539 1408 631 1453 rex..
657 1388 809 1454 memorie
826 1389 1085 1456 commendamus
1102 1440 1109 1455 .
1127 1440 1133 1455 .
1157 1390 1245 1475 quod

120 1499 151 1560 in
173 1517 311 1582 persons
342 1495 458 1560 nobilis
482 1495 610 1560 domine
635 1493 736 1561 Anna
760 1502 881 1579 vocate,
912 1500 1068 1564 consortis
1099 1499 1246 1584 magistri

118 1603 258 1669 Ladislai
289 1603 348 1668 filii
373 1602 398 1667 J
400 1603 535 1668 ohannis
563 1600 623 1666 filii
647 1602 777 1682 Briccii,
811 1603 877 1668 filie
910 1603 1059 1670 videlicet
1084 1605 1246 1690 quondam

118 1713 261 1794 magistri
276 1711 429 1778 Mauricii
448 1712 573 1776 exstitit
597 1718 815 1796 protestatum
832 1717 941 1778 nostre
965 1715 1138 1794 maiestati,
1162 1715 1248 1799 quod

118 1829 210 1904 prout
225 1821 297 1906 ipso
307 1820 511 1906 percepisset,
526 1821 680 1903 magister
691 1819 803 1886 Simon
813 1821 914 1886 freter
924 1844 1001 1888 suus
1017 1825 1247 1908 possessionem

121 1927 258 2012 Zulyum
274 1934 431 2006 uocatam,
448 1949 510 2010 que
526 1929 686 2010 possessio
711 1951 731 1992 a
756 1929 885 1996 domina
901 1937 1004 1996 matre
1021 1932 1156 2016 predicti
1179 1954 1246 1998 ma·

119 2037 206 2118 gistri
221 2035 378 2102 Mauricii
394 2037 467 2102 avio
491 2059 550 2103 sus
576 2038 663 2102 omni
678 2039 748 2103 iure
773 2038 815 2103 ud
841 2038 944 2124 ipsam
968 2041 1153 2122 pertineret,
1178 2042 1249 2126 ipse

121 2146 243 2228 penitus
260 2145 442 2226 ignorante,
458 2145 621 2227 quondam
637 2197 644 2212 .
662 2196 668 2209 .
694 2146 792 2210 Petro
809 2147 958 2232 episcopo
982 2145 1163 2213 Sirimiensi
1178 2169 1249 2212 ven-

120 2253 256 2335 didisset,
272 2261 306 2319 et
321 2273 406 2316 nunc
422 2253 556 2318 eandem
573 2301 580 2316 .
597 2305 603 2317 .
628 2253 728 2318 freter
754 2253 896 2318 Thomas
913 2254 1080 2339 episcopus
1106 2255 1246 2322 eiusdem

121 2361 247 2427 ecclesie
263 2382 323 2446 pro
339 2381 373 2425 se
383 2361 452 2445 ipso
469 2359 650 2424 intenderet
660 2381 856 2438 conseruare,
867 2361 900 2424 in
916 2361 1132 2444 preiudicium
1149 2363 1249 2448 ipsius

122 2469 244 2533 domine
261 2489 326 2532 non
343 2467 504 2533 modicum
520 2473 554 2531 et
569 2467 746 2547 iacturum,
773 2467 856 2532 unde
875 2467 962 2533 fecta
978 2469 1162 2534 huiusmodi
1177 2483 1261 2556 pro·'

125 2578 306 2654 testacione,
316 2577 499 2662 predictum
516 2576 708 2658 magistrum
719 2575 883 2641 Simonem
899 2575 1033 2642 fratrem
1043 2599 1137 2642 suum
1147 2599 1167 2643 s
1177 2601 1250 2643 ven·

122 2686 242 2752 dicione
268 2687 320 2750 vel
345 2684 551 2769 quovismodo
577 2684 774 2750 alienacione
790 2681 934 2770 predicte
951 2687 1159 2768 possessionis
1182 2687 1249 2752 Zu-

122 2794 212 2877 lyum,
243 2795 350 2880 ipsum
374 2815 449 2859 vero
476 2794 609 2860 fratrem
643 2793 802 2858 Thomam
828 2795 1012 2882 episcopum
1041 2796 1249 2863 Sirmiensem

121 2908 151 2966 et
166 2903 248 2968 elios
265 2901 427 2986 quoslibet
453 2902 493 2966 ab
510 2903 652 2967 emcione
668 2903 718 2966 vel
736 2903 943 2986 quovismodo
964 2926 997 2968 se
1013 2904 1250 2972 intromissione

121 3011 152 3075 in
167 3010 304 3076 eandem
320 3010 409 3075 fecta
423 3010 474 3074 vel
490 3009 646 3089 faciendo,
663 3011 897 3096 prohibuerunt
912 3011 945 3076 in
961 3033 1099 3098 persona
1109 3015 1251 3080 eiusdem

121 3117 244 3183 domine
260 3124 294 3184 et
310 3119 577 3185 contradixerunt
591 3119 798 3205 prohibendo
824 3121 947 3186 Datum
962 3121 1067 3201 Bude,
1082 3121 1163 3188 feria
1186 3130 1250 3190 ter-

122 3228 169 3292 cia
192 3227 340 3312 proxime
364 3232 440 3292 ente
471 3227 590 3293 festum
615 3227 824 3294 Ascensionis
849 3229 979 3308 domini,
1004 3251 1089 3296 enno
1109 3232 1252 3298 eiusdem

122 3334 173 3400 Μο
201 3332 324 3400 00οῃ10
340 3335 610 3419 quinquagesimo
626 3337 739 3421 prime.

225 3497 380 3560 Httlapjtn
393 3513 409 3547 a
421 3499 524 3560 kirtlyi
538 3514 612 3564 nagy
634 3499 725 3564 penset
745 3499 921 3565 nyomaival;
945 3477 1076 3566 credetije
1089 3517 1121 3552 az
1135 3518 1203 3553 orsz.
1218 3506 1250 3554 lt.

122 3588 184 3652 dipl.
199 3593 267 3638 oszt.
283 3593 380 3638 30654.
394 3588 494 3638 Kczli:
509 3589 617 3638 Kovdcs
631 3591 663 3640 N.

606 3789 766 3798 ——-—.

647 3955 721 4014 296.

126 4117 218 4180 1351.
234 4115 312 4197 mdj.
329 4115 381 4178 26.
409 4111 579 4178 Atcrdczi
603 4125 734 4179 concoct
760 4113 789 4177 I.
808 4113 907 4198 Lajos
935 4113 1113 4198 kirdlyuuk
1130 4115 1253 4200 jede-nti,

125 4225 204 4308 dqqy
221 4221 351 4286 Prdooe‘
368 4220 503 4304 Pdlfiut
529 4219 638 4303 Bekre,
667 4220 804 4286 Turdcze'
822 4221 942 4286 Baldzs
958 4221 1010 4304 fla
1037 4221 1157 4286 Milatos
1174 4221 1253 4285 clleo
1342 4249 1352 4268 ·

599 4327 777 4414 meqiddzte.

230 4487 438 4555 ..Lodovico
454 4540 460 4554 .
478 4538 484 4555 .
510 4489 578 4572 regi
658 4489 804 4554 Paulus.
822 4538 828 4554 .
855 4489 1036 4574 prepositus
1067 4487 1254 4553 monasterii

123 4597 215 4663 beate
231 4599 366 4682 virginis
382 4598 421 4663 de
438 4597 556 4682 Turch,
580 4598 707 4682 locique
733 4599 874 4664 eiusdem
904 4604 1077 4664 conventus
1095 4649 1100 4662 .
1118 4651 1124 4664 .
1150 4598 1254 4662 literis

126 4709 295 4773 ..comitis
321 4707 443 4774 Thome
468 4709 584 4774 iudicis
600 4710 688 4773 curie
714 4715 817 4773 vestre
843 4709 1010 4792 citatoriis
1036 4730 1094 4796 pro
1119 4706 1254 4774 Nicolao
