3192 5466
385 453 449 514 226
739 466 924 512 nurouuonr
941 453 1155 511 ounlurrln.

387 630 472 696 dicto
490 628 595 694 Paulo
621 626 686 692 filio
712 627 875 692 {iohannis
892 649 929 692 eo
946 629 1016 692 iure
1042 648 1105 708 quo
1123 627 1184 692 sibi
1202 629 1364 712 pertinere
1380 627 1517 692 dinosce

389 743 486 818 retur,
503 743 648 800 statuere
664 736 848 812 voluissent,
865 735 890 800 J
891 737 1034 802 ohannes
1046 737 1196 801 sacerdos
1212 743 1317 800 rector
1333 737 1468 800 ecclesie
1484 736 1518 800 de

385 844 459 911 Ond
477 846 509 910 iu
527 865 665 928 persona
680 845 829 909 Ladislai
853 843 912 909 filii
928 845 1089 909 Lukachii
1115 845 1154 908 de
1179 845 1291 908 cadem
1307 842 1390 913 Ond.
1409 845 1442 908 in
1459 851 1517 908 sta·

379 955 516 1018 tucione
533 952 675 1017 eiusdem
692 953 795 1016 eidem
812 953 917 1018 Paulo
943 951 1009 1017 filio
1034 951 1060 1018 J
1061 953 1197 1018 ohannis
1214 951 1370 1030 facienda,
1397 960 1518 1016 contru-

388 1061 540 1126 diccionis
556 1061 715 1125 velamine
731 1060 809 1143 ipsis
836 1060 1015 1142 obviasset3
1039 1061 1130 1147 cuius
1156 1060 1386 1144 prohibicionis
1403 1068 1437 1124 et
1452 1081 1517 1125 con-

388 1169 596 1232 tradiccionis
616 1170 743 1234 racione
769 1169 874 1252 ipsum
891 1168 1032 1234 Paulum
1048 1168 1153 1233 filium
1170 1169 1333 1233 dohanuis
1363 1170 1404 1234 de
1429 1170 1516 1234 Lulra

386 1278 554 1341 informari
580 1277 761 1360 postularat
786 1300 844 1363 per
869 1279 1060 1344 Ladislaum
1092 1279 1196 1344 filium
1222 1281 1382 1346 Irulrachii
1411 1299 1516 1360 supra-

387 1385 527 1466 dictum,
560 1408 624 1470 quo
649 1393 801 1470 percepto
828 1388 1003 1452 Ladislaus
1028 1387 1113 1453 filins
1141 1389 1251 1453 Deseu
1276 1411 1336 1472 pro
1362 1385 1516 1471 prelibato

384 1492 540 1560 Ladislao
565 1493 632 1558 filio
648 1495 810 1560 Lulrachii
827 1544 834 1558 .
851 1545 857 1558 .
875 1517 1041 1578 exurgens,
1068 1497 1174 1578 ipsum
1198 1496 1392 1580 Ladislaum
1419 1493 1514 1557 filium

384 1600 546 1666 Lukachii
566 1601 730 1667 dominum
750 1625 844 1666 suum
855 1605 888 1666 in
898 1603 983 1668 facto
994 1605 1080 1668 dicte
1098 1605 1306 1686 possessionis
1317 1601 1515 1684 Mozaondya

385 1711 550 1774 nominate
566 1710 710 1776 efficacia
726 1713 943 1776 instrumenta
962 1712 1081 1776 hahere
1098 1713 1252 1796 allegans,
1278 1712 1320 1776 ad
1337 1709 1514 1776 eorumdem

386 1818 619 1884 exhibitionem
635 1815 806 1884 dilacionis
832 1820 1006 1884 terminum
1026 1821 1087 1903 ipsi
1105 1820 1259 1898 ladislao
1275 1819 1342 1884 lilio
1359 1817 1514 1884 Lukachii

391 1949 448 2010 per
473 1948 529 1992 nos
555 1929 737 2010 postularat
753 1929 931 2012 impertiri;
956 1928 1115 1994 undenos
1140 1930 1411 2005 commiseramus,
1436 1925 1516 2010 quod

388 2033 567 2116 prelibatus
584 2035 758 2100 Ladislaus
779 2033 865 2100 filius
891 2034 1050 2100 Lulrachii
1077 2035 1204 2118 prelata
1230 2037 1446 2100 instrumenta
1462 2052 1516 2096 sua

393 2163 490 2225 super
506 2142 591 2207 iacto
616 2143 701 2207 dicte
726 2144 936 2226 possessionis
961 2142 1164 2226 Mazaondya
1180 2165 1237 2226 per
1253 2165 1347 2207 suum
1373 2159 1517 2226 procura-

390 2256 492 2314 torem
508 2250 628 2315 habere
642 2250 791 2334 allegata,
808 2257 921 2316 contra
930 2250 1071 2316 Paulum
1080 2249 1183 2314 filium
1194 2250 1358 2316 Johannis
1375 2248 1516 2314 similiter

389 2357 604 2423 instrumenta
621 2379 679 2423 sua
694 2358 871 2440 producere
881 2358 1057 2438 debentem,
1068 2359 1101 2423 in
1112 2359 1232 2423 octaris
1249 2358 1324 2423 festi
1342 2357 1515 2421 nativitatis

389 2465 478 2530 beati
494 2465 518 2531 J
520 2466 656 2531 ohannis
681 2467 831 2550 Baptista
855 2473 933 2532 tuno
958 2467 1103 2550 proxime
1129 2467 1270 2531 venturis
1297 2487 1406 2531 coram
1431 2464 1515 2528 nobis

388 2573 540 2638 exhibere
564 2580 737 2656 teneretur,
770 2574 887 2656 quibus
919 2574 1079 2656 exhibitis,
1105 2573 1283 2639 faceremus
1310 2580 1408 2656 prout
1431 2571 1516 2636 lieret

388 2687 606 2765 opportunum
623 2683 655 2746 in
672 2681 847 2765 premissis.
863 2683 991 2746 Etcum
1002 2682 1073 2765 ipsa
1088 2681 1349 2747 instrumentalis
1366 2678 1514 2768 exhibicio
1584 2685 1585 2688 ’

389 2811 409 2854 a
425 2789 580 2874 predictis
596 2789 717 2854 octaris
734 2790 807 2854 festi
825 2791 1003 2855 nativitatis
1016 2790 1104 2856 beati
1113 2790 1139 2855 J
1140 2791 1276 2855 ohannis
1286 2789 1437 2873 Baptiste
1453 2787 1515 2869 qui·

389 2897 524 2962 busdam
539 2897 809 2982 prorogacionum
829 2898 964 2962 cautelis
990 2904 1022 2962 et
1047 2898 1195 2962 terminis
1221 2893 1514 2980 supervenientibus

389 3003 569 3070 adoctavas
580 3004 653 3068 festi
662 3002 926 3069 beatiMichaelis
934 3005 1121 3088 archangeli
1131 3005 1241 3069 eodem
1252 3009 1515 3070 annotransaetas

389 3112 595 3196 prorogatire
611 3113 798 3190 devenisset,
815 3112 946 3176 tandem
961 3112 1082 3177 eisdem
1099 3113 1222 3178 octavis
1247 3112 1335 3177 beati
1352 3112 1515 3178 Michaelis
1580 3119 1581 3122 ’

390 3220 576 3302 archangeli
593 3219 845 3298 advenientibus,
870 3221 1055 3284 memoratis
1080 3219 1185 3284 Paulo
1209 3219 1276 3284 filio
1301 3219 1327 3285 J
1329 3220 1463 3284 ohannis
1479 3217 1514 3280 de
1579 3219 1580 3228 ³

390 3328 486 3393 Luka
510 3335 618 3392 actore
643 3327 684 3391 ab
711 3349 784 3405 una,
810 3334 843 3392 et
868 3327 1022 3393 Ladislao
1048 3327 1115 3392 filio
1140 3327 1302 3392 Luhaohii
1322 3328 1362 3393 de
1379 3326 1516 3410 predicta

391 3434 465 3502 Ond
481 3436 515 3500 in
531 3456 661 3500 causam
678 3441 818 3501 attracto
834 3442 926 3520 parte
952 3436 994 3500 ab
1011 3435 1116 3500 altera
1141 3457 1249 3500 coram
1275 3435 1368 3500 nobis
1385 3435 1515 3518 propriis
1577 3427 1578 3434 '

391 3565 501 3608 eorum
511 3545 544 3608 in
555 3545 700 3627 personis
716 3545 907 3622 astantibus,
923 3551 1099 3626 antequam
1115 3544 1262 3629 predicta
1278 3566 1390 3610 eorum
1407 3547 1516 3610 instro·
1574 3585 1576 3590 ,

391 3659 500 3717 menta
524 3653 617 3717 iuxta
636 3659 780 3717 nostram
799 3652 1003 3718 iudiciariam
1027 3652 1281 3716 commissionem
1309 3657 1425 3716 contra
1439 3673 1471 3716 se
1487 3671 1515 3714 se

391 3781 500 3824 coram
516 3760 607 3825 nohis
624 3759 773 3825 exhibere
789 3760 972 3837 voluissent,
998 3759 1130 3824 obtenta
1146 3782 1166 3824 a
1182 3758 1272 3824 nobis
1283 3760 1377 3842 prius
1392 3759 1515 3824 iudicia-

391 3869 442 3932 ria
458 3868 603 3946 licencia,
628 3869 684 3935 sed
700 3868 741 3933 ad
757 3868 846 3951 pacis
872 3867 1137 3932 reformationem
1154 3867 1185 3930 in
1203 3869 1371 3950 premissis
1396 3867 1514 3932 admitti

393 3975 614 4059 postularant3
640 3997 719 4058 quos
738 3998 810 4042 cum
832 3997 932 4040 nos..
950 3975 992 4039 ad
1014 3976 1115 4058 ipsius
1133 3974 1299 4039 concordie
1326 3975 1473 4040 unionem
1488 3979 1515 4036 et

392 4083 559 4167 pacificam
575 4084 842 4148 reformacionem
859 4135 865 4148 .
883 4133 889 4146 .
907 4083 1156 4160 admisissemus,
1175 4081 1305 4146 demum
1321 4083 1391 4164 ipse
1416 4087 1515 4165 partes

392 4191 490 4257 corda
505 4192 692 4274 mitigantes
707 4191 847 4269 turbata,
863 4194 897 4256 in
912 4197 1072 4256 momento
1088 4190 1130 4254 ad
1146 4196 1293 4254 nostrum
1318 4189 1515 4254 iudiciarium

393 4299 564 4364 redeuntes
580 4305 794 4382 conspectum,
811 4300 883 4382 pari
893 4305 967 4363 voto
983 4347 990 4362 .
1008 4350 1013 4362 .
1030 4298 1262 4362 interveniente
1278 4297 1383 4362 eciam
1400 4317 1516 4379 compo·

393 4408 512 4472 sicione
529 4455 536 4470 .
553 4455 559 4470 .
575 4405 749 4489 proborum
764 4409 906 4472 virorum
922 4455 929 4470 .
946 4456 952 4470 .
970 4413 1007 4470 ut
1017 4405 1131 4472 amodo
1148 4456 1154 4470 .
1171 4455 1178 4468 .
1195 4404 1305 4470 eedem
1315 4411 1426 4488 partes
1436 4405 1516 4468 omni

393 4517 501 4582 favore
516 4517 732 4598 proximitatis
748 4517 781 4580 in
798 4538 889 4582 evum
916 4517 1045 4599 quirent
1060 4515 1219 4599 gratulari
1236 4564 1243 4578 .
1260 4563 1266 4577 .
1283 4513 1406 4579 sedetis
1422 4515 1514 4578 eciam

394 4631 427 4688 et
443 4623 555 4707 sopitis
572 4624 728 4688 universis
747 4625 873 4688 iniuriis
889 4625 1015 4688 domnis
1040 4623 1239 4689 nocumentis
1253 4630 1286 4687 ot
1301 4621 1515 4686 controversis
