3192 5466
598 475 691 538 1348.
709 478 780 537 uls.
800 477 850 538 16.
1215 475 1278 538 191

129 633 132 638 Α
151 653 200 717 vel
215 653 321 718 Paulo
336 654 376 718 de
393 653 541 720 Chelnuk
565 660 622 719 aut
637 654 741 719 Paulo
758 654 844 718 dicto
870 653 958 718 Zaar
986 653 1052 718 sive
1068 649 1201 718 Andron
1219 651 1285 716 filio

151 761 255 826 Blasii
280 763 319 826 de
337 761 432 846 Nyek
455 784 514 845 pro
539 769 633 845 parte
658 761 876 844 predictorum
901 761 993 827 Petri
1020 762 1099 828 dicti
1124 761 1236 826 Zudor
1252 767 1286 825 et

152 869 316 936 Johanuis
342 867 555 935 Guthundorf
577 869 663 947 dicti,
688 870 763 933 item
789 868 919 934 Mathia
943 869 983 934 de
1008 869 1116 934 Jeneu
1141 870 1191 934 vel
1216 869 1285 936 Ste-

152 979 260 1060 phano
286 975 352 1041 filio
370 976 461 1041 Petri
488 977 526 1040 de
552 975 664 1042 eadem
688 983 744 1040 aut
768 974 904 1041 Andrea
928 976 968 1040 de
993 975 1084 1060 Kezy
1110 999 1168 1060 pro
1193 985 1286 1061 parte

152 1087 296 1168 ipsorum
312 1085 540 1168 magistrorum
556 1084 702 1150 Ladislai
719 1084 796 1150 dicti
812 1085 908 1166 Zaar,
919 1085 1064 1168 Eynardi
1081 1091 1114 1150 et
1129 1085 1285 1170 Stephani

154 1193 214 1258 filii
231 1193 380 1257 Ladislai
405 1193 479 1257 aliis
495 1191 681 1257 absentibus
706 1192 890 1257 hominibus
906 1193 1013 1276 regiis,
1038 1199 1071 1258 et
1094 1195 1286 1260 testimoniis

153 1301 231 1366 dicti
258 1299 391 1384 capituli
418 1301 551 1366 ecclesie
577 1301 739 1366 Budensis
764 1322 826 1384 que
851 1303 1030 1385 peripsum
1047 1303 1228 1386 capitulum
1245 1303 1286 1367 ad

154 1411 186 1474 id
211 1411 426 1476 amicabiliter
450 1411 667 1495 petiveramus
693 1411 866 1490 destinari,
890 1411 1039 1476 resolutis
1064 1412 1210 1498 cingulis,
1234 1433 1287 1494 pe-

156 1517 248 1582 dibus
275 1518 480 1596 discalciatis,
506 1523 539 1582 et
556 1525 677 1583 terram
702 1540 799 1601 super
824 1520 931 1602 capita
957 1541 1067 1584 eorum
1087 1519 1230 1596 levando,
1253 1525 1287 1583 et

155 1627 350 1710 generaliter
366 1633 463 1711 prout
478 1628 576 1692 moris
594 1635 642 1693 est
661 1629 752 1692 iuxta
778 1629 870 1711 regni
895 1629 1152 1694 consvetudinem
1178 1628 1287 1692 iurare

156 1741 399 1818 superterram,
417 1758 513 1818 snper
530 1757 566 1800 eo
583 1743 619 1800 ut
629 1731 700 1820 ips'a
715 1737 879 1820 particula
895 1743 981 1801 terre
997 1738 1030 1801 in
1047 1737 1142 1802 dictis
1153 1737 1287 1820 triginta

157 1866 212 1908 sex
228 1845 348 1910 mareis
365 1846 524 1922 estimati,
549 1845 692 1928 silvaque
710 1851 742 1910 et
766 1846 857 1909 vinee
882 1851 1050 1930 prenotate
1075 1845 1108 1910 in
1134 1845 1287 1928 pretactis

157 1958 285 2016 centum
302 1953 419 2018 marcis
435 1953 583 2018 estimato
609 1953 752 2036 ipsorum
778 1959 886 2018 essent
909 1960 941 2018 et
965 1953 1007 2018 ad
1031 1953 1152 2018 dictam
1177 1973 1287 2016 eorum

159 2061 390 2144 possessionem
421 2061 651 2126 hereditariam
686 2060 810 2126 Prebor
841 2063 1043 2125 nominatam
1075 2060 1289 2144 pertinuerint

158 2191 284 2252 semper
308 2175 341 2234 et
367 2190 451 2233 nunc
476 2169 674 2250 pertineant,
708 2169 792 2233 iuter
816 2173 983 2252 metasque
1008 2189 1118 2233 eorum
1144 2167 1289 2234 Sambuk

160 2277 345 2344 adiacentes
377 2277 553 2341 existerent
584 2283 616 2341 et
651 2299 818 2360 nunquam
849 2278 891 2342 ad
922 2278 1026 2361 ipsam
1057 2276 1288 2360 possessiouem

158 2385 281 2470 Tynnie
306 2387 502 2469 pertinentes
528 2387 702 2450 existerent
725 2407 784 2450 nec
799 2407 924 2450 exnunc
945 2386 1154 2470 pertinerent,
1179 2405 1284 2449 saera·

159 2499 301 2557 mentum
327 2499 472 2576 prestare
488 2499 693 2574 tenerentur,
722 2493 777 2575 qui
802 2495 828 2558 si
853 2500 1046 2577 prestarent,
1079 2501 1156 2557 tunc
1187 2494 1289 2576 ipsam

160 2605 243 2664 terre
261 2601 465 2683 particulam,
489 2601 601 2668 silvam
621 2609 653 2666 et
677 2603 787 2666 vineas
811 2603 1062 2686 prenominatus,
1087 2601 1182 2665 iidem
1208 2601 1289 2683 regii

160 2703 190 2769 et
214 2707 295 2773 dicti
321 2709 455 2792 capituli
481 2707 641 2774 Bullensis
672 2710 816 2774 homines
842 2709 919 2792 ipsis
945 2710 1109 2792 magistris
1133 2709 1289 2774 Ladislao

159 2813 243 2880 dicto
259 2816 357 2894 Zaar,
374 2816 528 2900 Eynardo
546 2821 578 2880 et
595 2814 761 2900 Stephano
786 2816 852 2882 filio
872 2817 1017 2883 Ladislai
1033 2817 1091 2882 filii
1109 2815 1289 2882 Sumrakus

159 2923 200 2986 ad
216 2924 449 3005 possessionem
465 2923 599 3004 Probet,
623 2925 776 3008 alioquin,
801 2924 828 2989 si
844 2932 990 3008 prestare
1021 2925 1145 2990 nollent
1162 2925 1210 2988 vel
1227 2945 1290 2988 uon

159 3037 297 3112 possent,
321 3037 398 3097 tunc
414 3033 567 3116 protactis
593 3033 691 3098 Petro
717 3033 829 3098 Zudcr
853 3041 886 3098 et
910 3034 935 3098 J
937 3019 1055 3099 otranni
1082 3031 1294 3100 Guthundors

160 3137 254 3202 dictis
280 3139 323 3202 ad
338 3142 571 3223 possessionem
596 3143 738 3226 ipsorum
755 3142 888 3226 Tynnie,
905 3163 942 3206 eo
959 3143 1028 3206 iure
1045 3163 1109 3225 quo
1126 3141 1204 3225 ipsis
1220 3162 1290 3224 per-

158 3245 260 3310 tinere
278 3247 530 3326 dinoscerentur,
546 3248 613 3312 sine
631 3249 726 3314 alieni
751 3250 831 3314 iuris
855 3250 1040 3332 preiudioi0,
1064 3255 1244 3313 statuerent
1259 3255 1292 3311 et

158 3355 372 3438 applicarent,
396 3357 484 3420 novis
503 3361 662 3422 metarum
679 3356 927 3422 limitacionibus
952 3357 993 3420 ab
1019 3357 1154 3420 invicem
1180 3377 1291 3440 seque-

160 3463 293 3526 strando
318 3470 474 3547 perpetuo
499 3464 726 3547 possidendas3
750 3465 897 3548 partibus
923 3472 1030 3529 tamen
1056 3464 1190 3530 liberam
1216 3487 1288 3528 oon·

161 3593 360 3638 cesseramus
377 3571 594 3636 concordandi
619 3571 816 3651 facultatem,
841 3573 1014 3638 dummodo
1039 3594 1096 3637 nos
1123 3573 1214 3636 iuxta
1239 3593 1291 3636 ex-

162 3680 339 3744 tensionem
365 3679 562 3761 gravaminis
588 3701 683 3744 cause
715 3701 827 3744 earum
853 3680 892 3744 de
917 3680 1034 3744 iudicio
1059 3680 1148 3764 pacis
1173 3679 1292 3743 vellent

160 3788 374 3871 complacare,
408 3787 523 3852 seriem
541 3787 697 3870 siquidem
714 3788 814 3872 ipsius
830 3789 1003 3853 iuramenti
1020 3810 1093 3852 cum
1109 3787 1292 3852 nominibus

160 3896 401 3960 coniuratorum
427 3902 459 3960 et
484 3895 720 3978 possessionum
746 3896 939 3978 eorumdem,
963 3897 1205 3977 statuoiouequo
1222 3916 1292 3978 pos·

160 4004 353 4069 sessionaria
369 4009 402 4067 et
420 4003 566 4068 cursibus
592 4009 752 4068 metarum
777 4025 816 4068 ae
841 4004 943 4069 tocius
969 4003 1047 4068 facti
1064 4023 1223 4086 processu,
1250 4002 1291 4066 ad

162 4119 289 4177 octavas
305 4111 367 4175 diei
384 4110 596 4176 Strennarum
623 4134 707 4177 nunc
723 4117 898 4196 presentes,
914 4113 947 4176 in
963 4112 1065 4178 literis
1091 4112 1191 4195 ipsius
1208 4111 1292 4192 oapi·

161 4220 219 4284 tuli
236 4217 398 4284 Budensis
415 4218 504 4283 nobis
522 4225 632 4302 partes
651 4226 840 4284 tenerentur
865 4227 1040 4304 reportare.
1064 4217 1205 4282 Demum
1222 4218 1291 4300 ipso

164 4329 297 4392 termino
308 4328 539 4411 reportacionis
550 4329 643 4393 seriei
655 4329 884 4410 premissorum
894 4333 1091 4406 occurrente,
1102 4325 1292 4390 Dominicus

168 4434 248 4500 filius
263 4435 411 4520 Dyonisii
428 4435 467 4500 de
484 4435 589 4501 Bulclr
615 4443 708 4521 pater
733 4437 868 4520 predicti
885 4437 976 4502 Petri
994 4435 1104 4500 Zudor
1130 4435 1208 4498 dieti
1233 4453 1292 4517 pro

168 4545 273 4608 eodem
290 4545 388 4609 Petro
405 4543 470 4608 filio
487 4567 544 4609 suo
560 4551 593 4610 et
608 4545 761 4610 Johanne
781 4546 868 4610 dioto
885 4544 1100 4612 Gutlruuvlorf
1113 4595 1119 4608 .
1137 4593 1144 4607 .
1161 4543 1202 4607 ab
1219 4563 1292 4620 uua,

168 4651 238 4716 item
256 4652 401 4736 prelatus
417 4652 590 4735 Eynarrlus
615 4653 699 4716 filius
726 4652 854 4716 Nicolai
880 4674 938 4736 pro
964 4674 997 4714 so
1022 4653 1234 4735 personaliter
1260 4655 1294 4714 et
