3188 5476
585 587 678 648 1352.
694 603 762 648 ton.
782 589 831 648 15.
1202 590 1263 650 591

130 783 187 826 nes
204 764 295 845 regia
321 761 519 846 benignitate
536 763 750 840 admittentes,
776 763 937 846 predictas
963 765 1141 846 particulas
1164 771 1266 830 terra-

129 893 202 934 rum
219 893 293 936 cum
310 871 457 936 omnibus
482 893 594 936 earum
620 871 819 937 utilitatibus
836 877 870 935 et
886 873 1092 954 pertinenciis
1116 924 1145 938 ..
1168 875 1267 939 dona-

128 980 232 1044 vimus
252 1031 281 1044 ..
302 961 404 1046 eidem
422 981 558 1046 Nicolao
575 981 686 1045 Zarka
701 987 857 1064 perpetuo
874 981 1083 1063 possidendas
1101 979 1177 1064 (fide
1189 1032 1195 1044 .
1206 1034 1212 1046 .
1225 1035 1231 1048 .
1242 981 1264 1065 .)

129 1094 290 1168 quatenus
305 1111 377 1153 cum
393 1089 522 1153 homine
533 1093 645 1154 nostro
655 1088 826 1154 Dominico
836 1087 902 1152 filio
913 1089 1041 1154 Warda
1051 1089 1266 1173 deBozeyvel

128 1193 255 1260 Jacobo
272 1191 354 1278 filio(
357 1244 453 1260 ......
454 1193 467 1278 )
484 1195 523 1259 de
535 1194 663 1260 Celeste
674 1197 819 1278 ipsorum
828 1197 1087 1261 transmitterent
1102 1197 1264 1262 hominem

128 1324 187 1385 pro
204 1304 391 1367 testimonio
401 1302 608 1386 fidedignum,
626 1303 667 1368 ad
684 1305 891 1368 statuendum
907 1303 1070 1386 predictas
1086 1303 1265 1388 particulas

130 1417 294 1474 terrarum
310 1412 372 1494 ipsi
389 1410 537 1492 Nimiae,
553 1413 580 1476 si
597 1411 638 1476 ad
654 1418 798 1476 nostram
825 1413 986 1494 pertinere
1007 1413 1185 1478 dinoscitur
1201 1413 1264 1478 col-

129 1519 299 1602 lacionem‚
325 1527 358 1584 et
384 1519 615 1602 possessionem
642 1521 795 1604 Purpach
819 1522 1060 1586 reambularent
1083 1524 1176 1606 regni
1193 1544 1265 1586 con·

128 1629 298 1692 svetudine
331 1628 509 1693 observata.
542 1628 643 1694 Ouius
669 1629 799 1708 quidem
829 1630 964 1713 capituli
994 1628 1105 1695 literas
1137 1631 1265 1696 demum

127 1733 214 1800 idem
242 1735 399 1800 Nicolaus
425 1738 631 1818 presentavit,
660 1737 774 1800 humili
799 1744 910 1818 petens
937 1759 1009 1802 cum
1035 1739 1204 1814 instancia,
1230 1746 1266 1801 ut

128 1844 218 1924 ipsas
235 1845 268 1907 in
285 1844 488 1926 privilegium
516 1845 617 1926 redigi
643 1843 749 1908 lacere
774 1845 989 1928 dignaremur,
1015 1869 1153 1930 quarum
1174 1852 1266 1909 tenor

127 1953 209 2016 talis
225 1959 290 2017 est:
323 2003 352 2016 ..
375 1953 505 2017 Karulo
529 2003 558 2016 ..
582 1954 650 2036 regi
675 2003 703 2016 ..
727 1955 906 2036 capitulum
930 1955 1062 2020 ecclesie
1083 1955 1186 2020 sancti
1202 1953 1266 2018 Mi-

128 2060 253 2124 chaelis
269 2060 308 2125 de
325 2059 546 2126 Castroferreo
571 2113 576 2124 .
593 2113 598 2125 .
622 2061 753 2126 Literas
771 2063 962 2127 excellencie
978 2070 1084 2128 vestre
1100 2084 1157 2127 nos
1173 2084 1265 2126 nove-

128 2169 204 2232 ritis
230 2170 440 2251 ..recepisse
467 2169 526 2234 sub
551 2170 613 2234 hac
638 2170 741 2234 forma
765 2221 794 2234 ..
823 2171 973 2236 Karalus
997 2222 1026 2235 ..
1049 2193 1106 2236 rex
1130 2221 1158 2235 ..
1182 2171 1266 2252 capi-

129 2275 202 2339 tulo
221 2274 428 2342 Castriferrei
452 2327 481 2341 ..
504 2277 677 2352 Noveritis,
704 2281 789 2362 quod
810 2301 867 2344 nos
884 2281 923 2345 ad
942 2283 1133 2346 instanciam
1158 2331 1185 2345 ..
1208 2279 1266 2344 Ni-

128 2385 216 2447 colai
233 2383 311 2448 dicti
329 2385 468 2449 Treutul
485 2385 610 2450 comitis
627 2387 833 2450 Posoniensis
850 2394 882 2451 et
898 2389 1036 2454 aliorum
1057 2442 1062 2452 .
1079 2441 1085 2452 .
1108 2390 1266 2454 baronum

128 2498 317 2557 nostrorum
342 2542 370 2556 ..
395 2495 552 2576 quasdam
577 2493 756 2576 particulas
782 2501 868 2560 terre
895 2497 1012 2560 Walth
1028 2505 1061 2561 et
1078 2497 1216 2562 Sarmad
1233 2499 1265 2560 iu

127 2601 286 2666 comitatu
318 2600 525 2666 Castriferrei
557 2602 738 2679 existentes,
770 2605 962 2684 possessioni
994 2603 1122 2670 Nicolai
1155 2606 1265 2670 Zarka

127 2710 251 2774 vicinas
268 2715 301 2773 et
312 2713 478 2794 contiguas
489 2711 613 2775 dedisse
624 2718 657 2774 et
668 2711 803 2776 donasse
814 2719 970 2795 perpetuo
982 2716 1199 2796 possidendas,
1211 2737 1262 2779 su-

128 2840 190 2900 per
206 2840 269 2900 quo
288 2871 294 2882 .
310 2869 316 2882 .
334 2821 528 2902 precipimus
547 2869 576 2883 ..
601 2827 759 2901 quatenus
770 2827 914 2886 vestrum
924 2819 1091 2906 (mittatis)
1102 2824 1265 2887 hominem

129 2949 192 3010 pro
203 2929 386 2992 testimonio
397 2927 602 3010 fidedignum‚
614 2949 722 2993 coram
735 2949 799 3010 quo
810 2928 1000 2994 Dominicus
1010 2930 1096 2998 filius
1107 2932 1146 2995 de
1157 2932 1265 3014 Buaey

127 3036 181 3100 vel
208 3034 363 3100 Nicolaus
389 3033 478 3122 (icy)
504 3037 590 3101 filius
614 3037 696 3102 Ivan
711 3037 750 3100 de
768 3035 894 3101 Oeleste
919 3039 1012 3103 homo
1038 3047 1148 3105 noster
1164 3039 1266 3104 altero

129 3145 267 3209 absente
293 3144 449 3208 accedant
474 3145 516 3208 ad
541 3144 653 3208 faciem
681 3144 900 3227 predictarum
925 3147 1156 3228 particularum
1180 3154 1266 3212 terre

129 3254 252 3317 Walth
268 3259 301 3318 et
317 3252 465 3329 Sarmad
483 3259 516 3316 et
532 3259 679 3318 statuant
705 3254 807 3317 eidem
832 3253 970 3320 Nicolao
996 3265 1151 3339 perpetuo
1167 3257 1266 3338 possi-

127 3361 273 3440 dendas;
299 3361 533 3443 possessionem
558 3361 659 3425 eciam
685 3361 839 3442 Purpach
863 3413 891 3424 ..
915 3362 1119 3428 reambulent
1143 3369 1175 3426 et
1201 3369 1265 3427 sta-

127 3472 229 3532 tuant
244 3468 306 3549 ipsi
321 3465 460 3530 Nicolao
487 3465 598 3530 Zarka
623 3475 779 3549 perpetuo
805 3469 1022 3549 possidendas,
1047 3471 1073 3535 si
1089 3492 1153 3535 non
1169 3471 1267 3535 fuerit

126 3575 389 3655 contradictum
415 3575 668 3640 contradictores
684 3598 760 3640 vero
783 3577 824 3640 ad
849 3584 992 3642 nostram
1018 3580 1118 3644 citent
1138 3601 1265 3662 presen-

126 3685 225 3762 ciam,
251 3685 294 3750 ad
319 3685 492 3748 terminum
518 3691 762 3767 competentem,
788 3693 821 3748 et
846 3693 920 3769 post
937 3687 996 3752 hec
1019 3737 1048 3751 ..
1072 3689 1175 3753 tocius
1188 3687 1264 3751 facti

127 3792 249 3857 seriem
274 3793 419 3856 nobie..
446 3793 640 3858 rescribatis.
676 3793 801 3860 Datum
825 3796 858 3859 in
884 3793 1104 3878 Alto-Castro,
1131 3795 1265 3861 sabbato

129 3901 281 3982 proximo
308 3906 381 3982 post
405 3901 522 3966 festum
548 3903 732 3984 Epiphanio
759 3903 889 3980 domini,
913 3925 998 3968 anno
1024 3905 1165 3969 eiusdem
1191 3903 1266 3967 M¹¹¹⁰

128 4005 256 4074 ΟΟΟ1110
277 4009 425 4073 vicesimo
450 4031 541 4074 nono.
567 4009 636 4074 Nos
661 4011 763 4092 igitur
786 4063 815 4075 ..
838 4033 910 4076 cum
935 4013 1062 4077 homine
1087 4020 1192 4078 vestro
1208 4012 1264 4076 Ja-

128 4116 213 4180 cobo
238 4113 306 4179 filio
331 4115 414 4180 Ivan
446 4117 485 4180 de
511 4114 637 4183 Celeste
669 4117 793 4202 Jospeh
825 4118 914 4206 (ipy)
946 4121 1103 4185 decanum
1134 4122 1266 4187 ecclesie

127 4229 243 4287 nostre
269 4225 509 4290 transmisimus
535 4227 577 4291 ad
601 4227 747 4310 predicta
773 4229 967 4310 exequenda,
994 4229 1050 4311 qui
1076 4230 1203 4293 demum
1223 4229 1265 4293 ad

127 4352 193 4396 nos
218 4333 338 4396 reversi
370 4383 398 4395 ..
429 4333 619 4410 retulerunt,
652 4336 737 4416 quod
766 4334 827 4418 ipsi
852 4337 885 4399 in
911 4337 993 4401 festo
1024 4336 1265 4401 Purificacionis

126 4440 229 4504 beate
244 4440 385 4522 virginis,
411 4442 606 4525 prescriptae
631 4442 807 4525 particulas
833 4450 993 4510 terrarum
1009 4445 1125 4509 Walth
1141 4451 1174 4508 et
1191 4443 1265 4509 Sar·

128 4546 227 4612 masd
243 4549 433 4612 statuissent
456 4550 526 4632 ipso
551 4548 688 4614 Nicolao
713 4550 822 4614 Zarka
838 4552 926 4616 nullo
950 4555 1186 4618 contradictore
1202 4553 1265 4616 exi-

128 4661 260 4736 stente3
285 4659 518 4739 possessionem
543 4657 675 4740 insuper
705 4658 866 4740 Purpaoh,
892 4663 1071 4726 convocatis
1096 4661 1209 4726 vicinis
1235 4668 1266 4725 et

129 4765 363 4829 commetaueis
389 4765 536 4831 omnibus
562 4764 817 4830 reambulassent
843 4775 875 4832 et
900 4771 1089 4835 statuissent
1105 4770 1266 4852 sepedicto
