3180 5466
343 510 407 570 499
701 527 885 572 auuouuoni
904 512 1117 571 oxuluxrln.

338 687 489 771 predictis
506 688 678 769 quindenis
709 687 783 752 festi
809 687 1001 753 Natiuitatis
1027 688 1120 752 beate
1145 689 1278 772 virginis
1296 711 1381 754 nnnc
1402 711 1477 774 pre-

337 794 436 872 teriti,
461 796 503 860 ad
528 795 643 862 faciem
660 796 803 882 predicte
827 799 1035 881 possessionis
1061 796 1133 860 Lali
1158 802 1277 874 vocate,
1303 796 1419 861 vicinis
1441 803 1479 860 et

337 903 564 968 commetaneis
582 893 724 969 eiusdem
741 905 899 970 universis
915 903 1059 986 legitime
1075 905 1266 982 convocatis,
1276 911 1310 970 et
1324 903 1480 988 partibus

252 1085 253 1088 Ἴ
338 1009 541 1094 presentibus
556 1011 744 1088 accedendo,
760 1013 793 1076 in
810 1013 945 1097 ipsaque
961 1015 1053 1077 iuxta
1069 1013 1285 1078 continencias
1312 1011 1476 1096 predicta·

337 1141 409 1185 rum
426 1119 597 1185 literarum
614 1127 806 1198 nostrarum,
822 1121 946 1188 scilicet
970 1121 1003 1184 in
1020 1121 1116 1186 terris
1132 1111 1311 1186 arabilibus
1327 1128 1361 1186 et
1387 1141 1477 1186 eam·

338 1228 502 1314 pestribus
518 1250 557 1294 ae
573 1229 685 1314 pratis,
710 1251 769 1292 nee
794 1250 857 1293 non
882 1229 954 1294 aliis
979 1229 1177 1295 utilitatibus
1193 1231 1336 1296 eiusdem
1353 1251 1479 1317 posses·

240 1358 249 1376 ·
338 1337 444 1414 sionis,
456 1338 541 1402 inter
551 1337 712 1422 predictos
724 1335 925 1422 Stephanum
942 1337 1045 1403 filium
1056 1338 1228 1404 Michaelis
1239 1345 1272 1403 et
1282 1340 1479 1422 magistrum

338 1443 515 1510 Nicolaum
532 1443 635 1509 filium
652 1444 748 1527 Elley
764 1466 802 1510 ao
818 1445 843 1510 J
844 1445 1003 1510 ohannem
1014 1443 1118 1510 filiuni
1129 1445 1271 1511 eiusdem
1287 1445 1479 1511 divisionem

339 1552 475 1632 fecisset,
494 1573 593 1633 quam
610 1553 704 1617 ambe
720 1558 830 1638 partes
847 1559 1078 1638 acceptassent,
1095 1553 1223 1620 demum
1242 1554 1321 1619 dum
1340 1554 1384 1619 ad
1410 1577 1480 1641 pos·

338 1661 510 1725 sessionem
526 1658 690 1725 Arulrlrua
716 1663 934 1743 accessissent,
960 1661 1160 1744 eandemque
1176 1663 1210 1726 in
1228 1663 1370 1726 termino
1386 1669 1477 1726 ante·

338 1768 425 1832 dicto
441 1767 535 1834 modo
552 1790 616 1852 quo
634 1789 733 1854 supra
748 1768 891 1834 dividere
916 1769 1099 1850 voluissent,
1122 1769 1209 1836 idem
1226 1769 1416 1855 Stephanus
1432 1769 1476 1834 di·

339 1877 448 1955 uisset,
465 1883 501 1941 ut
517 1878 544 1941 si
561 1877 697 1962 predicti
713 1879 868 1961 magister
883 1877 1041 1943 Nicolaus
1057 1877 1143 1943 filius
1167 1877 1261 1961 Elley
1289 1885 1323 1944 et
1349 1877 1377 1942 J
1378 1877 1475 1942 ohan·

338 2007 394 2050 nee
410 1984 496 2051 filius
516 2009 593 2051 suus
609 1985 683 2051 illas
700 1993 840 2066 quatuor
865 1987 1029 2066 sessiones,
1056 2007 1137 2070 quas
1153 2009 1211 2073 pro
1228 2008 1261 2052 se
1283 1995 1414 2052 teneret
1429 2007 1475 2052 oo

338 2100 486 2178 cupatas,
502 2116 575 2159 cum
591 2095 660 2178 ipso
677 2093 866 2172 dividerent,
891 2101 969 2160 tuno
994 2096 1097 2181 ipsam
1122 2095 1312 2160 divisionem
1328 2101 1474 2181 accepta-

342 2211 399 2281 ret,
416 2202 562 2286 alioquin
578 2205 649 2289 ipsa
665 2203 778 2268 divisio
795 2204 856 2268 sibi
872 2205 960 2270 iusta
982 2202 1052 2268 fieri
1069 2225 1133 2268 non
1144 2204 1307 2269 videretur
1327 2204 1370 2268 ad
1388 2225 1474 2270 accc·

338 2313 517 2398 ptandum3
533 2312 670 2398 predicti
686 2333 761 2377 vero
777 2314 932 2395 magister
954 2311 1112 2378 Nicolaus
1138 2320 1171 2378 et
1194 2313 1219 2378 J
1221 2314 1367 2379 ohannes
1393 2311 1476 2377 filius

341 2444 418 2486 suus
435 2442 507 2486 cum
524 2423 593 2507 ipso
609 2420 775 2508 Stephano
792 2444 864 2487 cum
888 2423 984 2486 terris
1009 2420 1188 2488 arabilibus
1203 2421 1333 2500 limatis,
1350 2443 1474 2507 campe

341 2528 471 2608 stribus,
488 2529 599 2615 pratis,
611 2551 649 2595 ao
659 2531 733 2595 aliis
743 2530 949 2608 utilitatibus,
959 2531 1051 2595 iuxta
1062 2530 1298 2596 continenciam
1314 2529 1474 2616 predicta·

339 2659 412 2702 rum
428 2638 598 2704 literarum
615 2645 799 2703 nostrarum
816 2637 1004 2704 divisionem
1019 2639 1347 2718 habereroluissent3
1364 2659 1473 2704 verum

338 2749 417 2830 quia
434 2749 678 2831 prenominatus
694 2745 879 2832 Stephanus
904 2745 990 2810 filius
1015 2745 1188 2812 Michaelis
1207 2745 1266 2811 filii
1282 2745 1381 2830 Elley
1398 2753 1473 2812 tem·

338 2875 416 2939 pore
432 2857 586 2938 premisse
602 2856 835 2939 proposicionis
850 2875 906 2920 sue
923 2854 957 2918 in
973 2855 1051 2920 locis
1071 2855 1301 2921 sessionalibus
1321 2856 1357 2919 in
1385 2855 1473 2920 dicta

338 2964 538 3048 possessione
555 2963 712 3030 Arulrkua
729 2969 843 3029 vocata
859 2969 891 3027 et
906 2963 940 3026 in
956 2963 1030 3029 aliis
1055 2963 1308 3047 pessessionibus
1325 2965 1471 3048 ipsorum

340 3073 560 3152 existentibus,
578 3073 698 3138 dictam
715 3073 902 3138 divisionem
919 3073 1097 3158 peripsum
1124 3073 1322 3139 Michaelem
1348 3080 1472 3156 patrem

343 3203 437 3246 suum
454 3186 486 3245 et
502 3181 638 3246 eundem
654 3182 845 3264 magistrum
860 3179 1032 3245 Nicolaum
1048 3180 1266 3246 mediantibus
1281 3180 1388 3246 literis
1404 3200 1472 3263 pre-

339 3289 442 3352 notati
458 3288 592 3370 capituli
610 3289 742 3354 ecclesie
758 3287 964 3354 Castriferroi
982 3287 1057 3352 olim
1079 3289 1164 3352 inter
1176 3308 1209 3352 se
1226 3288 1347 3352 factam
1364 3309 1473 3372 perpe-

340 3401 397 3460 tuo
415 3416 448 3460 se
465 3396 635 3461 observare
652 3397 731 3461 etin
749 3397 838 3460 nullo
855 3396 1124 3460 retractaremus
1140 3397 1242 3460 nostri
1258 3397 1292 3459 in
1308 3397 1473 3480 presencie

339 3505 555 3588 personaliter
571 3505 707 3570 astando
725 3509 930 3582 assumserat,
956 3509 988 3567 et
1004 3523 1088 3567 nuno
1111 3503 1194 3568 sicut
1209 3504 1242 3566 in
1259 3504 1355 3568 dictis
1371 3504 1472 3568 literis

341 3611 443 3694 ipsius
459 3611 594 3694 capituli
620 3611 825 3678 Oastriferrei
851 3611 884 3674 in
910 3610 1113 3693 presentibus
1139 3610 1233 3675 dictis
1253 3611 1377 3676 octavis
1400 3611 1471 3675 festi

341 3718 428 3783 beati
444 3716 580 3804 Georgii
591 3722 737 3785 martiris
751 3719 843 3784 nobis
860 3716 1020 3795 exhibitis,
1036 3723 1068 3781 et
1093 3719 1196 3783 eciam
1215 3719 1248 3782 in
1263 3725 1376 3784 nostro
1391 3719 1471 3784 iudi·

342 3826 442 3892 ciario
473 3833 644 3910 conspeetu
675 3827 888 3910 personaliter
923 3826 1146 3909 comparando,
1173 3827 1313 3892 mediam
1344 3833 1469 3911 partem

341 3939 480 4016 quatuor
496 3935 674 4000 sessionum
700 3937 733 3999 in
758 3936 830 4017 ipsa
848 3933 1048 4016 possessione
1064 3931 1222 3998 Arukkuz
1248 3942 1362 4000 vocata
1384 3935 1470 4018 apud

340 4044 426 4126 ipsos
453 4043 645 4124 magistrum
670 4042 843 4108 Nicolaum
867 4039 969 4105 filium
985 4041 1080 4124 Elley
1106 4047 1138 4106 et
1160 4040 1345 4107 Johannem
1370 4041 1472 4108 filiurn

342 4171 436 4216 suum
454 4150 672 4232 existencium,
689 4149 721 4213 in
738 4149 855 4232 quibus
878 4147 985 4230 ‘primo
1010 4155 1047 4213 ut
1070 4149 1268 4232 prediximus
1287 4149 1472 4215 divisionem

340 4256 547 4341 perennalem
562 4257 647 4322 inter
666 4279 700 4322 se
716 4258 887 4324 obseruare
903 4257 984 4322 velle
1000 4264 1208 4337 assumserat,
1236 4259 1423 4342 requirebat
1438 4265 1470 4323 et

343 4373 487 4434 nostram
502 4367 702 4432 iudiciariam
722 4367 997 4433 adiudicacicnem
1013 4389 1111 4451 super
1134 4367 1473 4451 ipsa-possessionaria

342 4475 506 4554 divisione,
523 4495 662 4540 unacum
678 4474 855 4540 baronibus
872 4480 905 4539 et
919 4473 1081 4540 nobilibus
1106 4476 1198 4558 regni
1214 4473 1333 4540 factam
1349 4473 1474 4558 pluries

341 4587 526 4671 replicando
545 4590 756 4668 retractabat,
781 4586 854 4650 ideo
881 4607 1017 4651 unacum
1044 4586 1190 4650 discretis
1216 4586 1294 4650 viris
1318 4583 1473 4652 Ladislao

342 4694 558 4774 Ohaamensis,
583 4695 700 4760 comite
716 4695 839 4778 capelle
867 4701 899 4758 et
924 4694 1097 4760 secretario
1128 4692 1322 4762 cancellario
1352 4691 1473 4758 domini
