3192 5466
563 443 657 503 1348.
675 459 747 502 uov.
766 445 816 504 29.
1189 443 1252 504 249

234 621 258 672 A
281 620 530 670 kclczsuroucstcri
554 620 728 670 couventnek
755 627 831 672 1482.
854 637 917 685 aug.
944 622 1008 671 itu
1034 621 1258 670 »Arrrbrosiusde

126 713 326 764 Saudcrhszu«
342 711 493 762 kenelmere
506 711 617 762 kiadott
630 711 790 776 stimtsuol,
810 713 939 776 melynek
952 711 1082 776 eredstije
1096 727 1213 776 megvau
1226 725 1259 760 az

126 819 198 852 orsz.
212 805 244 853 lt.
258 803 327 866 dipl.
342 807 410 852 oszt.
425 806 521 852 27426.
541 801 642 853 Kdin:
661 802 771 854 Koraos
784 803 818 854 N.

616 987 691 994 -----
705 987 774 994 ...ω-ω,-

657 1149 728 1210 126.

129 1307 225 1368 1348.
246 1305 351 1383 Bude,
367 1328 435 1368 nor.
454 1309 505 1372 29.
528 1306 592 1370 Pel
606 1307 787 1392 orsqubird
811 1309 837 1372 l.
857 1311 951 1394 Lujos
968 1311 1075 1396 trosly
1094 1309 1258 1373 reccidere-

123 1411 176 1473 tel
192 1411 305 1474 Korde
322 1421 402 1476 uerit
429 1413 511 1477 Pilis
537 1415 716 1500 reor-meppea·
739 1413 871 1479 biruoi‘ot
900 1411 1002 1502 Uyrirr
1017 1418 1069 1500 fio
1097 1417 1258 1503 Ponprricz

172 1519 328 1584 elucebat
340 1521 404 1584 Pc'l
412 1521 534 1607 isircilyi
544 1521 881 1604 hiutocsindlrifioiuck
892 1523 1076 1591 bio-tokciban
1087 1525 1213 1610 tappjc.

235 1681 759 1750 NosoomesPaulusiudexcurie
776 1738 782 1751 .
800 1735 806 1750 .
823 1689 976 1752 memorie
989 1687 1259 1766 commendamus,

123 1789 213 1873 quod
230 1812 302 1855 cum
319 1791 403 1856 inter
419 1794 611 1876 magistrum
627 1793 845 1878 Pangracium
864 1795 967 1860 filium
987 1795 1105 1879 Vgrini
1119 1802 1260 1862 actorem

123 1897 168 1962 ab
192 1920 267 1977 una,
293 1905 326 1965 et
350 1901 435 1966 inter
459 1900 484 1965 J
486 1900 621 1967 acobum
646 1908 679 1968 et
703 1903 843 1968 Paulum
868 1903 949 1970 filios
976 1904 1138 1988 quondam
1164 1903 1260 1970 Pauli

123 2007 326 2091 carpentarii
344 2009 464 2073 domiui
490 2009 576 2092 regis
593 2009 626 2073 in
642 2031 773 2076 causam
798 2017 957 2077 attractos
982 2021 1075 2097 perte
1092 2034 1131 2077 ex
1147 2013 1261 2090 altera,

123 2137 223 2198 super
240 2117 326 2182 facto
342 2118 510 2183 cuiusdam
530 2119 739 2204 possessionis
764 2119 885 2185 Kende
910 2128 1021 2187 vocate
1046 2124 1080 2187 in
1105 2122 1260 2188 comitatu

124 2224 292 2290 Pilisiensi
306 2226 484 2308 existentis,
502 2226 570 2291 litis
586 2228 723 2292 materia
740 2233 852 2293 exorta
866 2235 898 2294 et
913 2229 1003 2294 iuxta
1021 2229 1261 2314 quamplurium

123 2333 297 2399 literarum
314 2341 500 2400 nostrarum
517 2335 715 2400 diversorum
734 2335 925 2401 iudiciorum
951 2343 1134 2402 nostrorum
1150 2336 1261 2402 modos

123 2443 379 2525 exprimencium
395 2443 636 2522 continenciam,
647 2463 755 2508 coram
766 2442 857 2508 nobis
867 2443 1078 2510 diversimode
1090 2445 1262 2510 rentiliata

124 2557 158 2615 ct
174 2549 291 2615 ultimo
308 2551 350 2614 ad
366 2557 531 2633 presentes
550 2557 679 2616 octavae
696 2551 769 2616 festi
793 2550 880 2616 beati
906 2552 1044 2618 Martini
1069 2553 1260 2618 confessoris

124 2680 212 2722 nuuc
228 2659 390 2724 instantes
415 2663 589 2743 prorogata
615 2658 783 2737 extitisset,
808 2659 937 2724 tandem
955 2659 1032 2743 ipsis
1049 2661 1169 2725 octavis
1185 2660 1257 2725 festi

124 2764 215 2829 beati
247 2763 386 2832 Martini
418 2765 608 2831 confessoris
640 2764 890 2849 advenientibus,
922 2767 1068 2851 predicto
1104 2768 1259 2850 magistro

123 2873 313 2956 Pangrucio
329 2872 395 2938 filio
411 2873 528 2956 Vgrini
548 2873 761 2957 personaliter
787 2895 896 2940 coram
920 2874 1012 2942 nobis
1028 2881 1165 2954 astante,
1191 2899 1260 2959 pre-

122 2981 205 3046 taoti
221 2981 368 3046 Jacobus
385 2988 418 3047 et
433 2981 556 3048 Paulus
572 2982 721 3048 similiter
737 2984 949 3068 personaliter
958 2985 1000 3050 ad
1011 2992 1154 3050 nostram
1170 3007 1259 3050 aoce-

121 3089 241 3154 dentes
256 3089 466 3171 presenciam,
491 3089 602 3154 literas
619 3139 626 3153 .
643 3137 650 3153 .
666 3089 787 3156 domini
803 3092 905 3156 nostri
922 3091 1007 3175 regis
1031 3092 1182 3158 annulari
1200 3115 1259 3158 suo

123 3196 237 3280 sigillo
262 3195 316 3262 hic
340 3196 434 3261 Bude
458 3197 491 3262 in
517 3197 637 3262 octavis
671 3197 858 3264 festivitatis
883 3198 1036 3265 Omnium
1065 3199 1259 3267 Sanctorum

121 3327 212 3370 anno
222 3305 257 3370 in
266 3307 408 3388 presenti
419 3305 591 3385 coniectas,
601 3306 691 3372 nobis
702 3314 939 3391 presentarunt,
949 3309 982 3374 in
993 3307 1110 3393 quibus
1120 3309 1259 3375 vidimus

122 3414 285 3480 contineri
301 3414 480 3496 manifeste,
496 3415 583 3498 quod
599 3415 689 3499 regia
713 3417 866 3482 maiestas
892 3417 978 3483 dioto
1004 3419 1159 3500 magistro
1176 3419 1259 3484 Pau-

122 3523 239 3606 gracio
256 3521 349 3588 militi
365 3523 439 3588 urile
455 3544 511 3588 sue
527 3523 656 3589 fecisset
681 3524 823 3607 graciam
840 3546 937 3609 super
953 3524 1073 3591 talibus
1089 3527 1260 3609 possessio·

122 3631 233 3708 nibus,
251 3653 314 3715 que
330 3653 414 3696 nunc
430 3631 463 3695 in
479 3631 628 3697 manibus
653 3633 721 3697 eius
747 3633 940 3713 existerent,
963 3633 1044 3698 illud
1070 3641 1179 3699 autem
1195 3633 1256 3699 sibi

122 3765 191 3807 uon
207 3742 382 3818 annuisset,
409 3747 446 3804 ut
461 3740 544 3806 tales
559 3742 776 3825 possessiones
802 3763 883 3825 quas
908 3742 1001 3825 regia
1018 3743 1169 3808 maiestas
1186 3742 1259 3807 aliis

122 3849 327 3927 contulisset,
354 3848 440 3912 idern
456 3847 567 3913 ordine
592 3849 671 3913 iuris
699 3849 865 3932 requirere
890 3849 1030 3932 valeret,
1064 3857 1260 3934 quapropter

122 3961 214 4025 idem
230 3957 377 4023 dominus
393 3963 503 4022 noster
522 3978 578 4022 rex
603 3957 693 4022 uobis
719 3957 853 4023 firmiter
879 3959 1082 4043 precipiendo
1109 3959 1209 4024 dabat
1226 3959 1258 4022 in

121 4067 302 4146 mandatis,
318 4071 477 4149 quatenus
493 4087 624 4131 causam
650 4087 747 4149 quam
772 4065 857 4131 idem
882 4067 1037 4150 magister
1058 4067 1259 4150 Pangracius

122 4181 242 4242 contra
258 4174 283 4239 J
285 4173 420 4239 acobum
437 4179 470 4238 et
485 4173 627 4240 Paulum
642 4173 725 4240 filios
741 4165 839 4240 Pauli
864 4175 1058 4259 carpentarii
1076 4195 1173 4257 super
1189 4196 1259 4258 pos·

122 4287 271 4352 sessione
282 4283 401 4349 Kande
417 4287 530 4348 uocata
545 4282 580 4347 in
596 4283 750 4348 comitatu
767 4283 931 4348 Pilisiensi
948 4283 1098 4347 existenti
1113 4282 1259 4362 haberet,

122 4395 272 4461 iudicare
288 4413 351 4458 non
368 4392 566 4474 deberemus,
583 4391 638 4456 sed
654 4391 788 4476 pacifice
804 4391 904 4456 dictos
921 4389 1004 4456 filios
1015 4389 1111 4455 Pauli
1128 4411 1260 4475 carpen-

123 4505 203 4570 tarii
219 4502 457 4568 dimitteremus
474 4501 506 4564 in
522 4502 723 4582 possessione
739 4499 860 4578 eedem,
885 4503 981 4582 prout
997 4499 1088 4582 regia
1104 4499 1258 4564 maiestas

124 4612 250 4678 eisdem
276 4608 473 4676 contulisset.
516 4607 585 4676 Nos
611 4609 710 4694 igitur
736 4607 811 4672 visis
837 4606 1066 4695 premissorum
1092 4607 1260 4685 literarum
