3180 5470
564 568 659 630 1351.
675 587 763 630 rasa.
780 569 832 628 22.

664 855 738 917 267.

132 1015 231 1079 1351.
240 1011 326 1098 febr.
343 1014 395 1076 22.
419 1009 449 1076 Α
466 1013 586 1076 tui-oca·
611 1023 739 1076 convent
756 1012 825 1078 stoa
841 1013 990 1100 Sze‘plaki
1008 1015 1145 1102 Galim,
1169 1015 1267 1080 elbalt

129 1121 319 1186 resederet
363 1120 547 1184 Tomdenab
586 1123 723 1206 liz-regyet
764 1119 866 1187 Chala
905 1134 1057 1208 asasonyt
1086 1123 1203 1188 luithere
1234 1127 1266 1188 e's

128 1231 327 1315 lrozoma'uyu
355 1227 476 1314 fejc‘beu
512 1227 593 1293 Csab
624 1237 703 1294 nevit
720 1229 808 1294 Horat
830 1235 1010 1317 odrmepyci
1034 1231 1137 1296 birtolc
1152 1231 1269 1317 feteret

628 1337 775 1424 kiele‘yito'.

241 1499 387 1566 Paulus.
413 1549 420 1564 .
450 1502 634 1586 prepositus
651 1506 683 1565 et
698 1507 871 1566 conventus
897 1501 1030 1566 ecclesie
1055 1501 1149 1566 beate
1174 1501 1266 1584 virgi·
1352 1503 1354 1508 ’

128 1609 181 1673 010
197 1608 239 1673 de
256 1609 401 1674 Turucz.
422 1659 427 1672 .
454 1609 688 1694 significamus.
709 1661 715 1674 .
732 1609 819 1691 quod
832 1606 992 1692 Georgius
1007 1609 1092 1674 filius
1109 1609 1265 1692 Stephani

128 1715 250 1782 nobilis
266 1716 306 1780 de
323 1715 448 1802 Seplac,
465 1740 604 1784 unacum
613 1715 751 1784 Andrea
760 1717 827 1782 filio
844 1739 901 1783 000
918 1719 1140 1802 personaliter,
1157 1726 1190 1784 et
1207 1741 1266 1803 pro

127 1824 208 1890 filiis
234 1827 301 1892 suis
328 1824 493 1910 Stephano
518 1833 551 1892 et
575 1826 700 1892 Jacobo
725 1826 766 1892 ab
791 1848 865 1906 una,
882 1833 974 1910 parte
999 1847 1073 1892 vero
1100 1827 1142 1892 ab
1162 1829 1268 1892 altera

128 1934 279 2000 Michael
294 1933 380 2000 filius
391 1935 497 2000 Morio
510 1934 550 2001 de
563 1935 688 2000 Bribeli
706 1956 765 2019 pro
778 1937 892 2000 relicta
903 1935 1026 2001 Thome
1040 1935 1099 2000 filii
1109 1934 1268 2020 Stephani

128 2049 246 2108 vocata
262 2043 367 2110 Chala
390 2041 458 2108 filia
484 2065 551 2122 sua,
569 2051 602 2110 et
617 2067 676 2128 pro
693 2043 878 2108 Katherina
903 2043 970 2108 lilia
997 2045 1139 2110 eiusdem
1162 2042 1265 2110 Chala

127 2172 205 2216 oum
222 2151 326 2216 literis
341 2153 574 2234 procuratoriis
590 2159 763 2218 conventus
775 2152 815 2216 de
825 2151 912 2234 Saag
928 2152 1142 2234 personaliter
1158 2171 1266 2216 coram

127 2259 225 2326 nobis
250 2260 430 2338 constituti,
456 2260 541 2324 idem
567 2255 751 2342 Georgius.
778 2309 785 2323 .
818 2261 851 2324 in
877 2261 979 2325 nostri
1005 2262 1171 2343 presencia
1196 2281 1268 2326 cum

127 2369 221 2434 dicto
253 2366 389 2434 Andros
421 2367 487 2432 filio
513 2389 570 2434 suo
596 2367 760 2434 confessus
785 2375 843 2446 est,
868 2369 955 2448 quod
979 2390 1051 2432 oum
1078 2367 1268 2434 Thomas..

131 2475 240 2540 frater
256 2497 334 2540 0000
357 2477 505 2542 uterinus
522 2478 555 2540 in
571 2479 701 2542 accione
718 2478 830 2542 mortis
845 2479 1030 2556 exstitisset,
1046 2479 1151 2559 ipsum
1168 2473 1270 2542 Geor-

128 2586 222 2666 gium
248 2591 402 2668 rogasset,
420 2591 456 2650 ut
480 2601 539 2668 pro
565 2586 640 2652 dote
666 2592 699 2650 et
724 2584 819 2650 rebus
846 2583 1104 2668 parafernalibus
1129 2586 1268 2650 mediam

127 2699 260 2776 partem
286 2695 496 2778 possessionis
520 2695 665 2778 ipsorum
680 2693 773 2761 Ghab
789 2701 934 2760 vocatam
951 2696 983 2760 in
1001 2695 1156 2760 comitatu
1172 2691 1266 2758 Hun-

129 2803 249 2884 thensi‚
268 2803 362 2868 uxori
378 2823 435 2868 sue
451 2802 555 2870 Chala
572 2809 729 2886 perpetuo
739 2803 943 2881 condonaret,
955 2803 1026 2868 ideo
1043 2803 1147 2866 dictus
1164 2797 1267 2866 Geor·
1348 2799 1351 2812 '

128 2911 204 2992 gius
222 2911 362 2976 mediam
376 2917 503 2994 partem
519 2913 729 2995 possessionis
745 2913 887 2995 ipsorum
899 2910 992 2978 Chab
1005 2913 1266 2988 vocitatam,eum

128 3017 285 3084 omnibus
303 3068 309 3082 .
336 3067 343 3080 .
375 3020 583 3102 pertinenciis
600 3069 607 3084 .
633 3071 640 3084 .
672 3027 704 3084 et
720 3041 793 3085 cum
809 3022 949 3084 sessione
965 3041 985 3084 a
1000 3025 1094 3102 parte
1110 3019 1269 3085 orientali,

127 3127 220 3190 dicte
237 3123 343 3190 Chala
358 3124 468 3192 relicte
485 3125 609 3192 Thome
634 3126 744 3192 fratris
762 3128 821 3205 sui,
837 3149 897 3211 pro
913 3126 987 3191 dote
1004 3132 1036 3190 01
1052 3125 1147 3192 rebus
1173 3147 1267 3209 para·

126 3233 313 3298 iemalibus
330 3235 420 3300 dedit
435 3241 590 3320 perpetue
607 3287 613 3301 .
640 3284 648 3298 .
680 3255 787 3301 coram
807 3234 917 3312 nobis3
934 3236 980 3299 ita
996 3241 1113 3310 tamen,
1131 3234 1217 3314 quod
1234 3236 1267 3298 in

127 3343 256 3408 octavis
273 3341 359 3407 beati
376 3338 512 3426 Georgii
535 3344 679 3408 martiris
703 3345 768 3408 iam
785 3341 935 3408 affuturis
952 3349 1023 3409 octo
1042 3341 1136 3427 probi
1152 3343 1212 3406 viri
1228 3343 1267 3406 de

127 3452 247 3516 eodem
273 3453 430 3516 comitatu
455 3451 650 3530 Hunthensi,
666 3452 788 3516 dictam
813 3452 1047 3535 possessionem
1063 3449 1156 3516 Ohab
1177 3470 1267 3514 voca-

126 3565 202 3622 tam
229 3560 262 3622 in
288 3560 369 3624 duas
394 3567 504 3642 partes
530 3561 662 3643 equales
687 3561 839 3641 divident,
856 3566 888 3624 et
909 3580 1006 3624 unam
1032 3564 1158 3642 partem
1183 3559 1267 3622 idem

128 3665 298 3752 Georgius
308 3667 504 3737 dicteOhala
514 3665 579 3754 (10)
590 3671 684 3736 dictis
696 3671 817 3736 octavis
828 3675 970 3735 statuere
981 3673 1126 3734 tenetur.
1143 3715 1150 3732 .
1168 3670 1269 3732 eciam

127 3777 251 3842 dantes
267 3779 371 3843 eidem
389 3777 516 3843 domine
533 3775 637 3842 Ghala
655 3798 778 3842 meram
802 3777 993 3844 facultatem
1019 3778 1085 3841 suis
1111 3777 1267 3859 proximis

127 3892 165 3948 et
182 3887 431 3968 consanguineis
456 3887 577 3952 dictam
602 3891 728 3969 partem
752 3888 962 3970 possessionis
988 3885 1050 3950 sibi
1070 3885 1268 3950 evenientem

127 3995 295 4061 vendendi
310 4017 368 4060 seu
385 4017 444 4080 pro
460 3995 646 4062 concambio
672 3996 788 4076 dandi;
812 4003 961 4079 preterea
986 3996 1090 4060 dictus
1108 3991 1268 4076 Georgius

127 4101 219 4169 filius
240 4102 401 4188 Stephani
420 4107 453 4170 in
469 4107 573 4170 nostri
598 4107 765 4188 presencia
790 4105 895 4171 fassus
920 4111 978 4184 est,
995 4105 1081 4188 quod
1106 4103 1268 4186 quispiam

126 4235 329 4296 quocunque
345 4235 440 4278 cursu
466 4215 622 4296 temporis
647 4215 768 4280 dictam
787 4213 951 4280 dominam
967 4212 1072 4278 Ohala
1095 4212 1267 4278 molestare

127 4319 234 4384 vellet
251 4371 257 4384 .
284 4371 291 4385 .
323 4342 418 4404 super
434 4323 522 4388 diota
539 4323 785 4400 condonacione‚
801 4329 879 4388 tuno
895 4323 1001 4388 dictus
1018 4318 1180 4404 Georgius
1197 4341 1267 4402 pre-

127 4429 215 4512 priis
242 4431 308 4495 suis
339 4430 504 4496 laboribus
521 4437 554 4495 01
569 4433 717 4516 expensis
733 4433 837 4515 ipsam
860 4431 1023 4497 dominam
1048 4437 1242 4514 protegere.
1259 4477 1266 4490 .

126 4557 234 4620 super
258 4537 371 4602 eadem
396 4539 633 4604 condonatione
658 4537 823 4622 obligavit,
839 4545 872 4604 01
888 4541 915 4604 01
935 4561 999 4605 000
1017 4544 1135 4623 posset,
1151 4543 1268 4602 extunc

126 4647 172 4711 de
191 4648 392 4728 possessione
409 4649 517 4712 suain
532 4655 624 4714 10010
640 4651 824 4732 quantitate
845 4649 926 4713 alias
942 4655 976 4713 et
991 4651 1024 4713 10
1039 4653 1134 4714 10010
1149 4647 1267 4716 valore.

127 4754 183 4820 vel
202 4756 440 4838 quinquaginta
455 4778 581 4823 mareas
598 4758 683 4824 dicte
699 4757 827 4823 domine
837 4759 942 4825 Chala
958 4781 1017 4843 pro
1033 4757 1107 4825 dote
1123 4762 1156 4822 et
1171 4756 1266 4822 rebus
