3180 5466
597 471 690 570 135l.
709 475 779 532 uls.
800 473 848 533 16.
1207 473 1271 534 489

137 648 374 732 proprietatem
401 651 544 732 ipsorum
570 647 771 725 devolvendo
803 648 966 734 predictus
990 656 1098 714 autem
1129 649 1271 716 Michael

139 755 224 821 filius
242 755 339 841 Elley
355 756 395 821 de
410 758 503 821 iuxta
528 755 619 836 Sasr,
636 757 739 840 primo
764 756 845 821 feria
870 757 1010 822 secunda
1029 760 1176 842 proxima
1199 765 1272 844 post

139 864 333 929 dominicam
350 863 658 946 Ramispalmarum,
675 869 708 928 et
723 863 852 929 demum
869 863 948 930 feria
968 865 1108 930 secunda
1123 870 1272 950 proxima

139 978 213 1053 post
228 971 347 1036 festum
364 973 545 1038 nativitatis
560 970 648 1037 beati
671 970 835 1037 Johannis
859 971 1019 1058 Baptista,
1043 995 1128 1039 anno
1153 975 1272 1040 domini

138 1078 315 1144 Millesimo
331 1077 430 1148 000ο
459 1079 587 1144 ΧΧΧο
616 1081 739 1162 quinto,
749 1081 782 1146 in
798 1083 965 1165 presencia
981 1081 1123 1147 eiusdem
1140 1083 1273 1165 capituli

139 1185 350 1253 Castriserrei
374 1187 590 1271 personaliter
615 1189 837 1273 comparcendo,
868 1191 1153 1273 possessionariam
1181 1212 1274 1256 suam

141 1297 328 1378 porcionem
345 1295 428 1362 Saar
444 1301 591 1360 vocatum
608 1296 696 1361 ultra
711 1294 844 1360 fluvium
856 1295 939 1362 Saar-
955 1317 975 1360 a
990 1297 1123 1364 meridie
1139 1301 1275 1364 existen-

140 1409 271 1482 teutem,
282 1403 386 1470 afiliis
396 1403 553 1488 Ivachyni
571 1405 742 1482 emticiam‚
753 1403 902 1470 videlicet
918 1408 1051 1471 terciam
1066 1413 1192 1490 partem
1204 1429 1275 1492 pos-

140 1514 295 1578 sessionis
311 1511 467 1596 Ivachyni
484 1515 517 1578 in
533 1519 603 1579 toto
619 1533 678 1596 pro
694 1513 803 1578 decem
813 1515 931 1578 marcis
947 1513 1154 1579 denariorum
1170 1536 1275 1597 prorn-

140 1629 251 1686 torum
282 1619 424 1686 latorum
440 1623 661 1686 viennensium
677 1620 821 1706 predicto
846 1624 1002 1704 magistro
1027 1619 1165 1687 Nicolao
1181 1623 1276 1688 fratri
1306 1621 1308 1626 ’

139 1750 199 1795 suo
215 1749 328 1795 coram
343 1730 456 1794 eodem
471 1731 615 1816 capitulo
639 1732 767 1814 pignori
792 1729 975 1813 obligasset,
1002 1752 1074 1796 cum
1091 1731 1206 1796 iisdem
1222 1731 1274 1795 de·
1305 1712 1306 1716 Ἰ

140 1858 209 1904 cern
225 1839 344 1904 marcis
361 1838 567 1904 denariorum
584 1843 784 1920 promtorum
800 1838 941 1904 latorum
958 1841 1179 1905 viennensium
1190 1843 1276 1906 omni

141 1948 351 2012 estimacione
368 1946 508 2027 exclusa,
526 1947 784 2029 quandocunque
804 1952 921 2030 posset,
937 1946 1060 2031 absque
1076 1947 1185 2030 aliquo
1202 1969 1274 2032 gra·

139 2057 269 2120 vamina
293 2055 521 2122 redimendam.
548 2055 632 2120 Item
657 2057 692 2120 in
721 2075 806 2120 anno
831 2055 952 2120 domini
978 2055 1154 2121 Millesimo
1174 2055 1273 2122 000Ο

142 2161 235 2226 XX⁰
251 2183 344 2240 nono,
360 2163 535 2229 Ladislaus
551 2171 585 2230 et
600 2163 688 2227 Bede
698 2165 846 2245 magistri
862 2161 921 2228 filii
937 2166 1063 2228 comitis
1073 2161 1276 2250 Adumprith

141 2271 182 2334 de
198 2273 292 2336 iuxta
309 2270 400 2348 Saar,
416 2291 474 2357 pro
490 2293 524 2337 se
541 2277 574 2336 et
589 2292 647 2356 pro
663 2271 774 2336 Doseu
790 2269 857 2336 filio
866 2271 1006 2338 Dionisii
1022 2271 1124 2338 fratre
1134 2275 1278 2358 ipsorum

140 2400 250 2445 coram
266 2382 337 2463 ipso
347 2379 489 2464 capitulo
499 2379 704 2447 Castriferrei
715 2379 928 2464 personaliter
945 2381 1168 2464 comparando,
1178 2403 1276 2446 unam

141 2486 340 2570 particulam
356 2493 442 2552 terre
458 2490 491 2553 in
509 2485 592 2554 Sascr
607 2489 807 2565 existentem,
831 2492 928 2572 prout
952 2489 1073 2552 iaceret
1097 2509 1194 2572 super
1211 2511 1276 2554 ma·

144 2617 243 2679 gnum
275 2597 369 2674 viam,
400 2617 504 2680 usque
528 2605 633 2664 terras
658 2595 797 2661 filiorum
829 2585 1029 2679 Adumprith
1051 2595 1279 2678 predictorum,

142 2725 243 2788 quam
270 2723 375 2769 comes
400 2705 524 2784 Elleus,
548 2705 698 2770 Dionisio
729 2704 884 2772 Ladislao
910 2709 943 2768 et
970 2703 1060 2768 Bede
1085 2703 1278 2789 supradictis

141 2811 321 2878 secundum
337 2813 472 2879 formam
499 2813 639 2896 priorum
662 2799 836 2877 literarum
862 2811 1004 2876 eiusdem
1031 2809 1165 2894 capituli
1200 2812 1277 2876 obli·

142 2925 255 3004 gasset
271 2940 330 3005 pro
346 2917 513 2984 duodecim
544 2921 651 3003 pensis
677 2920 891 3000 denariorum,
917 2925 950 2983 et
974 2919 1002 2984 si
1030 2918 1187 2984 redimere
1215 2940 1278 2983 non

142 3035 299 3108 curasset,
340 3036 502 3096 crescente
528 3051 612 3113 pena
637 3029 729 3113 dupli
753 3051 848 3112 super
873 3031 995 3114 ipsam;
1020 3027 1150 3092 tandem
1175 3031 1278 3111 ipsam

143 3137 342 3222 particulam
357 3139 492 3203 terrain
509 3159 606 3222 quam
632 3160 691 3221 pro
715 3137 809 3203 dietis
825 3137 992 3202 duodecim
1018 3137 1126 3220 pensis
1147 3132 1277 3201 'denari-

143 3267 248 3324 orum,
265 3252 297 3311 et
314 3269 372 3332 pro
387 3247 522 3314 totidem
539 3269 664 3313 summa
689 3248 831 3331 pecunie,
856 3268 919 3330 que
935 3267 994 3330 pro
1010 3265 1094 3328 pena
1119 3245 1209 3330 dupli
1226 3267 1276 3309 su-

143 3377 202 3439 per
219 3357 380 3434 crevisset,
397 3356 431 3421 in
447 3362 514 3422 toto
530 3357 644 3440 viginti
671 3361 811 3438 quatuor
837 3358 944 3440 pensis
965 3355 1165 3420 remisissent
1180 3359 1213 3417 et
1229 3375 1277 3418 re·

144 3465 333 3530 stituissent
347 3465 493 3548 predicto
510 3465 647 3531 Nicolao
663 3465 730 3530 filio
756 3465 834 3530 dicti
859 3465 955 3547 Elley
974 3462 1069 3549 pleno
1093 3463 1172 3540 inre,
1197 3481 1278 3542 quas

144 3572 279 3656 quidem
295 3573 410 3656 viginti
426 3580 565 3657 quatuor
593 3595 709 3657 pensas
734 3574 818 3639 idem
847 3571 1004 3639 Nicolaus
1020 3571 1060 3634 de
1078 3572 1209 3656 propria
1225 3591 1279 3654 pe-

145 3681 244 3745 cumia
260 3702 319 3746 sua
335 3683 567 3764 prenominatis
583 3681 657 3748 filiis
669 3681 870 3764 Adumpritlr
880 3679 1084 3764 persolvisset
1105 3678 1279 3743 adredem·

145 3790 271 3855 cionem
286 3795 372 3854 terre
382 3796 558 3873 prenotate,
568 3797 601 3855 et
610 3791 707 3856 iidem
717 3789 776 3855 filii
786 3787 990 3872 Adumprith
1001 3786 1112 3851 literas
1124 3784 1278 3869 obligato·

144 3898 212 3962 rias
229 3903 264 3962 et
279 3897 381 3963 eciam
397 3919 494 3982 super
509 3919 592 3982 penu
611 3898 700 3984 dupli
710 3903 887 3974 emanatas,
903 3916 1041 3978 quarum
1058 3896 1166 3976 vigore
1176 3893 1280 3976 ipsam

145 4007 344 4094 particulam
359 4017 446 4074 terre
463 4014 653 4085 servassent,
669 4006 771 4072 eidem
787 4007 945 4088 magistro
968 4001 1104 4069 Nicolao
1120 4003 1280 4066 restituis·

145 4124 220 4185 sent
236 4137 346 4182 coram
363 4116 507 4201 capitulo
529 4119 717 4198 prenotat03
742 4113 871 4178 demum
890 4119 998 4177 autem
1025 4109 1191 4193 predictus
1208 4106 1279 4174 Ste-

145 4226 277 4310 phanus
302 4225 388 4292 filius
413 4223 584 4290 Michaelis
609 4223 648 4287 de
680 4219 838 4286 Arulrlruz
862 4219 945 4284 feria
969 4217 1119 4284 secunda
1134 4216 1281 4298 proxima

145 4345 223 4404 ante
240 4336 360 4402 festum
374 4333 461 4398 beati
477 4331 651 4396 Laurencii
675 4329 818 4394 martiris
842 4349 927 4393 nnnc
942 4326 1140 4410 preteritum,
1158 4325 1190 4389 in
1206 4343 1279 4407 pre·

145 4447 259 4512 sennia
274 4442 422 4526 magistri
439 4439 564 4506 Tethen
579 4437 771 4505 vicecomitis
789 4443 820 4502 et
844 4435 988 4501 iudicum
1003 4432 1159 4498 nobilium
1184 4431 1280 4497 comi·

146 4561 238 4620 tatus
256 4549 461 4618 Oestriferrei
476 4548 636 4635 predictos
662 4545 833 4630 magistros
859 4543 1032 4610 Nicolaum
1057 4541 1160 4606 lilium
1185 4539 1281 4626 Elley

146 4669 181 4729 et
196 4661 384 4726 Johannem
400 4657 502 4724 filium
528 4678 623 4722 suum
648 4654 687 4719 de
713 4654 824 4718 eadem
848 4649 1016 4729 Arulrkuz,
1042 4648 1083 4714 ab
1109 4670 1224 4717 usuum
1248 4657 1279 4718 ot
