3226 5462
536 505 631 567 1347.
649 521 720 566 aa
740 503 790 566 11.
1185 503 1226 566 39
1264 475 1268 484 '

91 683 179 748 inter
206 685 312 767 ipsam
339 683 572 767 possessiouem
598 679 715 746 Modor
750 688 782 747 et
818 682 1048 765 possessionem
1075 681 1227 767 Kyslolu‚

91 791 295 858 transeundo
336 790 500 872 quoddam
541 797 672 874 pratum
704 791 745 855 ad
777 791 909 874 lengum
941 791 1084 874 spacium
1115 811 1227 856 versus

92 901 233 966 eandem
249 907 376 984 partem
393 900 645 977 meridionalem,
672 905 705 965 et
721 901 845 964 reniret
860 898 903 964 ad
921 898 1084 980 quandam
1109 905 1228 964 metam

93 1011 269 1091 antiquam
284 1016 435 1088 terream,
446 1015 479 1074 et
488 1010 574 1075 circa
584 1009 718 1074 eandem
735 1029 833 1074 unam
844 1007 943 1073 aliam
953 1014 1071 1073 metam
1087 1014 1227 1072 terream

93 1115 133 1180 de
152 1137 235 1180 noro
254 1117 440 1195 erexissent,
465 1122 499 1181 et
523 1115 567 1181 ibi
584 1117 836 1182 terminarentur
852 1122 934 1180 mete
961 1118 1044 1182 inter
1066 1116 1228 1200 predictas

92 1223 436 1307 possessionesliodor
446 1231 479 1290 et
488 1223 765 1310 Kysfolu3deinde
776 1225 1118 1306 incipiuntmeteinter
1126 1225 1228 1308 ipsam

92 1334 328 1417 possessionem
339 1331 458 1398 Modor
469 1339 500 1399 et
510 1335 594 1398 iuter
603 1334 835 1416 possessionem
845 1333 1049 1418 Vysta3inde
1058 1341 1227 1399 transeun-
1277 1375 1282 1383 -

93 1441 136 1505 do
153 1441 195 1506 ad
212 1443 349 1506 eandem
364 1447 490 1525 partem
506 1441 750 1510 meridionalem
765 1463 866 1526 prope
882 1465 981 1508 unum
998 1443 1146 1520 rivulum,
1172 1443 1229 1522 qui

94 1549 220 1614 rivulus
237 1552 357 1616 transit
373 1551 412 1615 de
436 1550 514 1616 villa
530 1550 648 1616 Modor
664 1550 705 1616 ad
720 1549 830 1616 villam
854 1549 970 1634 Vysta,
996 1555 1028 1614 et
1053 1550 1097 1614 ibi
1124 1556 1230 1614 essent

94 1659 159 1722 due
175 1663 261 1723 mete
278 1665 384 1723 terree
401 1661 544 1741 antique,
556 1663 587 1746 et
598 1659 684 1724 circa
694 1659 824 1724 easdem
835 1658 934 1724 aliam
949 1665 1070 1724 metam
1088 1663 1228 1724 terream

95 1767 136 1830 ‹le
162 1787 245 1832 noro
270 1769 467 1848 erexisseut3
501 1767 616 1832 deiude
641 1767 838 1833 transeundo
864 1767 1002 1832 rivulum
1027 1767 1068 1831 ad
1094 1766 1230 1833 eandem

93 1879 221 1958 partem
247 1875 491 1940 meridionalem
516 1874 673 1940 currendo
699 1875 741 1939 ad
765 1874 923 1940 modicum
949 1875 1093 1958 spacium
1108 1875 1232 1939 reniret

94 1982 236 2048 adduas
252 1989 358 2048 metas
374 1984 536 2064 antiquas,
555 1984 642 2048 eirca
659 2003 741 2064 quas
758 1984 857 2050 aliam
874 1989 993 2049 metam
1009 1983 1048 2050 de
1066 2005 1146 2048 novo
1163 2003 1230 2048 ere·

94 2092 240 2170 rissent3
258 2090 375 2155 deiude
391 2090 431 2155 ad
450 2090 584 2156 eandem
601 2097 727 2174 partem
744 2091 986 2156 meridionalem
997 2111 1055 2174 per
1067 2091 1229 2173 quandam

96 2199 272 2284 planiciem
290 2200 415 2264 veniret
430 2197 472 2265 ad
489 2199 653 2280 quandam
678 2205 798 2266 metam
816 2200 993 2282 antiquam,
1019 2201 1106 2266 circa
1131 2221 1230 2282 quam

95 2307 196 2373 aliam
206 2306 247 2372 de
258 2329 340 2372 novo
356 2309 543 2386 erexissent,
560 2307 676 2374 deinde
693 2308 891 2374 transeundo
902 2308 943 2374 ad
954 2309 1088 2374 eandem
1104 2315 1231 2393 partem

99 2415 346 2480 meridionalem
362 2415 469 2480 eundo
484 2437 543 2500 per
562 2416 694 2501 longum
710 2418 855 2500 spacium
871 2418 995 2482 reniret
1010 2416 1052 2481 ad
1068 2416 1231 2498 quandam

96 2545 251 2607 magnam
269 2524 364 2606 riam,
379 2545 439 2608 per
456 2545 554 2605 quam
570 2525 653 2590 riam
680 2526 783 2590 iretur
799 2525 838 2590 de
864 2525 941 2590 villa
965 2525 1084 2591 Modor
1100 2526 1141 2590 ad
1158 2507 1232 2591 civi·
1313 2604 1326 2623 ‚

97 2637 200 2698 tatem
218 2631 476 2711 Tirnaviensem,
492 2639 525 2697 et
540 2633 585 2697 ibi
601 2634 689 2699 circa
705 2635 808 2717 ipsam
833 2634 917 2698 viam
943 2655 1041 2698 unam
1057 2639 1176 2699 metam
1193 2633 1232 2700 de

97 2761 178 2805 novo
195 2740 393 2818 erexissent3
409 2739 524 2804 deinde
542 2741 739 2806 transeundo
764 2741 805 2806 ad
823 2740 957 2806 eandem
983 2742 1114 2825 plagam
1138 2743 1232 2807 meri-

97 2847 260 2914 dionalem
286 2845 393 2912 eundo
418 2869 476 2932 per
501 2849 634 2931 longum
659 2850 822 2931 spacium,
849 2849 1032 2931 perveniret
1061 2847 1103 2914 ad
1134 2870 1233 2914 unam

98 2959 190 3036 riam,
216 2977 275 3039 per
301 2975 399 3037 quam
423 2955 525 3020 iretur
550 2955 590 3020 de
614 2956 691 3020 villa
716 2955 833 3021 Modor
859 2956 900 3021 ad
925 2955 1035 3021 villam
1060 2957 1179 3022 Bahun
1199 2963 1232 3022 et

99 3066 222 3130 reniret
238 3063 282 3129 ad
298 3085 397 3130 unam
413 3071 531 3130 metam
551 3066 728 3146 antiquam,
753 3066 841 3130 circa
867 3085 965 3146 quam
990 3065 1089 3130 aliam
1114 3071 1233 3130 metam

100 3182 240 3240 terream
257 3171 394 3238 donoro
419 3173 604 3251 erexissent,
621 3179 654 3238 et
670 3172 713 3238 ibi
731 3178 939 3257 separaretur
965 3173 1004 3238 de
1031 3174 1232 3256 possessione

101 3281 217 3358 Visita,
244 3286 279 3345 et
303 3279 422 3346 ibidem
447 3282 609 3364 incipiunt
639 3280 864 3347 distinctiones
889 3285 1048 3346 metarum
1064 3283 1235 3364 possessio·

103 3415 177 3458 num
192 3390 316 3457 Modor
331 3397 365 3456 et
379 3389 498 3456 Bahun
514 3397 714 3471 vocatarum3
730 3389 805 3455 inde
821 3390 884 3454 iret
899 3389 942 3454 ad
957 3389 1093 3455 eandem
1109 3395 1235 3472 partem

103 3498 345 3566 meridionalem
362 3497 518 3564 adunam
543 3499 668 3580 vallem,
694 3519 757 3579 qne
777 3504 909 3563 vocatur
925 3497 1117 3581 Halalwolg,
1143 3505 1175 3563 et
1191 3497 1235 3563 ibi

105 3631 199 3674 unam
214 3613 337 3673 metam
352 3613 493 3672 terream
518 3606 557 3670 de
573 3627 654 3672 noro
678 3607 864 3683 erexissent,
890 3612 923 3670 et
948 3605 992 3670 ibi
1017 3608 1236 3672 terminantur

106 3725 184 3784 mete
193 3717 407 3803 possessionis
415 3715 545 3795 Bahun,
563 3723 596 3782 et
605 3715 646 3781 ab
656 3716 768 3782 eadem
778 3720 864 3782 meta
874 3717 1035 3799 incipiunt
1054 3716 1236 3782 distinocio·

108 3849 157 3893 nes
166 3832 331 3892 metarum
347 3827 585 3910 possessionum
595 3825 713 3892 Modor
723 3830 757 3890 et
767 3823 904 3891 Ohanulr
922 3830 1127 3905 vocatarum
1143 3830 1177 3889 et
1192 3825 1237 3890 ibi

109 3935 288 4001 flecteretur
305 3933 348 3998 ad
363 3939 491 4018 partem
501 3933 738 3999 occidentalem
754 3940 787 3998 et
803 3933 848 3998 ibi
865 3933 1043 3998 erexissent
1058 3955 1157 3998 unam
1173 3955 1236 3998 me-

109 4051 171 4108 tam
185 4049 329 4108 terream
339 4040 379 4107 de
390 4065 488 4122 novo;
504 4041 620 4107 deinde
637 4049 783 4106 curreret
798 4041 840 4105 ad
856 4041 991 4106 eandem
1007 4047 1135 4124 partem
1151 4041 1233 4107 occi·

112 4151 268 4218 dentalem
283 4173 343 4237 per
358 4151 538 4236 planiciem,
553 4153 677 4216 veniret
692 4151 734 4216 ad
751 4172 848 4216 unam
874 4157 993 4216 metam
1019 4153 1187 4233 antiquam
1205 4157 1238 4217 et

113 4259 200 4325 iuxta
214 4259 352 4326 eandem
361 4260 460 4324 aliam
471 4265 591 4325 metam
601 4259 640 4324 de
651 4281 731 4325 noro
742 4261 937 4340 erexissent3
954 4259 1069 4324 deinde
1085 4262 1240 4326 transiret

114 4367 152 4432 ad
167 4367 301 4434 eandem
316 4372 443 4450 partem
463 4367 703 4446 occidentalem,
720 4369 843 4433 veniret
853 4368 895 4434 ad
907 4367 1072 4450 quandam
1087 4390 1239 4452 maguam

114 4476 200 4552 riam,
217 4473 462 4556 queveniretde
472 4475 550 4540 villa
560 4475 678 4540 Modor
693 4475 735 4540 ad
751 4474 862 4540 villam
878 4475 1025 4555 Chanulr,
1041 4477 1127 4542 circa
1141 4497 1240 4558 quam

114 4583 192 4646 riam
208 4590 293 4648 esset
308 4603 374 4646 una
389 4587 477 4647 meta
493 4584 639 4664 antiqua,
664 4589 697 4648 et
722 4585 814 4647 iuxta
840 4583 975 4649 eandem
1001 4583 1099 4649 aliam
1117 4591 1237 4650 metam

115 4695 247 4758 terream
273 4691 313 4758 de
338 4711 418 4758 novo
435 4693 629 4776 erexissent3
654 4691 770 4760 deinde
798 4693 862 4760 iret
886 4691 928 4762 ad
955 4691 1090 4762 eandem
1114 4698 1241 4782 partem
