3188 5470
324 486 387 543 326
675 499 860 544 sarousosr
877 483 1091 542 ouuiurrlu.

323 683 382 727 suo
400 667 433 726 et
448 660 587 744 predicti
605 660 685 724 cleri
702 662 751 726 sui
777 659 960 743 recipiente,
985 661 1113 723 nomine
1138 659 1313 741 supradicti
1340 658 1465 722 domini

322 769 423 853 legati
450 768 597 834 totaliter
622 767 799 834 liberamus
830 766 1024 832 absolvimus
1059 773 1092 832 et
1126 767 1298 850 quitamua
1330 767 1466 850 petendi

322 877 503 961 recipiendi
519 881 555 940 et
572 876 722 960 exigendi
738 875 898 941 residuam
920 876 1137 958 quantitatem
1156 881 1321 939 reservata
1335 873 1467 958 prefato

328 987 456 1051 domino
487 985 602 1068 legato
634 991 666 1050 et
690 987 755 1054 suis
780 981 1044 1068 procuratoribus
1075 981 1179 1046 libera
1210 981 1374 1064 facultate,
1399 1003 1468 1064 que

328 1094 498 1178 quantitas
515 1091 623 1158 soluta
648 1098 697 1158 est
722 1099 755 1157 et
779 1097 909 1175 recepta
939 1112 998 1174 pro
1023 1091 1128 1175 primo
1152 1096 1186 1155 et
1209 1091 1351 1174 presenti
1377 1111 1468 1155 anno

324 1202 501 1286 legacionis
517 1199 637 1285 prefati
653 1201 775 1266 domini
794 1200 901 1283 legati.
926 1200 967 1264 In
993 1220 1130 1282 quorum
1155 1199 1374 1264 testimonium
1390 1219 1469 1282 pre-

326 1316 434 1376 sentes
454 1309 566 1375 literas
592 1310 690 1376 scribi
715 1309 908 1374 mandamus
934 1316 967 1374 et
990 1315 1174 1374 nostrorum
1200 1309 1380 1392 sigillorum
1403 1309 1469 1372 im-

326 1418 492 1502 pressione
519 1419 649 1483 muniri.
673 1417 798 1483 Datum
830 1423 863 1481 et
893 1422 1002 1482 actum
1031 1415 1198 1500 strigonii,
1230 1435 1315 1480 anno
1339 1415 1468 1480 domini

325 1525 502 1592 Millesimo
513 1527 738 1592 trecentesimo
746 1525 992 1609 quadragesimo
1002 1545 1209 1605 nono,mense
1220 1523 1469 1608 Septembridie

327 1632 733 1718 XXVIII⁰,pontificatus
743 1632 865 1698 domini
876 1631 1052 1699 Clementis
1062 1653 1147 1716 pape
1157 1627 1464 1720 sextiJanuooctavo.

433 1797 564 1860 Paphon,
578 1800 704 1862 aszbveg
716 1798 812 1860 allyau
824 1798 873 1848 ket
887 1797 998 1848 viaszba
1011 1801 1140 1860 uyomott
1153 1795 1245 1860 pecset
1257 1795 1448 1846 tbredelreivel
1462 1815 1468 1860 ;

327 1886 462 1951 credetije
481 1902 514 1936 az
534 1901 602 1936 orsa
626 1888 657 1936 lt.
680 1883 780 1937 lrincst.
801 1893 868 1937 oszt.
890 1888 995 1938 Eccles.
1018 1886 1163 1950 4.3.dipl.
1179 1890 1340 1937 mattula.
1360 1885 1468 1935 Konli:

328 1977 437 2028 Koraos
451 1978 555 2028 N.-V.
570 1981 595 2027 ὃ.
608 1978 690 2058 Fejtr
704 1980 755 2042 Gy.
769 1980 787 2029 i.
801 1994 836 2028 rn.
851 1981 901 2028 IX.
918 1985 940 2030 1.
955 1983 1015 2030 689.
1029 1980 1047 2028 l.

816 2160 974 2170 ————-—-

331 2445 427 2508 1349.
445 2443 630 2520 Szearimre,
648 2455 701 2508 oct.
718 2447 748 2507 6.
775 2445 868 2508 Peter
884 2443 1004 2530 erdolpi
1020 2442 1152 2527 alrojda
1168 2468 1205 2507 aa
1222 2445 1341 2532 erdelyi
1356 2446 1471 2530 adpra-

334 2551 399 2615 laat
415 2551 555 2631 artoldi,
572 2553 651 2638 kopp
669 2551 759 2637 Aper·
777 2553 887 2616 Ietcda
904 2554 934 2616 aa
949 2553 1051 2618 Jdnos
1067 2551 1118 2630 fla
1145 2551 1263 2618 Mikros
1280 2553 1381 2616 lababit
1396 2577 1471 2638 epy-

336 2659 462 2738 rc'sarb'l,
489 2664 558 2722 racia
584 2658 699 2722 ricardi
723 2656 923 2739 Srinrlorflac'
937 2660 968 2722 e'o
986 2659 1107 2722 idroailc
1124 2658 1233 2738 kozctr,
1253 2661 1416 2725 Peaulnak
1433 2662 1469 2722 c's

532 2765 753 2852 Sadrozpatak
779 2775 859 2830 aerii
876 2766 1051 2830 birtokolrot
1067 2789 1170 2828 oozsao
1187 2789 1262 2852 cnop.

439 2977 445 2991 .
463 2978 469 2992 .
487 2927 630 3011 capitulo
656 2928 789 2993 ecclesie
817 2927 1046 2992 Transsilvane
1063 2978 1069 2992 .
1088 2978 1094 2992 .
1112 2930 1234 2995 Petrus
1251 2932 1471 3014 vioevoyvoda

329 3036 578 3102 Transsilvanus
595 3088 601 3100 .
618 3036 872 3101 .noveritvestre
883 3037 1088 3102 discrecionis
1106 3037 1263 3117 amicicia,
1285 3039 1374 3122 quod
1392 3062 1470 3104 cum

332 3145 519 3230 Stephanus
538 3143 624 3209 filius
640 3143 734 3227 Aper
759 3152 792 3210 et
807 3143 965 3210 Nicolaus
990 3144 1077 3210 filius
1093 3146 1257 3211 Johanuis
1287 3146 1346 3211 filii
1370 3145 1473 3230 Apor

331 3251 530 3337 Gregorium
540 3249 714 3317 Nicolaum
731 3259 763 3317 et
779 3252 805 3316 J
805 3252 940 3318 acobum
956 3252 1038 3318 filios
1055 3251 1194 3332 Sandur,
1210 3255 1346 3319 Petrum
1362 3253 1472 3319 filium

330 3362 505 3452 «Iohannis,
521 3359 712 3425 Ladislaum
729 3359 833 3424 filium
851 3358 1010 3442 Stephani
1026 3359 1084 3424 filii
1101 3361 1235 3444 Paulus,
1254 3359 1280 3425 J
1281 3361 1418 3426 acobum
1436 3371 1474 3427 et

330 3472 467 3535 Petrum
483 3469 565 3534 filios
583 3467 740 3551 Stephani
758 3469 836 3534 dicti
851 3467 951 3550 Fejer
966 3469 1000 3533 in
1011 3469 1098 3534 iacto
1115 3470 1280 3534 divisionis
1296 3471 1473 3552 possessio

330 3599 409 3643 num
427 3577 594 3642 Pesulnulr
612 3583 645 3642 et
660 3577 886 3660 Zarrazpatalr
906 3583 1092 3642 vocatarum
1110 3576 1152 3642 ad
1168 3585 1312 3642 nostram
1338 3597 1473 3659 presen-

332 3686 415 3750 ciam
432 3687 467 3750 in
481 3707 611 3750 causam
621 3686 766 3769 legitime
782 3685 1003 3766 attraxissent,
1018 3685 1150 3750 tandem
1160 3685 1257 3749 iidem
1266 3684 1326 3750 filii
1336 3684 1475 3753 Sandur

331 3799 365 3858 et
382 3814 493 3858 eorum
509 3793 648 3876 proximi
664 3793 728 3858 iam
744 3793 857 3873 notati,
874 3815 946 3858 cum
962 3792 1082 3857 eisdem
1099 3791 1265 3875 Stephano
1288 3792 1356 3857 filio
1372 3792 1476 3875 Apor-

331 3909 364 3966 et
379 3899 503 3967 Nicola
518 3900 585 3966 filio
601 3900 763 3967 Johannis
787 3902 892 3984 ipsam
917 3901 1105 3966 divisionem
1131 3899 1418 3983 possessionariam
1437 3923 1477 3966 se

331 4009 412 4074 velle
428 4008 536 4074 facere
553 4030 661 4073 coram
685 4009 777 4074 nobis
803 4009 1026 4088 affirmarunt3
1049 4029 1147 4093 super
1172 4027 1236 4088 quo
1260 4007 1477 4073 discrecionis

331 4117 512 4182 amiciciam
529 4117 734 4202 presentibus
751 4118 945 4200 requirimus
956 4116 1137 4200 diligenter,
1149 4121 1308 4199 quatenus
1324 4121 1477 4180 vestrum

332 4225 470 4290 mittatis
495 4225 658 4290 hominem
677 4247 736 4309 pro
752 4224 935 4289 testimonio
956 4223 1163 4308 fidedignum,
1189 4245 1298 4288 coram
1314 4245 1378 4307 quo
1395 4223 1478 4290 Ste-

332 4334 458 4418 phanus
474 4333 559 4399 filius
575 4333 722 4399 Ladislai
747 4335 842 4400 homo
868 4341 987 4411 noster,
1011 4335 1115 4417 ipsam
1140 4333 1328 4398 divisionem
1344 4332 1378 4395 in
1394 4355 1479 4415 pre-

332 4443 428 4508 dictis
453 4442 708 4527 possessionibus
733 4442 904 4508 Pusulnuk
923 4447 956 4507 et
971 4442 1196 4526 Zarrazpatalr
1219 4442 1349 4516 vocatis,
1373 4442 1482 4507 iuxta

333 4549 425 4633 regni
459 4549 719 4614 consuetudinem
744 4549 935 4615 celebrando
961 4549 1066 4614 facere
1093 4555 1252 4627 teneatur,
1282 4547 1481 4632 porcionem

333 4657 518 4726 eorumdem
543 4656 701 4743 Stephani
727 4664 759 4724 et
784 4656 913 4724 Nicolai
938 4657 1015 4744 ipsis
1041 4656 1204 4743 possidere
1229 4655 1482 4741 perpetualiter
