<?xml version="1.0" encoding="UTF-8"?>
<!DOCTYPE html PUBLIC "-//W3C//DTD XHTML 1.0 Transitional//EN"
    "http://www.w3.org/TR/xhtml1/DTD/xhtml1-transitional.dtd">
<html xmlns="http://www.w3.org/1999/xhtml" xml:lang="en" lang="en">
 <head>
  <title>
</title>
<meta http-equiv="Content-Type" content="text/html;charset=utf-8" />
  <meta name='ocr-system' content='tesseract 3.04.00' />
  <meta name='ocr-capabilities' content='ocr_page ocr_carea ocr_par ocr_line ocrx_word'/>
</head>
<body>
  <div class='ocr_page' id='page_1' title='image "./codexdiplomatic06nagygoog_0079.png"; bbox 0 0 3226 5462; ppageno 0'>
   <div class='ocr_carea' id='block_1_1' title="bbox 392 453 1164 514">
    <p class='ocr_par' dir='ltr' id='par_1_1' title="bbox 392 453 1164 514">
     <span class='ocr_line' id='line_1_1' title="bbox 392 453 1164 514; baseline 0.003 -2"><span class='ocrx_word' id='word_1_1' title='bbox 392 453 433 512; x_wconf 88' lang='grc'><strong>66</strong></span> <span class='ocrx_word' id='word_1_2' title='bbox 745 465 932 512; x_wconf 76' lang='lat' dir='ltr'><strong>nrrounoar</strong></span> <span class='ocrx_word' id='word_1_3' title='bbox 949 453 1164 514; x_wconf 78' lang='lat' dir='ltr'><strong>onulsrrln.</strong></span> 
     </span>
    </p>
   </div>
   <div class='ocr_carea' id='block_1_2' title="bbox 287 627 1597 3320">
    <p class='ocr_par' dir='ltr' id='par_1_2' title="bbox 287 627 1597 3320">
     <span class='ocr_line' id='line_1_2' title="bbox 388 627 1518 716; baseline -0.003 -19"><span class='ocrx_word' id='word_1_4' title='bbox 388 633 485 716; x_wconf 83' lang='lat' dir='ltr'>sique</span> <span class='ocrx_word' id='word_1_5' title='bbox 498 628 643 713; x_wconf 88' lang='lat' dir='ltr'><strong>parcium</strong></span> <span class='ocrx_word' id='word_1_6' title='bbox 653 627 823 711; x_wconf 77' lang='lat' dir='ltr'><strong>quitquam</strong></span> <span class='ocrx_word' id='word_1_7' title='bbox 832 627 958 694; x_wconf 89' lang='lat' dir='ltr'><strong>obicere</strong></span> <span class='ocrx_word' id='word_1_8' title='bbox 967 629 1055 694; x_wconf 83' lang='lat' dir='ltr'><strong>valet</strong></span> <span class='ocrx_word' id='word_1_9' title='bbox 1064 635 1177 696; x_wconf 90' lang='lat' dir='ltr'><strong>contra</strong></span> <span class='ocrx_word' id='word_1_10' title='bbox 1186 630 1343 714; x_wconf 87' lang='lat' dir='ltr'><strong>producta</strong></span> <span class='ocrx_word' id='word_1_11' title='bbox 1353 632 1518 713; x_wconf 86' lang='lat' dir='ltr'><strong>utriusque</strong></span> 
     </span>
     <span class='ocr_line' id='line_1_3' title="bbox 390 721 1521 825; baseline -0.002 -19"><span class='ocrx_word' id='word_1_12' title='bbox 390 738 537 825; x_wconf 91' lang='lat' dir='ltr'><strong>partibus</strong></span> <span class='ocrx_word' id='word_1_13' title='bbox 555 733 636 822; x_wconf 85' lang='lat' dir='ltr'><strong>(lgy)</strong></span> <span class='ocrx_word' id='word_1_14' title='bbox 645 721 913 821; x_wconf 88' lang='lat' dir='ltr'><strong>producoionibus</strong></span> <span class='ocrx_word' id='word_1_15' title='bbox 929 743 962 802; x_wconf 83' lang='lat' dir='ltr'><strong>et</strong></span> <span class='ocrx_word' id='word_1_16' title='bbox 978 738 1222 822; x_wconf 88' lang='lat' dir='ltr'><strong>excepcionibus</strong></span> <span class='ocrx_word' id='word_1_17' title='bbox 1239 760 1387 824; x_wconf 84' lang='lat' dir='ltr'><strong>expresse</strong></span> <span class='ocrx_word' id='word_1_18' title='bbox 1406 763 1521 805; x_wconf 90' lang='lat' dir='ltr'><strong>renun-</strong></span> 
     </span>
     <span class='ocr_line' id='line_1_4' title="bbox 388 845 1520 933; baseline -0.004 -18"><span class='ocrx_word' id='word_1_19' title='bbox 388 847 549 916; x_wconf 89' lang='lat' dir='ltr'><strong>ciantibus</strong></span> <span class='ocrx_word' id='word_1_20' title='bbox 573 847 630 910; x_wconf 92' lang='lat' dir='ltr'><strong>sed</strong></span> <span class='ocrx_word' id='word_1_21' title='bbox 651 867 726 912; x_wconf 91' lang='lat' dir='ltr'><strong>oum</strong></span> <span class='ocrx_word' id='word_1_22' title='bbox 751 845 911 912; x_wconf 78' lang='lat' dir='ltr'>instancia</span> <span class='ocrx_word' id='word_1_23' title='bbox 936 846 1100 912; x_wconf 90' lang='lat' dir='ltr'><strong>humiliter</strong></span> <span class='ocrx_word' id='word_1_24' title='bbox 1117 846 1374 933; x_wconf 79' lang='lat' dir='ltr'><strong>supplicantibus</strong></span> <span class='ocrx_word' id='word_1_25' title='bbox 1393 854 1429 914; x_wconf 86' lang='lat' dir='ltr'><strong>ut</strong></span> <span class='ocrx_word' id='word_1_26' title='bbox 1446 849 1520 912; x_wconf 83' lang='lat' dir='ltr'><strong>visis</strong></span> 
     </span>
     <span class='ocr_line' id='line_1_5' title="bbox 389 957 1520 1042; baseline 0 -20"><span class='ocrx_word' id='word_1_27' title='bbox 389 957 541 1023; x_wconf 84' lang='lat' dir='ltr'><strong>discussis</strong></span> <span class='ocrx_word' id='word_1_28' title='bbox 551 963 583 1022; x_wconf 90' lang='lat' dir='ltr'><strong>et</strong></span> <span class='ocrx_word' id='word_1_29' title='bbox 593 957 767 1040; x_wconf 78' lang='lat' dir='ltr'><strong>diligenter</strong></span> <span class='ocrx_word' id='word_1_30' title='bbox 783 957 975 1022; x_wconf 88' lang='lat' dir='ltr'><strong>examinatis</strong></span> <span class='ocrx_word' id='word_1_31' title='bbox 986 957 1107 1023; x_wconf 87' lang='lat' dir='ltr'><strong>eisdem</strong></span> <span class='ocrx_word' id='word_1_32' title='bbox 1123 957 1236 1036; x_wconf 92' lang='lat' dir='ltr'><strong>literis,</strong></span> <span class='ocrx_word' id='word_1_33' title='bbox 1253 959 1431 1042; x_wconf 77' lang='lat' dir='ltr'><strong>predictam</strong></span> <span class='ocrx_word' id='word_1_34' title='bbox 1447 981 1520 1024; x_wconf 88' lang='lat' dir='ltr'><strong>cau-</strong></span> 
     </span>
     <span class='ocr_line' id='line_1_6' title="bbox 391 1065 1517 1148; baseline -0.002 -15"><span class='ocrx_word' id='word_1_35' title='bbox 391 1089 461 1133; x_wconf 84' lang='lat' dir='ltr'><strong>sam</strong></span> <span class='ocrx_word' id='word_1_36' title='bbox 476 1065 618 1131; x_wconf 87' lang='lat' dir='ltr'><strong>finaliter</strong></span> <span class='ocrx_word' id='word_1_37' title='bbox 642 1066 870 1132; x_wconf 86' lang='lat' dir='ltr'><strong>decideremus.</strong></span> <span class='ocrx_word' id='word_1_38' title='bbox 894 1065 965 1132; x_wconf 88' lang='lat' dir='ltr'><strong>Nos</strong></span> <span class='ocrx_word' id='word_1_39' title='bbox 990 1067 1091 1148; x_wconf 85' lang='lat' dir='ltr'><strong>igitur</strong></span> <span class='ocrx_word' id='word_1_40' title='bbox 1117 1069 1220 1134; x_wconf 90' lang='lat' dir='ltr'><strong>literis</strong></span> <span class='ocrx_word' id='word_1_41' title='bbox 1245 1068 1365 1133; x_wconf 89' lang='lat' dir='ltr'><strong>eisdem</strong></span> <span class='ocrx_word' id='word_1_42' title='bbox 1382 1069 1517 1145; x_wconf 87' lang='lat' dir='ltr'><strong>rimatis,</strong></span> 
     </span>
     <span class='ocr_line' id='line_1_7' title="bbox 389 1173 1523 1260; baseline 0 -20"><span class='ocrx_word' id='word_1_43' title='bbox 389 1197 461 1240; x_wconf 90' lang='lat' dir='ltr'><strong>oum</strong></span> <span class='ocrx_word' id='word_1_44' title='bbox 493 1174 653 1241; x_wconf 89' lang='lat' dir='ltr'><strong>nobilibus</strong></span> <span class='ocrx_word' id='word_1_45' title='bbox 691 1173 836 1259; x_wconf 91' lang='lat' dir='ltr'><strong>pluribus</strong></span> <span class='ocrx_word' id='word_1_46' title='bbox 877 1181 963 1240; x_wconf 92' lang='lat' dir='ltr'><strong>terre</strong></span> <span class='ocrx_word' id='word_1_47' title='bbox 994 1174 1215 1260; x_wconf 80' lang='lat' dir='ltr'><strong>Scepusiensis</strong></span> <span class='ocrx_word' id='word_1_48' title='bbox 1246 1199 1284 1242; x_wconf 88' lang='lat' dir='ltr'><strong>ac</strong></span> <span class='ocrx_word' id='word_1_49' title='bbox 1316 1178 1392 1242; x_wconf 85' lang='lat' dir='ltr'><strong>viris</strong></span> <span class='ocrx_word' id='word_1_50' title='bbox 1426 1175 1523 1242; x_wconf 86' lang='lat' dir='ltr'><strong>ecole-</strong></span> 
     </span>
     <span class='ocr_line' id='line_1_8' title="bbox 395 1283 1521 1369; baseline 0.001 -21"><span class='ocrx_word' id='word_1_51' title='bbox 395 1284 535 1348; x_wconf 87' lang='lat' dir='ltr'><strong>siasticis</strong></span> <span class='ocrx_word' id='word_1_52' title='bbox 551 1283 643 1348; x_wconf 91' lang='lat' dir='ltr'><strong>nobis</strong></span> <span class='ocrx_word' id='word_1_53' title='bbox 660 1283 693 1348; x_wconf 93' lang='lat' dir='ltr'><strong>in</strong></span> <span class='ocrx_word' id='word_1_54' title='bbox 709 1284 826 1349; x_wconf 91' lang='lat' dir='ltr'><strong>iudicio</strong></span> <span class='ocrx_word' id='word_1_55' title='bbox 842 1283 1099 1363; x_wconf 68' lang='lat' dir='ltr'><strong>consedentibus</strong></span> <span class='ocrx_word' id='word_1_56' title='bbox 1116 1291 1184 1350; x_wconf 88' lang='lat' dir='ltr'><strong>tam</strong></span> <span class='ocrx_word' id='word_1_57' title='bbox 1210 1307 1268 1368; x_wconf 92' lang='lat' dir='ltr'><strong>pro</strong></span> <span class='ocrx_word' id='word_1_58' title='bbox 1285 1306 1322 1350; x_wconf 89' lang='lat' dir='ltr'><strong>eo</strong></span> <span class='ocrx_word' id='word_1_59' title='bbox 1339 1284 1426 1369; x_wconf 93' lang='lat' dir='ltr'><strong>quod</strong></span> <span class='ocrx_word' id='word_1_60' title='bbox 1441 1285 1521 1350; x_wconf 83' lang='lat' dir='ltr'><strong>Belo</strong></span> 
     </span>
     <span class='ocr_line' id='line_1_9' title="bbox 391 1389 1521 1476; baseline 0.001 -21"><span class='ocrx_word' id='word_1_61' title='bbox 391 1392 469 1457; x_wconf 85' lang='lat' dir='ltr'><strong>data</strong></span> <span class='ocrx_word' id='word_1_62' title='bbox 484 1391 676 1474; x_wconf 82' lang='lat' dir='ltr'><strong>precedebat</strong></span> <span class='ocrx_word' id='word_1_63' title='bbox 685 1392 719 1455; x_wconf 95' lang='lat' dir='ltr'><strong>in</strong></span> <span class='ocrx_word' id='word_1_64' title='bbox 729 1391 839 1456; x_wconf 87' lang='lat' dir='ltr'><strong>decem</strong></span> <span class='ocrx_word' id='word_1_65' title='bbox 848 1391 942 1456; x_wconf 90' lang='lat' dir='ltr'><strong>annis</strong></span> <span class='ocrx_word' id='word_1_66' title='bbox 952 1389 1174 1456; x_wconf 88' lang='lat' dir='ltr'><strong>concambium</strong></span> <span class='ocrx_word' id='word_1_67' title='bbox 1184 1411 1240 1456; x_wconf 90' lang='lat' dir='ltr'><strong>seu</strong></span> <span class='ocrx_word' id='word_1_68' title='bbox 1249 1393 1521 1476; x_wconf 83' lang='lat' dir='ltr'><strong>permutacionem</strong></span> 
     </span>
     <span class='ocr_line' id='line_1_10' title="bbox 390 1501 1521 1588; baseline -0.004 -21"><span class='ocrx_word' id='word_1_69' title='bbox 390 1501 511 1568; x_wconf 85' lang='lat' dir='ltr'><strong>factam</strong></span> <span class='ocrx_word' id='word_1_70' title='bbox 535 1523 593 1588; x_wconf 91' lang='lat' dir='ltr'><strong>per</strong></span> <span class='ocrx_word' id='word_1_71' title='bbox 618 1501 818 1585; x_wconf 78' lang='lat' dir='ltr'><strong>Stephanum</strong></span> <span class='ocrx_word' id='word_1_72' title='bbox 846 1521 955 1585; x_wconf 86' lang='lat' dir='ltr'><strong>regem</strong></span> <span class='ocrx_word' id='word_1_73' title='bbox 980 1522 1052 1566; x_wconf 89' lang='lat' dir='ltr'><strong>cum</strong></span> <span class='ocrx_word' id='word_1_74' title='bbox 1076 1501 1205 1584; x_wconf 83' lang='lat' dir='ltr'><strong>Phyacz</strong></span> <span class='ocrx_word' id='word_1_75' title='bbox 1222 1501 1279 1584; x_wconf 90' lang='lat' dir='ltr'><strong>qui</strong></span> <span class='ocrx_word' id='word_1_76' title='bbox 1304 1523 1382 1566; x_wconf 86' lang='lat' dir='ltr'><strong>avus</strong></span> <span class='ocrx_word' id='word_1_77' title='bbox 1399 1501 1521 1567; x_wconf 88' lang='lat' dir='ltr'><strong>exstitit</strong></span> 
     </span>
     <span class='ocr_line' id='line_1_11' title="bbox 391 1608 1522 1693; baseline -0.005 -17"><span class='ocrx_word' id='word_1_78' title='bbox 391 1611 518 1676; x_wconf 87' lang='lat' dir='ltr'><strong>domine</strong></span> <span class='ocrx_word' id='word_1_79' title='bbox 537 1609 714 1677; x_wconf 84' lang='lat' dir='ltr'><strong>Scelestice</strong></span> <span class='ocrx_word' id='word_1_80' title='bbox 724 1609 878 1693; x_wconf 82' lang='lat' dir='ltr'><strong>predicte,</strong></span> <span class='ocrx_word' id='word_1_81' title='bbox 895 1615 963 1673; x_wconf 89' lang='lat' dir='ltr'><strong>tam</strong></span> <span class='ocrx_word' id='word_1_82' title='bbox 983 1609 1085 1673; x_wconf 87' lang='lat' dir='ltr'><strong>eciam</strong></span> <span class='ocrx_word' id='word_1_83' title='bbox 1095 1629 1134 1672; x_wconf 85' lang='lat' dir='ltr'><strong>ex</strong></span> <span class='ocrx_word' id='word_1_84' title='bbox 1145 1629 1181 1672; x_wconf 94' lang='lat' dir='ltr'><strong>eo</strong></span> <span class='ocrx_word' id='word_1_85' title='bbox 1197 1609 1283 1691; x_wconf 91' lang='lat' dir='ltr'><strong>quod</strong></span> <span class='ocrx_word' id='word_1_86' title='bbox 1299 1608 1415 1674; x_wconf 88' lang='lat' dir='ltr'><strong>docere</strong></span> <span class='ocrx_word' id='word_1_87' title='bbox 1430 1629 1522 1673; x_wconf 82' lang='lat' dir='ltr'><strong>avum</strong></span> 
     </span>
     <span class='ocr_line' id='line_1_12' title="bbox 391 1716 1522 1800; baseline -0.004 -16"><span class='ocrx_word' id='word_1_88' title='bbox 391 1725 423 1784; x_wconf 89' lang='lat' dir='ltr'><strong>et</strong></span> <span class='ocrx_word' id='word_1_89' title='bbox 438 1719 500 1785; x_wconf 89' lang='lat' dir='ltr'><strong>sibi</strong></span> <span class='ocrx_word' id='word_1_90' title='bbox 517 1719 694 1784; x_wconf 82' lang='lat' dir='ltr'><strong>attinentes</strong></span> <span class='ocrx_word' id='word_1_91' title='bbox 710 1719 744 1782; x_wconf 94' lang='lat' dir='ltr'><strong>in</strong></span> <span class='ocrx_word' id='word_1_92' title='bbox 759 1717 894 1800; x_wconf 87' lang='lat' dir='ltr'><strong>pacifica</strong></span> <span class='ocrx_word' id='word_1_93' title='bbox 909 1717 1109 1800; x_wconf 87' lang='lat' dir='ltr'><strong>possessione</strong></span> <span class='ocrx_word' id='word_1_94' title='bbox 1129 1739 1195 1782; x_wconf 90' lang='lat' dir='ltr'><strong>nou</strong></span> <span class='ocrx_word' id='word_1_95' title='bbox 1219 1719 1327 1800; x_wconf 87' lang='lat' dir='ltr'><strong>potuit</strong></span> <span class='ocrx_word' id='word_1_96' title='bbox 1351 1716 1450 1782; x_wconf 87' lang='lat' dir='ltr'><strong>fuisse</strong></span> <span class='ocrx_word' id='word_1_97' title='bbox 1466 1737 1522 1780; x_wconf 85' lang='lat' dir='ltr'><strong>nec</strong></span> 
     </span>
     <span class='ocr_line' id='line_1_13' title="bbox 287 1825 1521 1908; baseline -0.004 -16"><span class='ocrx_word' id='word_1_98' title='bbox 287 1881 291 1886; x_wconf 94' lang='lat'><em>.</em></span> <span class='ocrx_word' id='word_1_99' title='bbox 390 1827 532 1894; x_wconf 89' lang='lat' dir='ltr'><strong>humano</strong></span> <span class='ocrx_word' id='word_1_100' title='bbox 558 1827 743 1891; x_wconf 86' lang='lat' dir='ltr'><strong>testimonio</strong></span> <span class='ocrx_word' id='word_1_101' title='bbox 768 1847 827 1889; x_wconf 88' lang='lat' dir='ltr'><strong>nec</strong></span> <span class='ocrx_word' id='word_1_102' title='bbox 851 1827 953 1890; x_wconf 86' lang='lat' dir='ltr'><strong>eciam</strong></span> <span class='ocrx_word' id='word_1_103' title='bbox 977 1825 1081 1891; x_wconf 88' lang='lat' dir='ltr'><strong>literis</strong></span> <span class='ocrx_word' id='word_1_104' title='bbox 1098 1825 1378 1908; x_wconf 86' lang='lat' dir='ltr'><strong>testimonialibus,</strong></span> <span class='ocrx_word' id='word_1_105' title='bbox 1405 1845 1462 1889; x_wconf 88' lang='lat' dir='ltr'><strong>nec</strong></span> <span class='ocrx_word' id='word_1_106' title='bbox 1489 1825 1521 1890; x_wconf 94' lang='lat' dir='ltr'><strong>in</strong></span> 
     </span>
     <span class='ocr_line' id='line_1_14' title="bbox 391 1934 1520 2019; baseline -0.004 -19"><span class='ocrx_word' id='word_1_107' title='bbox 391 1935 571 2001; x_wconf 89' lang='lat' dir='ltr'><strong>statncione</strong></span> <span class='ocrx_word' id='word_1_108' title='bbox 604 1935 689 2000; x_wconf 90' lang='lat' dir='ltr'><strong>dicte</strong></span> <span class='ocrx_word' id='word_1_109' title='bbox 733 1935 940 2017; x_wconf 90' lang='lat' dir='ltr'><strong>possessionis</strong></span> <span class='ocrx_word' id='word_1_110' title='bbox 975 1935 1136 2019; x_wconf 85' lang='lat' dir='ltr'><strong>Redyoloz</strong></span> <span class='ocrx_word' id='word_1_111' title='bbox 1177 1934 1280 1998; x_wconf 90' lang='lat' dir='ltr'><strong>eidem</strong></span> <span class='ocrx_word' id='word_1_112' title='bbox 1306 1934 1446 1998; x_wconf 89' lang='lat' dir='ltr'><strong>Hannua</strong></span> <span class='ocrx_word' id='word_1_113' title='bbox 1483 1953 1520 1997; x_wconf 88' lang='lat' dir='ltr'><strong>ac</strong></span> 
     </span>
     <span class='ocr_line' id='line_1_15' title="bbox 391 2041 1520 2121; baseline -0.005 -12"><span class='ocrx_word' id='word_1_114' title='bbox 391 2045 467 2110; x_wconf 92' lang='lat' dir='ltr'><strong>filiis</strong></span> <span class='ocrx_word' id='word_1_115' title='bbox 477 2043 619 2108; x_wconf 90' lang='lat' dir='ltr'><strong>eiusdem</strong></span> <span class='ocrx_word' id='word_1_116' title='bbox 635 2041 801 2107; x_wconf 86' lang='lat' dir='ltr'><strong>obstaculo</strong></span> <span class='ocrx_word' id='word_1_117' title='bbox 812 2041 1080 2108; x_wconf 87' lang='lat' dir='ltr'><strong>contradiccionis</strong></span> <span class='ocrx_word' id='word_1_118' title='bbox 1090 2041 1243 2121; x_wconf 80' lang='lat' dir='ltr'><strong>obviasse,</strong></span> <span class='ocrx_word' id='word_1_119' title='bbox 1253 2042 1366 2108; x_wconf 88' lang='lat' dir='ltr'><strong>habito</strong></span> <span class='ocrx_word' id='word_1_120' title='bbox 1378 2047 1520 2106; x_wconf 84' lang='lat' dir='ltr'><strong>tractatu</strong></span> 
     </span>
     <span class='ocr_line' id='line_1_16' title="bbox 392 2148 1522 2236; baseline -0.004 -19"><span class='ocrx_word' id='word_1_121' title='bbox 392 2151 539 2235; x_wconf 83' lang='lat' dir='ltr'><strong>diligenti</strong></span> <span class='ocrx_word' id='word_1_122' title='bbox 555 2148 678 2216; x_wconf 78' lang='lat' dir='ltr'><strong>Christi</strong></span> <span class='ocrx_word' id='word_1_123' title='bbox 694 2151 821 2215; x_wconf 90' lang='lat' dir='ltr'><strong>nomine</strong></span> <span class='ocrx_word' id='word_1_124' title='bbox 837 2151 985 2216; x_wconf 81' lang='lat' dir='ltr'><strong>invocato</strong></span> <span class='ocrx_word' id='word_1_125' title='bbox 1011 2151 1250 2222; x_wconf 80' lang='lat' dir='ltr'><strong>sentencialiter</strong></span> <span class='ocrx_word' id='word_1_126' title='bbox 1272 2151 1522 2236; x_wconf 87' lang='lat' dir='ltr'><strong>pronunciamus</strong></span> 
     </span>
     <span class='ocr_line' id='line_1_17' title="bbox 394 2259 1522 2345; baseline -0.005 -19"><span class='ocrx_word' id='word_1_127' title='bbox 394 2267 427 2326; x_wconf 91' lang='lat' dir='ltr'><strong>et</strong></span> <span class='ocrx_word' id='word_1_128' title='bbox 442 2260 664 2326; x_wconf 88' lang='lat' dir='ltr'><strong>adiudieamus</strong></span> <span class='ocrx_word' id='word_1_129' title='bbox 689 2259 828 2324; x_wconf 87' lang='lat' dir='ltr'><strong>indicta</strong></span> <span class='ocrx_word' id='word_1_130' title='bbox 854 2261 1053 2342; x_wconf 89' lang='lat' dir='ltr'><strong>possessione</strong></span> <span class='ocrx_word' id='word_1_131' title='bbox 1078 2259 1239 2345; x_wconf 82' lang='lat' dir='ltr'><strong>Redyolen</strong></span> <span class='ocrx_word' id='word_1_132' title='bbox 1265 2261 1369 2326; x_wconf 90' lang='lat' dir='ltr'><strong>eidem</strong></span> <span class='ocrx_word' id='word_1_133' title='bbox 1397 2260 1522 2324; x_wconf 82' lang='lat' dir='ltr'><strong>domine</strong></span> 
     </span>
     <span class='ocr_line' id='line_1_18' title="bbox 393 2366 1520 2450; baseline -0.005 -15"><span class='ocrx_word' id='word_1_134' title='bbox 393 2368 570 2436; x_wconf 88' lang='lat' dir='ltr'><strong>Scolostice</strong></span> <span class='ocrx_word' id='word_1_135' title='bbox 595 2374 746 2450; x_wconf 87' lang='lat' dir='ltr'><strong>quartam</strong></span> <span class='ocrx_word' id='word_1_136' title='bbox 770 2366 904 2433; x_wconf 84' lang='lat' dir='ltr'><strong>filialem</strong></span> <span class='ocrx_word' id='word_1_137' title='bbox 929 2386 993 2433; x_wconf 93' lang='lat' dir='ltr'><strong>non</strong></span> <span class='ocrx_word' id='word_1_138' title='bbox 1018 2367 1128 2434; x_wconf 85' lang='lat' dir='ltr'><strong>deberi</strong></span> <span class='ocrx_word' id='word_1_139' title='bbox 1154 2390 1213 2433; x_wconf 86' lang='lat' dir='ltr'><strong>nee</strong></span> <span class='ocrx_word' id='word_1_140' title='bbox 1229 2369 1368 2450; x_wconf 89' lang='lat' dir='ltr'><strong>amplius</strong></span> <span class='ocrx_word' id='word_1_141' title='bbox 1386 2388 1455 2432; x_wconf 88' lang='lat' dir='ltr'><strong>eam</strong></span> <span class='ocrx_word' id='word_1_142' title='bbox 1473 2367 1520 2430; x_wconf 80' lang='lat' dir='ltr'><strong>vel</strong></span> 
     </span>
     <span class='ocr_line' id='line_1_19' title="bbox 393 2469 1597 2561; baseline -0.003 -19"><span class='ocrx_word' id='word_1_143' title='bbox 393 2479 526 2543; x_wconf 91' lang='lat' dir='ltr'><strong>heredes</strong></span> <span class='ocrx_word' id='word_1_144' title='bbox 543 2477 760 2560; x_wconf 89' lang='lat' dir='ltr'><strong>heredumque</strong></span> <span class='ocrx_word' id='word_1_145' title='bbox 776 2497 974 2542; x_wconf 88' lang='lat' dir='ltr'><strong>successores</strong></span> <span class='ocrx_word' id='word_1_146' title='bbox 1000 2499 1093 2561; x_wconf 89' lang='lat' dir='ltr'><strong>posse</strong></span> <span class='ocrx_word' id='word_1_147' title='bbox 1113 2479 1273 2560; x_wconf 87' lang='lat' dir='ltr'><strong>impetere</strong></span> <span class='ocrx_word' id='word_1_148' title='bbox 1299 2477 1427 2542; x_wconf 88' lang='lat' dir='ltr'><strong>eosdem</strong></span> <span class='ocrx_word' id='word_1_149' title='bbox 1443 2475 1523 2540; x_wconf 86' lang='lat' dir='ltr'><strong>filios</strong></span> <span class='ocrx_word' id='word_1_150' title='bbox 1596 2469 1597 2546; x_wconf 79' lang='lat' dir='ltr'><strong>l</strong></span> 
     </span>
     <span class='ocr_line' id='line_1_20' title="bbox 392 2581 1520 2668; baseline -0.001 -19"><span class='ocrx_word' id='word_1_151' title='bbox 392 2585 533 2650; x_wconf 90' lang='lat' dir='ltr'><strong>Hannus</strong></span> <span class='ocrx_word' id='word_1_152' title='bbox 549 2605 723 2668; x_wconf 89' lang='lat' dir='ltr'><strong>eorumque</strong></span> <span class='ocrx_word' id='word_1_153' title='bbox 740 2605 938 2651; x_wconf 87' lang='lat' dir='ltr'><strong>successores</strong></span> <span class='ocrx_word' id='word_1_154' title='bbox 951 2585 1080 2650; x_wconf 85' lang='lat' dir='ltr'><strong>racione</strong></span> <span class='ocrx_word' id='word_1_155' title='bbox 1097 2591 1211 2668; x_wconf 87' lang='lat' dir='ltr'><strong>quarte</strong></span> <span class='ocrx_word' id='word_1_156' title='bbox 1222 2581 1332 2648; x_wconf 87' lang='lat' dir='ltr'><strong>filialis</strong></span> <span class='ocrx_word' id='word_1_157' title='bbox 1342 2589 1520 2667; x_wconf 75' lang='lat' dir='ltr'><strong>prenotate,</strong></span> 
     </span>
     <span class='ocr_line' id='line_1_21' title="bbox 393 2692 1523 2776; baseline -0.002 -18"><span class='ocrx_word' id='word_1_158' title='bbox 393 2694 496 2758; x_wconf 89' lang='lat' dir='ltr'><strong>eidem</strong></span> <span class='ocrx_word' id='word_1_159' title='bbox 512 2693 638 2760; x_wconf 90' lang='lat' dir='ltr'><strong>domine</strong></span> <span class='ocrx_word' id='word_1_160' title='bbox 655 2699 688 2758; x_wconf 87' lang='lat' dir='ltr'><strong>et</strong></span> <span class='ocrx_word' id='word_1_161' title='bbox 703 2692 765 2758; x_wconf 90' lang='lat' dir='ltr'><strong>sibi</strong></span> <span class='ocrx_word' id='word_1_162' title='bbox 790 2692 1034 2759; x_wconf 85' lang='lat' dir='ltr'><strong>succedentibus</strong></span> <span class='ocrx_word' id='word_1_163' title='bbox 1060 2692 1119 2758; x_wconf 93' lang='lat' dir='ltr'><strong>sub</strong></span> <span class='ocrx_word' id='word_1_164' title='bbox 1145 2692 1295 2776; x_wconf 87' lang='lat' dir='ltr'><strong>ampliori</strong></span> <span class='ocrx_word' id='word_1_165' title='bbox 1320 2692 1523 2776; x_wconf 86' lang='lat' dir='ltr'><strong>impeticione</strong></span> 
     </span>
     <span class='ocr_line' id='line_1_22' title="bbox 392 2801 1521 2886; baseline -0.003 -20"><span class='ocrx_word' id='word_1_166' title='bbox 392 2809 583 2886; x_wconf 89' lang='lat' dir='ltr'><strong>perpetuum</strong></span> <span class='ocrx_word' id='word_1_167' title='bbox 593 2802 761 2867; x_wconf 89' lang='lat' dir='ltr'><strong>silencium</strong></span> <span class='ocrx_word' id='word_1_168' title='bbox 771 2801 989 2886; x_wconf 90' lang='lat' dir='ltr'><strong>imponendo..</strong></span> <span class='ocrx_word' id='word_1_169' title='bbox 1006 2801 1130 2866; x_wconf 90' lang='lat' dir='ltr'><strong>Datum</strong></span> <span class='ocrx_word' id='word_1_170' title='bbox 1147 2801 1234 2885; x_wconf 89' lang='lat' dir='ltr'><strong>apud</strong></span> <span class='ocrx_word' id='word_1_171' title='bbox 1244 2805 1393 2865; x_wconf 89' lang='lat' dir='ltr'><strong>sanctum</strong></span> <span class='ocrx_word' id='word_1_172' title='bbox 1404 2801 1521 2866; x_wconf 79' lang='lat' dir='ltr'><strong>Marti-</strong></span> 
     </span>
     <span class='ocr_line' id='line_1_23' title="bbox 395 2906 1596 2992; baseline -0.002 -18"><span class='ocrx_word' id='word_1_173' title='bbox 395 2933 482 2992; x_wconf 89' lang='lat' dir='ltr'><strong>num,</strong></span> <span class='ocrx_word' id='word_1_174' title='bbox 498 2910 622 2975; x_wconf 90' lang='lat' dir='ltr'><strong>decimo</strong></span> <span class='ocrx_word' id='word_1_175' title='bbox 638 2911 754 2991; x_wconf 92' lang='lat' dir='ltr'><strong>quinto</strong></span> <span class='ocrx_word' id='word_1_176' title='bbox 773 2909 928 2974; x_wconf 85' lang='lat' dir='ltr'><strong>kalendas</strong></span> <span class='ocrx_word' id='word_1_177' title='bbox 945 2909 970 2974; x_wconf 89' lang='lat' dir='ltr'><strong>J</strong></span> <span class='ocrx_word' id='word_1_178' title='bbox 972 2909 1057 2986; x_wconf 90' lang='lat' dir='ltr'><strong>unii,</strong></span> <span class='ocrx_word' id='word_1_179' title='bbox 1082 2930 1166 2973; x_wconf 88' lang='lat' dir='ltr'><strong>anno</strong></span> <span class='ocrx_word' id='word_1_180' title='bbox 1192 2909 1312 2973; x_wconf 92' lang='lat' dir='ltr'><strong>domini</strong></span> <span class='ocrx_word' id='word_1_181' title='bbox 1328 2908 1381 2972; x_wconf 89' lang='lat' dir='ltr'><strong>M⁰</strong></span> <span class='ocrx_word' id='word_1_182' title='bbox 1404 2906 1525 2973; x_wconf 78' lang='lat' dir='ltr'><strong>OO(l&#39;¹¹⁰</strong></span> <span class='ocrx_word' id='word_1_183' title='bbox 1595 2977 1596 2986; x_wconf 8' lang='grc' dir='ltr'>χ</span> 
     </span>
     <span class='ocr_line' id='line_1_24' title="bbox 394 3007 1596 3102; baseline -0.002 -20"><span class='ocrx_word' id='word_1_184' title='bbox 394 3017 498 3083; x_wconf 82' lang='lat' dir='ltr'>XL¹¹¹⁰</span> <span class='ocrx_word' id='word_1_185' title='bbox 514 3017 658 3102; x_wconf 90' lang='lat' dir='ltr'><strong>septimo.</strong></span> <span class='ocrx_word' id='word_1_186' title='bbox 1154 3021 1157 3031; x_wconf 85' lang='lat'>&#39;</span> <span class='ocrx_word' id='word_1_187' title='bbox 1595 3007 1596 3042; x_wconf 61' lang='lat'>¹</span> 
     </span>
     <span class='ocr_line' id='line_1_25' title="bbox 501 3175 1523 3243; baseline -0.001 -15"><span class='ocrx_word' id='word_1_188' title='bbox 501 3180 740 3243; x_wconf 80' lang='lat' dir='ltr'><strong>Htrtyaszalagon</strong></span> <span class='ocrx_word' id='word_1_189' title='bbox 752 3180 838 3242; x_wconf 77' lang='lat' dir='ltr'><strong>silggb</strong></span> <span class='ocrx_word' id='word_1_190' title='bbox 860 3175 976 3228; x_wconf 78' lang='lat' dir='ltr'><strong>monoru</strong></span> <span class='ocrx_word' id='word_1_191' title='bbox 989 3177 1022 3240; x_wconf 75' lang='lat' dir='ltr'><strong>ep</strong></span> <span class='ocrx_word' id='word_1_192' title='bbox 1045 3177 1193 3241; x_wconf 74' lang='lat' dir='ltr'><strong>pensettel3</strong></span> <span class='ocrx_word' id='word_1_193' title='bbox 1216 3176 1376 3240; x_wconf 83' lang='lat' dir='ltr'><strong>eredetijee</strong></span> <span class='ocrx_word' id='word_1_194' title='bbox 1399 3178 1523 3241; x_wconf 69' lang='lat' dir='ltr'><strong>Barczay</strong></span> 
     </span>
     <span class='ocr_line' id='line_1_26' title="bbox 394 3269 634 3320; baseline 0 0"><span class='ocrx_word' id='word_1_195' title='bbox 394 3269 483 3320; x_wconf 77' lang='lat' dir='ltr'><strong>esalad</strong></span> <span class='ocrx_word' id='word_1_196' title='bbox 498 3269 634 3320; x_wconf 76' lang='lat' dir='ltr'><strong>ltaraban.</strong></span> 
     </span>
    </p>
   </div>
   <div class='ocr_carea' id='block_1_3' title="bbox 934 3631 985 3693">
    <p class='ocr_par' dir='ltr' id='par_1_3' title="bbox 934 3631 985 3693">
     <span class='ocr_line' id='line_1_27' title="bbox 934 3631 985 3693; baseline 0.02 -2"><span class='ocrx_word' id='word_1_197' title='bbox 934 3631 985 3693; x_wconf 90' lang='lat'><strong>30.</strong></span> 
     </span>
    </p>
   </div>
   <div class='ocr_carea' id='block_1_4' title="bbox 394 3785 1525 4089">
    <p class='ocr_par' dir='ltr' id='par_1_4' title="bbox 394 3785 1525 4089">
     <span class='ocr_line' id='line_1_28' title="bbox 398 3785 1521 3873; baseline -0.003 -21"><span class='ocrx_word' id='word_1_198' title='bbox 398 3789 492 3853; x_wconf 75' lang='lat'><strong><em>1347.</em></strong></span> <span class='ocrx_word' id='word_1_199' title='bbox 510 3787 614 3864; x_wconf 80' lang='lat' dir='ltr'><strong>Bada,</strong></span> <span class='ocrx_word' id='word_1_200' title='bbox 631 3789 705 3873; x_wconf 71' lang='lat' dir='ltr'><strong>maj.</strong></span> <span class='ocrx_word' id='word_1_201' title='bbox 722 3787 774 3850; x_wconf 80' lang='lat'><strong>20.</strong></span> <span class='ocrx_word' id='word_1_202' title='bbox 792 3785 1138 3852; x_wconf 59' lang='lat' dir='ltr'><strong>medehamstede</strong></span> <span class='ocrx_word' id='word_1_203' title='bbox 1154 3809 1175 3849; x_wconf 87' lang='lat' dir='ltr'><strong>a</strong></span> <span class='ocrx_word' id='word_1_204' title='bbox 1192 3787 1430 3870; x_wconf 71' lang='lat' dir='ltr'><strong>orerqit-sar&#39;peti</strong></span> <span class='ocrx_word' id='word_1_205' title='bbox 1444 3790 1521 3872; x_wconf 79' lang='lat' dir='ltr'><strong>epd-</strong></span> 
     </span>
     <span class='ocr_line' id='line_1_29' title="bbox 394 3893 1522 3995; baseline -0.002 -37"><span class='ocrx_word' id='word_1_206' title='bbox 394 3896 535 3960; x_wconf 69' lang='lat' dir='ltr'><strong>ozaenas</strong></span> <span class='ocrx_word' id='word_1_207' title='bbox 559 3895 684 3962; x_wconf 77' lang='lat' dir='ltr'><strong>Vaiazld</strong></span> <span class='ocrx_word' id='word_1_208' title='bbox 697 3903 777 3958; x_wconf 79' lang='lat' dir='ltr'><strong>need</strong></span> <span class='ocrx_word' id='word_1_209' title='bbox 791 3897 827 3995; x_wconf 22' lang='lat' dir='ltr'><strong>&#39;es</strong></span> <span class='ocrx_word' id='word_1_210' title='bbox 842 3919 863 3958; x_wconf 86' lang='lat' dir='ltr'><strong>a</strong></span> <span class='ocrx_word' id='word_1_211' title='bbox 877 3895 966 3980; x_wconf 79' lang='lat' dir='ltr'><strong>pe&#39;csi</strong></span> <span class='ocrx_word' id='word_1_212' title='bbox 983 3893 1204 3979; x_wconf 78' lang='lat' dir='ltr'><strong>kdptalonnak</strong></span> <span class='ocrx_word' id='word_1_213' title='bbox 1215 3893 1324 3957; x_wconf 82' lang='lat' dir='ltr'><strong>Hirics</strong></span> <span class='ocrx_word' id='word_1_214' title='bbox 1339 3895 1370 3956; x_wconf 82' lang='lat' dir='ltr'><strong>e&#39;s</strong></span> <span class='ocrx_word' id='word_1_215' title='bbox 1388 3894 1522 3959; x_wconf 80' lang='lat' dir='ltr'><strong>Leszsol·</strong></span> 
     </span>
     <span class='ocr_line' id='line_1_30' title="bbox 394 3999 1525 4089; baseline -0.003 -21"><span class='ocrx_word' id='word_1_216' title='bbox 394 4011 475 4068; x_wconf 73' lang='lat' dir='ltr'><strong>acolt</strong></span> <span class='ocrx_word' id='word_1_217' title='bbox 490 4003 648 4067; x_wconf 82' lang='lat' dir='ltr'><strong>birtolcailc</strong></span> <span class='ocrx_word' id='word_1_218' title='bbox 662 4001 863 4088; x_wconf 75' lang='lat' dir='ltr'><strong>kbadttfelceb&#39;</strong></span> <span class='ocrx_word' id='word_1_219' title='bbox 881 4004 963 4067; x_wconf 82' lang='lat' dir='ltr'><strong>citds</strong></span> <span class='ocrx_word' id='word_1_220' title='bbox 978 4001 1148 4086; x_wconf 75' lang='lat' dir='ltr'><strong>lerttletrdl,</strong></span> <span class='ocrx_word' id='word_1_221' title='bbox 1167 4003 1282 4089; x_wconf 77' lang='lat' dir='ltr'><strong>melyro</strong></span> <span class='ocrx_word' id='word_1_222' title='bbox 1304 3999 1525 4086; x_wconf 74' lang='lat' dir='ltr'><strong>omrotkozdlap</strong></span> 
     </span>
    </p>
   </div>
   <div class='ocr_carea' id='block_1_5' title="bbox 396 4109 1521 4305">
    <p class='ocr_par' dir='ltr' id='par_1_5' title="bbox 396 4109 1521 4305">
     <span class='ocr_line' id='line_1_31' title="bbox 396 4109 1521 4198; baseline -0.003 -22"><span class='ocrx_word' id='word_1_223' title='bbox 396 4135 416 4176; x_wconf 85' lang='lat' dir='ltr'><strong>a</strong></span> <span class='ocrx_word' id='word_1_224' title='bbox 425 4109 516 4197; x_wconf 75' lang='lat' dir='ltr'><strong>folet</strong></span> <span class='ocrx_word' id='word_1_225' title='bbox 532 4113 620 4196; x_wconf 74' lang='lat' dir='ltr'><strong>otpre</strong></span> <span class='ocrx_word' id='word_1_226' title='bbox 636 4111 738 4176; x_wconf 83' lang='lat' dir='ltr'><strong>abban</strong></span> <span class='ocrx_word' id='word_1_227' title='bbox 754 4111 948 4198; x_wconf 67' lang='lat' dir='ltr'><strong>cloptunes</strong></span> <span class='ocrx_word' id='word_1_228' title='bbox 965 4133 1043 4197; x_wconf 72' lang='lat' dir='ltr'><strong>meq,</strong></span> <span class='ocrx_word' id='word_1_229' title='bbox 1064 4113 1142 4197; x_wconf 75' lang='lat' dir='ltr'><strong>hopy</strong></span> <span class='ocrx_word' id='word_1_230' title='bbox 1161 4135 1181 4175; x_wconf 88' lang='lat' dir='ltr'><strong>a</strong></span> <span class='ocrx_word' id='word_1_231' title='bbox 1201 4111 1355 4195; x_wconf 65' lang='lat' dir='ltr'><strong>triptotam</strong></span> <span class='ocrx_word' id='word_1_232' title='bbox 1381 4133 1419 4175; x_wconf 84' lang='lat' dir='ltr'><strong>az</strong></span> <span class='ocrx_word' id='word_1_233' title='bbox 1444 4114 1521 4196; x_wconf 84' lang='lat' dir='ltr'><strong>apci-</strong></span> 
     </span>
     <span class='ocr_line' id='line_1_32' title="bbox 593 4217 1334 4305; baseline 0.001 -25"><span class='ocrx_word' id='word_1_234' title='bbox 593 4219 733 4282; x_wconf 74' lang='lat' dir='ltr'><strong>ezdknolc</strong></span> <span class='ocrx_word' id='word_1_235' title='bbox 751 4217 823 4283; x_wconf 82' lang='lat'><strong><em>170.</em></strong></span> <span class='ocrx_word' id='word_1_236' title='bbox 839 4217 945 4284; x_wconf 74' lang='lat' dir='ltr'><strong>debiat</strong></span> <span class='ocrx_word' id='word_1_237' title='bbox 960 4217 1143 4305; x_wconf 68' lang='lat' dir='ltr'><strong>dro&#39;lcjopqal</strong></span> <span class='ocrx_word' id='word_1_238' title='bbox 1157 4217 1334 4303; x_wconf 71' lang='lat' dir='ltr'><strong>(tteapedett.</strong></span> 
     </span>
    </p>
   </div>
   <div class='ocr_carea' id='block_1_6' title="bbox 396 4396 1593 4700">
    <p class='ocr_par' dir='ltr' id='par_1_6' title="bbox 396 4396 1593 4700">
     <span class='ocr_line' id='line_1_33' title="bbox 502 4396 1593 4483; baseline -0.003 -18"><span class='ocrx_word' id='word_1_239' title='bbox 502 4398 571 4465; x_wconf 88' lang='lat' dir='ltr'><strong>Nos</strong></span> <span class='ocrx_word' id='word_1_240' title='bbox 581 4397 947 4483; x_wconf 85' lang='lat' dir='ltr'><strong>Nicolaus..palatinus</strong></span> <span class='ocrx_word' id='word_1_241' title='bbox 958 4406 990 4464; x_wconf 88' lang='lat' dir='ltr'><strong>et</strong></span> <span class='ocrx_word' id='word_1_242' title='bbox 1000 4399 1097 4464; x_wconf 85' lang='lat' dir='ltr'><strong>iudex</strong></span> <span class='ocrx_word' id='word_1_243' title='bbox 1107 4396 1524 4481; x_wconf 83' lang='lat' dir='ltr'><strong>comanorum..signifioa·</strong></span> <span class='ocrx_word' id='word_1_244' title='bbox 1592 4413 1593 4416; x_wconf 74' lang='grc'>’</span> 
     </span>
     <span class='ocr_line' id='line_1_34' title="bbox 396 4507 1521 4590; baseline -0.004 -18"><span class='ocrx_word' id='word_1_245' title='bbox 396 4529 468 4572; x_wconf 88' lang='lat' dir='ltr'><strong>mus</strong></span> <span class='ocrx_word' id='word_1_246' title='bbox 479 4559 484 4572; x_wconf 93' lang='lat'>.</span> <span class='ocrx_word' id='word_1_247' title='bbox 495 4557 502 4572; x_wconf 92' lang='lat'><strong>.</strong></span> <span class='ocrx_word' id='word_1_248' title='bbox 513 4509 599 4590; x_wconf 90' lang='lat' dir='ltr'><strong>quod</strong></span> <span class='ocrx_word' id='word_1_249' title='bbox 609 4508 710 4573; x_wconf 88' lang='lat' dir='ltr'><strong>frater</strong></span> <span class='ocrx_word' id='word_1_250' title='bbox 726 4508 900 4573; x_wconf 86' lang='lat' dir='ltr'><strong>Ladislaus</strong></span> <span class='ocrx_word' id='word_1_251' title='bbox 920 4509 1041 4573; x_wconf 87' lang='lat' dir='ltr'><strong>ordinis</strong></span> <span class='ocrx_word' id='word_1_252' title='bbox 1052 4508 1190 4573; x_wconf 82' lang='lat' dir='ltr'><strong>fratrum</strong></span> <span class='ocrx_word' id='word_1_253' title='bbox 1206 4507 1445 4590; x_wconf 86' lang='lat' dir='ltr'><strong>predicatorum</strong></span> <span class='ocrx_word' id='word_1_254' title='bbox 1463 4527 1521 4590; x_wconf 86' lang='lat' dir='ltr'><strong>pro</strong></span> 
     </span>
     <span class='ocr_line' id='line_1_35' title="bbox 397 4615 1522 4700; baseline -0.003 -21"><span class='ocrx_word' id='word_1_255' title='bbox 397 4664 427 4680; x_wconf 92' lang='lat'><strong>..</strong></span> <span class='ocrx_word' id='word_1_256' title='bbox 453 4615 750 4680; x_wconf 85' lang='lat' dir='ltr'><strong>sanctimonialibus</strong></span> <span class='ocrx_word' id='word_1_257' title='bbox 776 4616 815 4680; x_wconf 89' lang='lat' dir='ltr'><strong>de</strong></span> <span class='ocrx_word' id='word_1_258' title='bbox 841 4616 955 4682; x_wconf 79' lang='lat' dir='ltr'><strong>insula</strong></span> <span class='ocrx_word' id='word_1_259' title='bbox 986 4616 1148 4700; x_wconf 86' lang='lat' dir='ltr'><strong>Leporum</strong></span> <span class='ocrx_word' id='word_1_260' title='bbox 1175 4663 1206 4680; x_wconf 88' lang='lat'><strong>..</strong></span> <span class='ocrx_word' id='word_1_261' title='bbox 1237 4616 1329 4679; x_wconf 79' lang='lat' dir='ltr'><strong>iuxta</strong></span> <span class='ocrx_word' id='word_1_262' title='bbox 1361 4616 1522 4680; x_wconf 88' lang='lat' dir='ltr'><strong>continen-</strong></span> 
     </span>
    </p>
   </div>
   <div class='ocr_carea' id='block_1_7' title="bbox 0 0 1629 5462">
    <p class='ocr_par' dir='ltr' id='par_1_7' title="bbox 0 0 1629 5462">
     <span class='ocr_line' id='line_1_36' title="bbox 0 0 1629 5462; baseline 0 0"><span class='ocrx_word' id='word_1_263' title='bbox 0 0 1629 5462; x_wconf 95' lang='lat' dir='ltr'><strong> </strong></span> 
     </span>
    </p>
   </div>
  </div>
 </body>
</html>
