3192 5466
338 409 403 472 250
686 425 873 472 aurousom
890 411 1107 472 enutriris.

338 587 495 670 regalium
505 588 669 653 tenoribus
680 637 686 651 .
698 637 704 651 .
715 589 895 672 predictam
911 589 1136 653 causaminter
1147 587 1269 652 dictum
1279 586 1474 672 magistrum

244 761 246 770 ,
337 697 555 780 Pangracium
571 703 721 776 actorem,
738 704 770 762 et
787 695 889 763 dictos
905 696 988 762 filios
998 696 1095 764 Pauli
1105 696 1301 779 carpentarii
1317 697 1351 760 in
1368 695 1474 778 ipsius

337 805 547 891 possessionis
563 806 649 872 facto
664 812 785 872 motam
802 811 836 870 et
851 807 953 872 nostri
968 807 1003 871 in
1018 805 1186 890 presencia
1202 804 1358 882 habitam,
1377 803 1471 869 iuxta

336 916 438 999 ipsius
453 914 574 980 domini
591 915 695 982 nostri
720 917 806 999 regis
831 917 1048 982 literatorium
1072 915 1213 981 edictum
1237 915 1381 981 iudicare
1405 935 1473 979 non

336 1023 500 1106 audentes,
526 1025 590 1090 imo
616 1025 751 1090 eandem
776 1046 907 1090 causam
933 1025 1143 1109 supersedere
1158 1024 1321 1102 facientes,
1339 1022 1471 1088 eosdem

335 1131 496 1198 Jacobum
513 1138 545 1198 et
570 1133 711 1198 Paulum
735 1132 818 1198 filios
844 1133 924 1198 dicti
949 1129 1046 1199 Pauli
1071 1133 1270 1216 carpentarii
1295 1114 1329 1196 in
1355 1129 1470 1198 eadem

336 1241 536 1324 possessione
552 1241 672 1308 Kande
688 1249 810 1320 vocata,
826 1242 918 1308 iuxta
934 1225 1150 1309 collacionem'
1164 1240 1252 1324 regie
1269 1238 1473 1304 celsitudinis

336 1367 525 1432 permanere
542 1351 758 1417 commisimus
775 1401 782 1415 .
798 1401 805 1416 .
821 1351 947 1417 Datum
962 1352 1064 1429 Bude,
1090 1349 1278 1416 duodecimo
1304 1347 1357 1412 die
1382 1353 1471 1412 octa·

336 1477 448 1522 varum
464 1455 538 1522 festi
547 1456 636 1522 beati
645 1457 783 1524 Martini
800 1457 989 1525 confessoris
1005 1457 1234 1543 predictarum,
1250 1475 1336 1520 anno
1349 1454 1472 1519 domini

335 1563 388 1628 Μο
412 1562 533 1633 000ωο
550 1565 655 1632 XIrm⁰
672 1571 792 1650 octavo.

443 1708 468 1757 A
489 1709 573 1760 budai
596 1711 787 1774 kaptalannak
812 1717 887 1763 1349.
908 1711 960 1775 jul.
975 1710 1057 1761 27=bu
1075 1710 1134 1760 kalt
1156 1707 1317 1772 atiratabbl,
1337 1709 1468 1771 malynek

336 1791 466 1862 eredetije
491 1815 610 1864 rnegvan
631 1817 663 1851 aa
687 1817 755 1851 orsz.
769 1803 801 1852 lt.
824 1801 924 1852 kinost.
947 1805 1014 1851 oszt.
1034 1802 1109 1852 Mon.
1131 1799 1193 1848 Vat.
1216 1797 1287 1848 Bud.
1303 1803 1346 1848 24.
1364 1804 1390 1848 3.
1403 1797 1472 1861 dipl.

336 1893 403 1938 oszt.
419 1894 496 1940 3660.
515 1891 614 1940 Kezli:
635 1891 743 1941 Kovacs
756 1893 790 1941 N.

866 2257 938 2317 127.

340 2396 432 2458 1348.
449 2396 511 2460 deo.
527 2397 557 2458 5.
574 2395 604 2463 A
619 2397 742 2482 apitrai
756 2395 910 2481 kdptalaa
927 2396 997 2460 elba
1012 2419 1034 2458 a
1044 2395 1149 2460 Dicet·
1166 2393 1386 2478 nemzetscplel
1400 2391 1476 2457 cala

335 2503 513 2584 Janlafiai
522 2505 714 2590 eppa-asael,
731 2504 926 2569 mcertszrcl
936 2504 1043 2604 ¹Ja'aos
1050 2504 1102 2585 fic
1119 2503 1244 2585 Miletos,
1263 2503 1392 2581 Eudae,
1416 2502 1471 2586 Uj-

327 2611 418 2696 falu‚
431 2614 561 2676 Lestbea
578 2615 608 2676 e's
620 2611 790 2677 Kisbossda
805 2620 885 2676 aaut
901 2613 941 2674 N
935 2615 1022 2699 pitra
1038 2612 1218 2696 aarmcpyei
1233 2611 1420 2676 butsokoton
1438 2611 1469 2674 e's

627 2720 918 2808 tartozmdnyaikon
934 2719 1172 2805 anteposaozaal.

444 2863 513 2929 Nos
538 2864 718 2948 capitulum
744 2865 876 2930 ecclesie
891 2863 1070 2931 Nitriensis
1096 2863 1340 2948 significamus.
1358 2912 1365 2927 .
1383 2865 1471 2947 quod

336 2972 505 3037 Jobsnnes
521 2971 607 3038 filius
623 2972 734 3039 Jouka
752 2973 791 3038 de
817 2993 935 3056 genere
961 2973 1085 3058 Dywek
1109 2993 1169 3056 pro
1195 2994 1229 3037 se
1255 2971 1474 3056 personaliter

337 3087 370 3145 et
386 3133 392 3146 .
410 3129 416 3144 .
432 3102 492 3165 pro
516 3081 700 3148 Laurencio
726 3088 759 3146 et
783 3079 961 3151 Valentino
986 3081 1144 3146 fratribus
1171 3083 1237 3147 suis
1263 3081 1305 3160 ab
1330 3101 1404 3149 una.
1435 3087 1470 3146 et

337 3187 493 3256 Nicolaus
509 3187 595 3256 filius
611 3190 636 3256 J
637 3192 774 3257 ohannis
790 3190 952 3257 decadem
968 3196 1062 3275 parte
1078 3189 1120 3256 ab
1136 3189 1249 3269 altera,
1265 3188 1308 3254 ad
1324 3193 1474 3255 nostram

337 3297 550 3381 personaliter
566 3299 755 3366 accedentes
771 3302 979 3384 presenciam,
991 3302 1025 3365 in
1041 3301 1198 3366 universis
1217 3301 1283 3365 suis
1299 3300 1474 3382 possessio

337 3405 431 3472 nibus
448 3413 480 3473 et
495 3409 756 3490 possessionariis
781 3409 986 3492 porcionibus
1003 3459 1009 3473 .
1026 3461 1032 3474 .
1050 3409 1194 3474 unanimi
1210 3407 1378 3473 voluntate
1394 3407 1475 3472 divi·

337 3517 459 3579 sionem
474 3514 715 3599 infrascriptam
730 3567 737 3580 .
754 3565 760 3578 .
776 3516 862 3581 inter
879 3537 912 3581 se
928 3515 1041 3582 fecisse
1058 3520 1215 3599 perpetuo
1231 3567 1237 3579 .
1255 3564 1262 3578 .
1279 3515 1475 3579 duraturam

337 3623 527 3703 retulerunt,
543 3625 591 3689 ita
616 3625 772 3704 videlicet,
799 3625 884 3709 quod
909 3626 1067 3710 possessio
1083 3625 1210 3690 Rwdna
1225 3623 1259 3688 in
1274 3621 1400 3707 Dywek
1417 3623 1473 3687 ba-

339 3731 417 3810 bita,
443 3752 515 3796 cum
541 3732 666 3798 duobus
697 3733 889 3800 molendinis
915 3740 947 3799 et
971 3733 1052 3798 silva
1076 3753 1195 3816 magna
1220 3729 1475 3797 Feketheerdew

341 3840 520 3923 vulgariter
545 3842 719 3921 nominata,
740 3863 863 3907 necnon
880 3843 1038 3928 universis
1064 3841 1259 3907 utilitatibus
1276 3839 1319 3905 ad
1335 3837 1475 3903 eandam

340 3949 572 4031 spectantibus,
583 3949 641 4015 sub
658 3949 777 4014 eisdem
794 3951 941 4016 terminis
952 3951 1048 4033 vulgo
1058 3970 1149 4033 megs
1159 3949 1263 4030 dictis,
1280 3947 1340 4014 sub
1353 3945 1474 4032 quibus

341 4077 443 4140 nsque
459 4057 553 4122 modo
569 4078 628 4141 par
643 4059 786 4142 ipsorum
812 4065 1032 4124 antecessores
1058 4064 1091 4122 et
1115 4059 1202 4142 ipsos
1227 4057 1290 4122 fuit
1314 4077 1476 4141 possessa,

339 4164 461 4230 Joanni
486 4165 668 4231 Laureucio
703 4172 735 4232 et
759 4157 935 4234 Valentino
961 4165 1036 4232 filiis
1061 4165 1186 4244 douln,
1211 4165 1370 4252 possessio
1398 4186 1476 4230 vero

337 4271 490 4354 Wyffalw
516 4273 549 4336 in
575 4273 687 4338 eadem
711 4271 833 4358 Dywek
858 4273 989 4352 habita,
1020 4294 1093 4338 cum
1124 4270 1307 4338 molendino
1333 4279 1366 4338 et
1392 4273 1476 4338 silva

339 4380 465 4463 Lygeth
489 4385 612 4462 vocata,
645 4379 815 4446 simulcum
847 4381 1047 4462 possessione
1078 4378 1223 4443 Lestheu
1256 4378 1407 4444 similiter
1439 4379 1475 4444 in

339 4488 450 4554 eadem
467 4488 589 4573 Dywek
604 4489 725 4572 habita,
741 4489 801 4554 sub
817 4488 938 4554 eisdem
954 4489 1101 4553 terminis
1127 4487 1187 4553 sub
1203 4487 1320 4571 quibus
1336 4489 1478 4553 eandem

338 4617 439 4682 usque
450 4596 492 4662 ad
502 4597 561 4662 hec
571 4601 719 4681 tempora
734 4596 877 4683 ipsorum
893 4603 1111 4664 antecessores
1128 4601 1161 4662 et
1174 4595 1236 4681 ipsi
1246 4594 1477 4682 possederunt,
