3180 5466
588 535 683 597 1351.
701 553 772 598 nnc.
792 539 819 597 5.
1183 539 1244 598 531

114 720 216 796 gnata
232 720 318 778 meta
333 721 442 778 terrea
456 713 659 792 circumfusa,
680 736 818 796 quarum
834 715 999 778 vinearum
1027 734 1091 778 una
1118 717 1160 779 ad
1176 713 1249 778 dex·

113 828 198 886 tram
215 827 340 905 partem
359 823 429 902 sita,
454 823 488 885 in
513 828 602 886 terra
627 823 764 906 predicti
781 819 915 906 Georgii
943 821 1001 886 filii
1027 822 1114 907 Fyas
1131 824 1252 894 existit,

113 931 179 994 alia
196 931 322 994 veroin
338 931 470 996 sinistra
486 939 579 1015 parte
596 931 715 1010 habita,
732 932 875 1014 pertinet
891 931 934 996 ad
950 938 1072 996 terram
1088 931 1249 996 dictorum

113 1038 281 1102 bominum
299 1041 511 1104 castrensium
525 1063 532 1118 3
548 1039 622 1102 inde
639 1039 783 1122 procedit
803 1039 887 1104 infra
907 1061 1016 1104 versus
1033 1045 1160 1122 partem
1187 1061 1250 1104 me-

116 1146 307 1210 ridionalem
324 1153 358 1210 et
373 1149 519 1229 pervenit
534 1147 576 1210 ad
592 1147 740 1212 arborem
764 1146 853 1212 bilrfa
878 1168 971 1212 cruce
988 1149 1149 1230 signatam
1165 1153 1252 1212 meta

112 1259 220 1318 terrea
237 1254 471 1335 circumfusam,
488 1254 545 1318 ubi
562 1261 611 1319 cst
628 1255 765 1337 quedam
783 1253 875 1318 vallis
899 1255 1251 1344 Malabelohouschina‚
1294 1313 1299 1320 .

115 1369 147 1425 et
162 1383 222 1444 per
238 1363 373 1426 eandem
391 1364 506 1428 vallem
524 1384 634 1428 versus
651 1361 819 1428 meridiem
835 1363 1037 1446 procedendo
1053 1365 1251 1446 pervenitad

117 1468 248 1534 flurium
266 1471 639 1536 Velikabelohouschina
655 1477 812 1548 vocatum,
823 1471 897 1535 inde
913 1471 1058 1555 procedit
1078 1493 1135 1554 per
1151 1493 1252 1556 quan·

116 1577 189 1642 dam
206 1578 324 1644 vallem
340 1601 451 1644 versus
467 1580 635 1644 meridiem
652 1601 752 1662 supra
769 1581 811 1644 ad
827 1585 980 1659 montem,
999 1587 1032 1644 et
1047 1582 1193 1664 pervenit
1210 1581 1252 1645 ad

117 1685 265 1750 arborem
291 1687 429 1752 barazth
453 1708 547 1753 cruce
579 1688 740 1769 signatam
765 1693 851 1751 meta
882 1693 989 1752 terrea
1018 1687 1251 1764 circumfusam,

117 1793 191 1856 inde
209 1793 298 1858 vadit
314 1815 424 1860 versus
441 1795 636 1862 occidentem
666 1816 765 1878 supra
790 1795 912 1860 dictum
937 1801 1078 1860 montem
1095 1801 1128 1860 et
1143 1817 1251 1880 perse

116 1903 164 1964 nit
179 1901 223 1965 ad
240 1902 404 1984 quandam
421 1904 567 1968 semitam
584 1925 646 1986 que
663 1909 713 1968 est
736 1904 770 1966 in
795 1909 905 1967 monte
930 1902 975 1966 ibi
991 1900 1110 1968 Ohazlo
1126 1910 1248 1984 vocato

115 2017 146 2073 et
161 2031 222 2092 per
239 2010 374 2074 eandem
401 2012 548 2076 semitam
573 2011 663 2075 vadit
687 2010 899 2074 introversus
924 2010 1092 2076 meridiem
1108 2011 1140 2074 in
1164 2011 1247 2076 bono

116 2119 226 2200 spacio
243 2125 276 2183 et
292 2120 438 2202 pervenit
454 2120 495 2184 ad
511 2126 630 2184 metam
656 2126 797 2183 terream
822 2121 854 2182 in
880 2120 986 2202 capite
1001 2116 1091 2182 fluvii
1107 2118 1250 2184 Polevna

118 2229 224 2292 vocati
241 2227 442 2306 existentem,
458 2228 573 2292 deinde
589 2227 730 2292 declinat
746 2229 788 2292 ad
807 2227 922 2292 vallem
939 2227 980 2292 ad
997 2227 1161 2292 sinistram
1177 2249 1251 2310 par·

116 2341 190 2414 tem,
207 2343 240 2399 et
255 2357 313 2419 per
330 2335 450 2400 dictam
466 2335 583 2400 vallem
599 2355 708 2399 versus
725 2333 890 2399 meridiem
902 2335 1047 2417 procedit
1063 2341 1096 2399 ot
1113 2335 1200 2400 cadit
1215 2335 1247 2399 in

115 2443 240 2508 dictum
264 2443 397 2508 flurium
423 2443 549 2518 Velina,
567 2443 682 2507 abinde
707 2464 765 2526 per
784 2443 890 2524 ipsum
913 2441 1046 2507 fluvium
1073 2443 1106 2507 in
1132 2465 1249 2526 magno

117 2553 226 2636 spacio
242 2553 390 2635 procedit
411 2557 443 2616 et
468 2553 557 2618 cadit
572 2553 606 2614 in
622 2551 754 2616 fluvium
780 2550 946 2615 Bozoreob
970 2557 1125 2628 vocatum,
1141 2551 1250 2634 ibique

116 2661 320 2726 terminatur.
351 2662 392 2724 In
409 2681 474 2743 qua
491 2660 621 2743 quidem
637 2658 895 2726 reambulaoione
916 2659 1079 2741 predictus
1095 2659 1251 2741 magister

115 2767 263 2834 Michael
279 2769 361 2832 dixit
376 2768 421 2832 ibi
438 2769 536 2834 fuisse
552 2769 642 2832 Iwen
658 2767 760 2832 filium
776 2767 873 2832 Pauli
899 2769 1048 2832 comitem
1064 2773 1250 2832 terrestrem

118 2877 157 2941 de
174 2877 287 2942 eadem
304 2882 337 2940 et
353 2876 551 2940 Petrizlaum
567 2875 669 2940 filium
695 2875 793 2940 Mark
818 2875 984 2940 voivodam
1001 2874 1039 2940 de
1056 2874 1178 2953 eadem,
1194 2877 1251 2958 qui

115 2985 246 3069 quidem
263 2987 347 3050 dicte
363 2985 613 3050 reambulaoioni
623 2985 655 3048 in
666 2983 753 3048 nullo
765 2985 1030 3049 contradixerunt
1046 2984 1110 3048 imo
1121 3003 1249 3048 eorum-

116 3093 189 3156 dem
207 3113 398 3158 consensum
415 3091 619 3173 prebuerunt.
651 3091 691 3154 In
709 3111 844 3173 quorum
860 3092 1088 3174 premissorum
1108 3094 1250 3158 testimo·

116 3202 208 3265 nium
224 3199 428 3284 presentibus
444 3199 593 3262 duximus
611 3197 753 3282 sigillum
769 3205 915 3263 nostrum
932 3200 1167 3283 apponendum.
1184 3201 1250 3266 Da·

117 3316 187 3372 tum
205 3307 288 3374 ferio
304 3307 445 3372 secunda
461 3307 608 3390 proxima
624 3312 699 3371 ante
716 3305 831 3372 festum
847 3306 934 3371 beati
952 3305 1079 3372 Nicolai
1096 3309 1251 3374 confesso-

117 3417 172 3497 ris7
189 3437 275 3480 anno
292 3415 411 3480 domini
438 3415 490 3480 M⁰
518 3412 639 3482 Goon
656 3415 722 3478 Lmn
739 3415 851 3496 prime.

225 3579 251 3627 A
266 3579 356 3640 pecset
369 3581 518 3638 elveszett;
539 3579 669 3642 eredetije
680 3595 711 3628 aa
726 3595 794 3629 orsz.
807 3582 837 3629 lt.
852 3581 950 3628 kinost.
965 3585 1032 3628 oszt.
1049 3581 1081 3628 N.
1097 3582 1129 3628 R.
1144 3581 1175 3628 A.
1188 3587 1248 3631 441.

118 3677 159 3720 ⁸29.
173 3667 242 3730 dipl.
257 3673 323 3716 oszt.
339 3673 417 3718 4232.
438 3670 536 3718 Romi:
558 3671 667 3718 Koraos
680 3671 713 3718 N.
