3138 5462
351 479 392 540 92
710 493 894 542 anrounour
911 483 1125 543 onnlnrrla.
1156 495 1158 500 ·

349 661 451 720 tatem
468 707 474 720 .
491 706 497 720 .
515 656 639 722 Datum
655 657 758 734 Bude,
783 659 816 722 in
833 657 914 723 festo
932 659 1035 724 sancti
1052 659 1204 725 Bernaba
1220 663 1367 743 apostoli,
1396 683 1470 727 anuo

350 765 469 832 domini
486 767 538 832 M⁰
562 765 660 834 000⁰
685 769 790 834 XL¹¹²⁰
807 768 951 852 septimo.

458 930 609 994 Httlapjau
622 935 726 998 gyitrfla
736 933 867 994 pecsettel
879 951 884 996 3
899 933 1029 996 eredatije
1043 949 1075 984 az
1087 949 1154 985 orez.
1168 936 1199 984 lt.
1211 934 1311 984 kiucst.
1323 939 1390 985 oszt.
1401 936 1432 984 N.
1443 937 1470 986 R.

352 1021 384 1071 A.
400 1026 459 1073 560.
475 1028 518 1073 31.
533 1021 600 1087 dipl.
614 1027 682 1073 oszt.
697 1027 776 1074 3913.
791 1023 890 1075 szli:
911 1024 1019 1076 Kovhes
1032 1025 1066 1076 N.

835 1225 995 1234 η...-

891 1408 942 1468 35.

353 1565 445 1628 1347.
479 1561 598 1630 Gumor
630 1564 754 1642 melletl,
784 1569 857 1648 jun.
901 1567 949 1630 14.
992 1566 1108 1630 Miletos
1142 1567 1242 1632 reddor
1276 1591 1297 1631 a
1332 1567 1472 1654 Leuppeli
1564 1647 1565 1654 ἵ

348 1673 450 1738 thnoe
465 1675 496 1734 ta
514 1671 622 1736 latoria
630 1671 760 1752 fluinclr
777 1673 916 1737 Funcsul
941 1673 1083 1738 hirtokba
1110 1677 1221 1738 torrent
1246 1675 1471 1740 beiletotciaalrcr

349 1779 547 1868 nye'lva'm'tott
563 1779 774 1844 ellenmondcie
798 1781 957 1866 ipazoldec
983 1784 1078 1868 capeti
1104 1783 1212 1846 Zuuhi
1234 1782 1336 1846 Jcnos
1352 1782 1474 1864 flainuk

542 1887 702 1952 okirutuik
711 1887 964 1974 felmretotcieu‘ra
980 1891 1170 1976 botcirnapet
1187 1898 1237 1953 niz
1252 1890 1293 1954 ki.

456 2049 525 2114 Nos
547 2049 703 2116 Nicolaus
720 2099 725 2114 .
743 2101 750 2115 .
767 2051 931 2135 palatinus
956 2059 989 2117 et
1014 2052 1109 2117 iudex
1134 2074 1341 2118 comanorum
1367 2053 1474 2117 damus

351 2179 410 2241 pro
435 2159 597 2236 memoria,
622 2159 709 2241 quod
734 2161 767 2224 in
793 2167 903 2225 nostra
928 2162 1180 2244 congregacione
1197 2161 1341 2244 generali
1357 2164 1475 2226 unirer·
1564 2215 1565 2248 3

349 2266 438 2330 sitati
454 2267 608 2332 nobilium
634 2267 673 2332 de
689 2265 817 2332 Gumur
833 2273 867 2332 et
883 2264 936 2352 (de
952 2265 1101 2352 Thorlna
1119 2269 1329 2334 comitatuum
1348 2271 1381 2334 in
1399 2268 1474 2333 festo

348 2373 435 2440 beati
452 2374 598 2440 Barrabe
608 2377 745 2458 apostoli
762 2397 860 2460 prope
870 2375 979 2441 villam
990 2375 1118 2443 Gumur
1128 2377 1299 2456 celebrata,
1309 2377 1474 2460 Emericus
1564 2359 1565 2366 ἵ

349 2482 434 2548 filius
450 2483 475 2546 J
477 2483 611 2548 ohannis
628 2489 662 2548 et
677 2483 702 2548 J
703 2484 845 2549 ohannes
861 2485 948 2550 filius
965 2485 1123 2570 Stephani
1141 2484 1264 2550 nobiles
1282 2485 1321 2549 de
1338 2486 1475 2567 Langen,

351 2589 565 2675 personaliter
581 2591 620 2656 de
637 2592 741 2656 medio
758 2591 894 2658 aliorum
920 2594 1131 2675 emungenda
1155 2593 1267 2658 literas
1284 2591 1417 2677 capituli
1433 2613 1476 2656 ec·

349 2699 444 2765 clesie
470 2697 641 2782 Agriensis
666 2699 802 2764 formam
827 2700 1075 2783 possessionarie
1100 2699 1370 2766 reambulacionis
1387 2706 1420 2764 et
1434 2721 1476 2764 re-

349 2807 578 2891 captivacionis
594 2807 809 2890 exprimentes
826 2807 917 2872 nobis
933 2814 1159 2890 presentarunt
1183 2808 1268 2872 inter
1286 2813 1395 2872 cetera
1410 2829 1476 2873 con·

351 2916 501 2994 tinentea
532 2917 619 2998 quod
650 2938 723 2982 cum
754 2917 844 2981 iuxta
873 2917 1108 2982 continenciam
1139 2915 1282 3000 priorum
1313 2916 1477 2980 literarum

275 3052 277 3064 ·
349 3030 534 3090 nostrarum
550 3025 648 3089 iidem
664 3025 833 3090 Emericus
849 3031 882 3089 et
896 3025 922 3090 J
923 3025 1066 3090 ohannes
1079 3025 1165 3090 filius
1177 3023 1334 3109 Stephani
1351 3031 1477 3106 accepto

348 3131 485 3197 Dorudh
516 3131 582 3198 filio
607 3133 801 3226 Zereohmer
832 3133 959 3198 homine
993 3141 1111 3214 nostro,
1145 3137 1294 3216 presente
1326 3133 1478 3214 magistro

348 3238 485 3305 Nicolao
510 3240 652 3326 dyacono
677 3241 791 3306 elerico
822 3241 912 3306 chori
938 3241 1080 3325 predicte
1106 3240 1237 3306 ecclesie
1262 3237 1434 3323 Agriensis
1449 3247 1479 3303 et

351 3349 542 3431 testimonio,
568 3350 727 3416 dominica
743 3351 794 3415 die
819 3351 966 3434 proxima
991 3357 1066 3416 ante
1093 3350 1209 3416 festum
1228 3349 1316 3415 beuti
1335 3348 1479 3415 Barrabe

350 3458 485 3540 apostoli
496 3458 639 3541 proxime
650 3459 805 3543 preterito
815 3458 857 3524 ad
866 3457 1352 3543 faciempossessionisFanehal
1362 3464 1479 3530 vocate,

349 3565 551 3648 presentibus
567 3564 728 3632 Michaele
745 3565 880 3632 Nicolac
896 3566 1052 3632 etLachk
1070 3565 1145 3632 filiis
1155 3566 1180 3632 J
1182 3565 1318 3630 ohannis
1334 3563 1480 3648 partibus
1565 3617 1566 3638 a

350 3673 501 3755 adversis,
518 3674 697 3740 accedendo
713 3675 803 3740 illam
819 3682 944 3758 partem
962 3696 1060 3758 quam
1075 3676 1136 3758 ipsi
1152 3674 1300 3740 videlieet
1312 3673 1480 3739 Emerieus
1565 3673 1566 3676 ’

349 3787 382 3845 et
397 3781 422 3846 J
424 3783 565 3846 ohannes
580 3780 665 3847 filius
683 3781 840 3867 Stephani
856 3803 966 3848 eorum
982 3783 1050 3847 fore
1066 3784 1350 3863 demonstrassent,
1367 3781 1476 3846 vicinis

349 3895 382 3954 et
396 3891 623 3954 commetaneis
649 3891 714 3954 suis
738 3889 882 3974 undique
908 3893 1099 3970 conuocatis,
1116 3911 1174 3975 per
1198 3913 1273 3956 suas
1299 3896 1427 3955 veteres
1450 3895 1481 3954 et

349 3997 502 4078 antiquas
518 4005 620 4063 metas
646 3997 887 4077 reambulando,
904 4021 977 4064 cum
1003 3999 1088 4064 facta
1113 3998 1369 4082 recaptivacione
1385 4005 1418 4063 et
1434 4019 1479 4062 re-

349 4103 571 4198 ambulaciene
588 4106 649 4188 ipsi
660 4107 792 4170 eandem
804 4105 863 4171 sub
873 4106 1064 4172 circuicione
1080 4113 1112 4171 et
1128 4105 1305 4170 inclusione
1322 4113 1481 4172 metarum

349 4213 383 4276 in
400 4213 567 4296 privilegio
593 4213 779 4278 eorumdem
795 4214 937 4279 Emerici
953 4219 985 4278 et
1000 4213 1025 4278 J
1027 4213 1162 4278 ohannis
1179 4220 1401 4280 contentarum
1422 4214 1481 4280 sibi

351 4321 451 4387 statui
467 4321 572 4385 facere
597 4319 782 4400 voluissent,
807 4321 938 4387 tandem
954 4322 1090 4404 predicti
1115 4319 1259 4387 Michael
1278 4320 1435 4389 Nicolaua
1452 4331 1483 4388 et

348 4427 462 4494 Laehk
479 4429 692 4512 personaliter
717 4427 797 4494 inibi
823 4435 1054 4513 comparentes,
1079 4429 1165 4512 ipsos
1184 4450 1248 4494 non
1264 4451 1284 4493 a
1301 4431 1481 4496 reambula·

349 4538 437 4601 cione
463 4535 517 4600 scd
543 4559 562 4600 a
587 4538 766 4602 statueione
791 4543 824 4602 et
847 4544 1007 4602 metarum
1038 4539 1200 4603 creceione
1231 4538 1481 4621 prohibuissent,

348 4643 474 4711 nemine
485 4643 549 4712 alio
565 4643 803 4714 contradictore
820 4645 1088 4726 existememus
1100 4645 1302 4715 inhibieionie
1318 4647 1482 4716 racionem
