3138 5462
427 459 436 482 ⁸
516 463 611 526 1347.
628 483 718 526 surr.
735 467 787 528 30.

617 736 667 796 57.

91 890 174 952 1347.
197 889 332 968 Vaaodr,
348 903 423 976 sept.
440 893 492 956 24.
516 891 579 956 Vas
595 895 758 977 odrrncpye
774 895 939 979 alispdnja
955 895 986 958 da
1007 895 1206 981 szolyulrirdi,

92 997 159 1078 (lstfi
172 997 330 1062 Demoleos
344 1001 463 1062 macarii
478 999 551 1063 belot
568 999 709 1086 bizonyoa
725 1001 831 1086 biradq
848 1003 1081 1088 meyfizetdse‘rdl
1097 1004 1207 1068 Gereer'

415 1107 509 1172 Portu
525 1109 642 1170 reszere
657 1110 852 1194 rrychtn-tjdk.

185 1265 252 1333 Nos
273 1271 428 1353 magister
444 1271 646 1336 Laurencius
672 1269 758 1336 filius
784 1271 948 1337 Herbordi
974 1273 1147 1338 vicecomes
1172 1279 1205 1338 et

88 1374 197 1440 iudices
212 1375 371 1440 nobilium
387 1378 560 1442 comitatus
577 1376 792 1458 Oestriferrei,
817 1377 931 1444 damus
956 1399 1015 1462 pro
1040 1379 1204 1456 memoria,

89 1482 162 1564 quod
177 1483 367 1550 Dominious
384 1485 487 1551 banus
503 1487 543 1550 do
559 1485 700 1551 Mochou
716 1485 755 1549 de
771 1484 890 1550 iudicio
899 1486 988 1568 pacis
998 1507 1070 1550 cnm
1081 1487 1206 1552 Pethou

90 1589 146 1653 filio
160 1588 258 1654 Mark
274 1613 382 1657 coram
399 1593 491 1658 nobis
516 1593 635 1672 habite,
660 1593 750 1658 nobis
776 1593 958 1676 plenariam
983 1596 1142 1678 impendit
1157 1615 1206 1658 sa-

87 1697 311 1781 tisfaccionem
334 1701 419 1766 unde
436 1703 541 1785 ipsum
558 1701 764 1766 Dominicum
780 1701 899 1766 banum
915 1703 1043 1768 racione
1068 1701 1145 1767 dicti
1159 1703 1206 1767 iu-

87 1805 152 1870 dicii
167 1809 254 1888 pacis
271 1808 435 1874 reddimus
452 1809 635 1892 expeditum
652 1815 685 1873 et
694 1830 752 1894 per
763 1811 871 1874 omnia
887 1809 1079 1892 absolutum,
1095 1817 1206 1875 tenore

87 1914 277 1996 presencium
295 1915 466 1980 mediante.
489 1916 615 1980 Datum
640 1916 673 1980 in
699 1914 931 1994 (lastroferreo,
956 1915 1038 1980 feria
1066 1916 1206 1980 secunda

87 2023 220 2103 proxima
236 2023 446 2088 antefactum
465 2023 551 2088 beati
568 2021 739 2088 Michaelis
764 2022 959 2105 archangeli,
975 2043 1059 2088 anno
1084 2023 1204 2088 domini

87 2127 131 2192 111ο
154 2127 248 2194 000⁰
273 2130 424 2194 ΧΧΧ1110
442 2131 586 2214 septimo.

183 2294 313 2358 Paplron,
326 2293 453 2342 zarlatan
467 2293 558 2356 pecset
576 2294 754 2357 nyomaiva13
777 2293 907 2356 eredstije
930 2309 946 2342 a
968 2307 1008 2356 gr.
1022 2294 1155 2343 Festetios
1168 2309 1204 2343 cs.

87 2385 228 2446 keszthelyi
242 2385 370 2434 ltdrdbau
386 2383 576 2434 ›Castriferei‹
592 2387 672 2434 321).

615 2783 666 2842 58.

87 2943 174 3007 1347.
189 2955 263 3028 sept.
280 2943 333 3005 30.
359 2939 388 3005 A
407 2941 539 3006 latroni
559 2950 683 3004 convent
700 2939 845 3025 jeleuldse
872 2941 898 3002 I.
916 2939 1011 3025 Lojos
1027 2939 1203 3026 lircilydoz,

84 3053 158 3136 lroqy
173 3051 397 3138 Sziloaepylrdz
412 3055 492 3111 acolt
508 3047 608 3110 Heoes
624 3050 803 3133 oclrnreyyei
818 3047 951 3111 birtokot
977 3044 1080 3131 Uprui
1096 3045 1204 3136 Caeley

404 3157 463 3238 fia,
473 3155 591 3219 Bulrizs
605 3156 680 3220 solra
696 3178 759 3218 seori
776 3156 867 3220 hirta.

183 3319 393 3386 ..Ludovico
411 3367 439 3381 ..
465 3319 535 3401 regi
560 3367 590 3382 ..
617 3317 740 3381 Paulus
765 3315 948 3400 prepositus
974 3324 1006 3382 et
1031 3324 1204 3383 conventus

83 3430 260 3496 monasterii
279 3427 373 3492 beate
391 3426 602 3509 Margarethe
627 3425 760 3508 virginis
777 3431 810 3488 et
826 3426 973 3488 martiris
990 3423 1029 3488 de
1046 3425 1203 3490 Hothuon

82 3539 232 3604 ..literas
258 3544 363 3602 vestre
389 3537 598 3602 excellencie.
616 3585 623 3599 .
640 3535 818 3619 recepimus
842 3535 929 3600 huno
945 3542 1087 3600 tenorem
1104 3537 1203 3601 eonti-

82 3653 205 3711 nentes:
228 3645 416 3710 Ludovious
433 3693 439 3707 .
456 3693 463 3708 .
480 3665 559 3708 rex.
577 3696 583 3708 .
600 3644 768 3708 conventui
780 3642 819 3706 de
829 3642 988 3707 Hothuon
1005 3692 1012 3706 .
1029 3693 1034 3706 .
1052 3641 1203 3706 fidelitati

81 3761 179 3818 vestm
194 3801 201 3816 .
217 3801 225 3815 .
240 3750 442 3831 mandamus,
460 3757 620 3832 quatenus
636 3753 778 3813 vestrum
803 3750 941 3812 mittatis
966 3749 1127 3814 hominem
1142 3769 1201 3831 pro

79 3863 256 3926 testimonio
284 3859 345 3923 fide
361 3858 503 3942 dignum,
529 3879 637 3921 coram
663 3877 727 3936 quo
752 3857 920 3922 «lohannes
937 3857 1022 3920 filius
1038 3857 1131 3920 Petri
1146 3856 1204 3920 filii

80 3969 286 4033 Terestienen
310 3967 349 4030 de
366 3965 458 4048 Saar,
485 3964 533 4028 vol
557 3963 642 4028 Elek
666 3963 705 4028 de
730 3963 850 4041 eadem,
875 3969 932 4028 aut
956 3963 1100 4028 Michael
1119 3963 1203 4033 filius

79 4077 202 4158 Sykusd
217 4076 256 4140 de
273 4075 375 4159 Myse,
391 4075 456 4138 sive
466 4073 554 4137 Ietor
569 4072 608 4136 de
625 4072 746 4150 eadem,
762 4071 812 4135 vel
827 4072 905 4155 ipsis
921 4070 1108 4135 absentibus
1118 4071 1203 4136 Pau-

79 4187 124 4250 lus
149 4186 189 4250 de
213 4182 404 4250 Ohereukuz
428 4183 524 4246 homo
556 4187 671 4262 noster,
687 4179 729 4244 ab
747 4179 895 4244 omnibus
921 4179 1038 4262 quibus
1063 4179 1155 4244 decet
1171 4187 1203 4244 et

77 4295 158 4374 licet,
174 4295 258 4358 sciat
273 4298 307 4356 et
321 4291 467 4374 inquirat
482 4289 698 4354 omnimodam
714 4289 885 4353 veritatem
904 4309 1000 4370 super
1018 4309 1063 4363 eo,
1089 4288 1116 4352 si
1132 4309 1202 4370 pos-

77 4405 172 4467 sessio
188 4400 395 4485 Zyluaeghaz
410 4404 522 4464 vocata
538 4399 572 4462 in
587 4397 740 4461 comitatu
757 4397 796 4460 de
810 4397 1029 4480 Hereswyuar
1054 4396 1202 4472 existens,

77 4513 238 4594 pertinens
255 4509 298 4574 sit
314 4514 346 4572 et
361 4509 524 4591 pertineat
542 4505 654 4570 Blasio
679 4504 745 4568 filio
770 4503 894 4588 Oheley.
915 4504 954 4567 de
970 4501 1063 4585 Vgra
1079 4524 1138 4568 nee
1154 4525 1202 4584 ne,

77 4627 193 4704 etpost
208 4619 278 4694 hec,
294 4622 391 4700 prout
405 4614 494 4680 vobis
519 4615 636 4679 veritas
662 4635 757 4696 super
773 4613 832 4677 hoc
848 4610 1037 4690 constiterit,
1062 4610 1153 4676 nobis
1171 4661 1178 4676 .
1195 4662 1202 4675 .

1062 4735 1094 4788 9*
