3188 5470
393 456 456 523 286
753 476 937 526 artensem
954 464 1168 528 osulvvrls.

392 637 477 704 dicte
493 639 763 722 congregacionis,
780 641 814 704 in
829 640 899 706 loco
915 641 1087 721 antedicto,
1104 642 1329 729 anno-domini
1346 643 1518 711 Millesimo

391 745 513 813 OOOm⁰
530 746 611 813 ΧΙι0
635 745 759 833 n(ono).
810 764 849 843 χ

498 910 628 976 Paplron,
642 910 768 962 ztrlatan
790 909 883 974 peccet
904 912 1080 978 nyornaival;
1101 911 1232 978 eredetije
1245 929 1261 964 a
1275 915 1309 966 N.
1323 917 1514 968 Muzeumban.

875 1099 1035 1107 ———-

917 1275 990 1337 154.

392 1435 486 1499 1349.
495 1435 568 1518 jara
584 1434 614 1497 8.
640 1429 688 1496 Aa
704 1431 882 1516 eszteryomi
902 1429 1057 1516 kdptalars
1064 1431 1212 1515 jeleatdse
1228 1433 1380 1498 Idrzsdbet
1402 1435 1515 1522 kircilp

389 1545 482 1609 adhoc
497 1567 518 1608 a
534 1543 627 1628 septi
645 1543 774 1627 prepost
789 1541 819 1603 to
844 1551 969 1606 concert
995 1539 1101 1626 Epeplz
1126 1550 1207 1606 ocull.
1234 1542 1317 1608 Hoat
1341 1549 1516 1632 cdrmepyei

396 1651 540 1716 birtolcdo
557 1647 736 1716 Szemertds'
760 1649 869 1714 Laohlc
885 1648 952 1730 fiai
976 1648 1058 1713 n‘llal
1081 1649 1239 1714 dkcvetett
1261 1653 1515 1719 hatolmnekodds

803 1755 1105 1844 mepcizspdldodrdl.

496 1936 695 2025 (Elmabeth)
711 1989 718 2003 .
735 1986 742 2000 .
759 1938 868 2021 regine
885 1989 890 2002 .
908 1990 915 2003 ·
932 1938 1109 2024 capitulum
1129 1940 1261 2005 ecclesie
1287 1939 1512 2026 Strigcniensis

390 2099 395 2113 .
414 2098 420 2112 .
436 2046 550 2116 literas
566 2054 671 2113 vestre
696 2045 910 2111 excellencie.
929 2095 935 2110 .
952 2043 1160 2132 (recepimus)
1176 2049 1208 2112 in
1235 2048 1293 2113 hec
1318 2050 1433 2115 verba:
1450 2049 1513 2116 Eli-

392 2156 507 2221 zabeth
524 2208 531 2222 .
549 2206 555 2220 .
571 2156 684 2238 regina
701 2205 706 2216 .
723 2151 866 2236 capitulo
892 2153 1023 2218 ecclesie
1043 2151 1275 2237 Strigcniensis
1292 2207 1299 2221 .
1317 2205 1323 2217 .
1342 2152 1513 2241 (exposuit)

389 2265 479 2330 nobis
496 2315 502 2329 .
520 2317 525 2328 .
543 2263 727 2346 Stephanus
743 2263 925 2344 prepositus
941 2261 980 2326 de
997 2259 1107 2346 Saagh
1133 2263 1320 2347 capellanus
1338 2271 1445 2330 noster
1461 2287 1514 2330 sua

388 2379 421 2437 et
438 2378 612 2437 conventus
629 2371 706 2436 dicti
731 2370 917 2435 monasterii
934 2369 967 2433 iu
984 2373 1137 2453 personis,
1163 2371 1249 2452 quod
1274 2372 1418 2438 Michael
1432 2373 1514 2438 filius

388 2479 528 2545 Arnoldi
545 2477 690 2544 officialis
705 2475 835 2542 Nicolai
851 2483 883 2542 et
898 2477 994 2542 Pauli
1011 2475 1151 2542 filiorum
1161 2479 1275 2544 Laohk
1292 2478 1332 2544 de
1349 2478 1512 2546 Scemered

387 2587 511 2654 infesto
521 2587 796 2653 Annunciacionis
806 2586 939 2670 virginis
950 2587 1087 2670 gloriose
1103 2589 1247 2671 proxime
1264 2589 1428 2672 preterito,
1444 2591 1511 2674 ipso
1580 2619 1581 2646 v

387 2697 551 2780 preposito
567 2697 600 2760 in
616 2696 707 2762 curia
717 2701 827 2760 nostra
837 2695 1003 2773 existente,
1022 2717 1120 2780 super
1140 2696 1250 2762 villam
1261 2697 1399 2780 predicti
1409 2719 1512 2764 mona-

391 2805 481 2870 sterii
498 2803 609 2887 Saagh
626 2809 771 2869 vocatam
793 2825 865 2868 cum
881 2803 947 2868 suis
964 2804 1173 2888 complicibus
1190 2806 1415 2889 potencialiter
1432 2808 1513 2871 reni·

394 2913 476 2978 endo
492 2912 662 2979 officialem
684 2912 826 2978 eiusdem
841 2911 915 2977 ville
926 2911 1042 2996 Egegh
1052 2934 1090 2978 ac
1099 2913 1256 2979 famulum
1272 2935 1376 2994 suum,
1392 2937 1510 2980 necnon

386 3020 529 3086 villicum
545 3021 584 3085 de
601 3019 712 3086 eadem
730 3042 788 3103 per
813 3020 895 3084 ictus
920 3021 1115 3103 sagittarum
1141 3021 1283 3104 graviter
1309 3021 1511 3102 vulnerasset,
1579 3097 1580 3104 χ

386 3133 419 3192 et
435 3149 472 3193 eo
487 3149 551 3192 non
576 3134 754 3206 contentus,
771 3127 960 3194 secundario
987 3127 1143 3211 quosdam
1168 3128 1354 3212 iobagiones
1380 3129 1511 3214 predicti

386 3237 573 3303 monasterii
589 3237 623 3301 in
638 3236 750 3302 eadem
766 3235 845 3302 villa
863 3236 978 3321 Egegh
994 3237 1027 3300 in
1044 3257 1157 3320 campo
1172 3236 1359 3303 laborantes
1376 3237 1512 3322 graviter

385 3345 586 3410 vulnerasset
601 3352 635 3409 et
659 3343 866 3422 verberasset,
891 3343 1020 3410 demum
1044 3345 1142 3410 iidem
1166 3343 1311 3410 Michael
1336 3353 1369 3410 et
1394 3347 1512 3412 Paulus
1570 3412 1573 3422 ,

387 3454 560 3519 servientes
577 3454 726 3520 similiter
745 3452 930 3518 eorumdem
954 3452 1092 3519 filiorum
1118 3453 1232 3520 Lachlr
1257 3456 1430 3520 temeraria
1444 3476 1510 3538 pre·

386 3563 548 3627 sumcione
573 3562 705 3640 inducti,
731 3561 891 3644 quendam
922 3562 1125 3645 iobagionem
1156 3561 1234 3628 dicti
1265 3565 1449 3628 monasterii
1474 3564 1511 3627 de
1578 3593 1579 3621 ;

386 3669 496 3753 Saogh
526 3691 616 3735 more
646 3669 810 3736 latronum
841 3669 1038 3748 invadentes,
1070 3677 1210 3752 quatuor
1241 3689 1342 3752 equos
1373 3671 1510 3736 eiusdem

385 3777 563 3862 iobagionis
588 3799 661 3844 cum
686 3779 758 3844 aliis
784 3777 880 3842 rebus
905 3779 979 3858 suis,
1004 3779 1081 3844 item
1107 3784 1246 3860 quatuor
1270 3778 1367 3845 boves
1394 3787 1425 3844 et
1449 3785 1512 3844 tres

386 3907 485 3969 equos
501 3886 678 3971 iobagionis
694 3885 733 3951 de
749 3885 892 3951 Dalmad
911 3892 943 3950 et
968 3891 1107 3969 quatuor
1134 3885 1228 3952 boves
1253 3887 1459 3971 iobagionnm
1475 3887 1511 3950 de

385 3992 499 4077 Egegh
525 3993 671 4078 predicta
696 3993 915 4072 abstulissent,
940 3995 1005 4058 imo
1031 3995 1175 4075 quinque
1194 3993 1381 4078 iobagicnes
1396 3995 1511 4079 prefati
1577 4063 1578 4080 ,

384 4103 572 4167 monasterii
597 4101 636 4166 de
662 4101 807 4186 predicta
831 4100 974 4166 Dalmad
999 4101 1216 4185 captivassent
1232 4109 1264 4166 et
1280 4103 1387 4168 adhuc
1401 4103 1434 4168 in
1449 4104 1513 4166 vin·

385 4209 466 4275 culis
481 4231 590 4274 eorum
607 4215 756 4274 tenerent
771 4209 960 4292 captivatos,
986 4207 1132 4292 aliasque
1158 4209 1316 4291 plurimas
1333 4211 1467 4276 iniurias
1483 4220 1513 4274 et

384 4316 502 4383 damna
517 4339 581 4383 non
596 4318 721 4383 modica
746 4317 808 4399 ipsi
833 4317 1030 4382 monastario
1047 4318 1086 4382 de
1103 4317 1214 4401 Saagh
1236 4323 1270 4382 et
1293 4316 1513 4402 iobagionibus

384 4425 527 4491 eiusdem
542 4425 728 4492 intulissent
743 4431 776 4490 et
790 4424 946 4491 inferrent
969 4427 1177 4504 incessanter,
1201 4433 1235 4491 et
1258 4427 1391 4510 insuper
1415 4448 1514 4509 quan·

384 4531 458 4596 dam
474 4533 667 4616 particulam
692 4539 779 4598 terre
804 4553 878 4598 cum
903 4554 966 4597 unc
992 4533 1175 4598 molendino
1201 4533 1287 4598 intra
1312 4539 1414 4598 metas
1430 4533 1513 4598 dicte
1576 4527 1577 4534 '

384 4640 592 4725 possessionis
608 4641 723 4730 Egegh
739 4639 920 4724 sepedictus
936 4639 1081 4707 Michael
1096 4641 1229 4726 propria
1244 4661 1304 4706 sua
1321 4641 1512 4706 auctoritate
