3180 5466
367 531 432 592 498
739 543 926 590 ANJOUKORI
943 531 1157 592 ouulurrln.

366 707 511 774 causales
528 709 746 791 cuiuscunque
763 708 876 774 iudicis
900 715 933 773 et
953 709 1241 792 quomodocunque
1258 715 1439 785 emanatas,
1455 711 1496 772 ri-

366 818 455 883 ribus
472 819 631 882 carituras
649 817 877 884 committendo
894 825 927 883 et
943 819 1063 896 inanes,
1081 825 1114 883 et
1129 818 1249 883 dictam
1265 817 1498 900 possessionem

362 925 474 990 Elbeclr
484 925 659 1008 litigiosam
670 924 754 990 inter
765 947 798 990 se
809 926 920 990 metali
931 925 1254 1003 distinccione‚novas
1265 932 1369 990 metas
1378 923 1497 1008 (iuxta)

366 1042 487 1100 veteres
504 1034 582 1098 locis
599 1037 632 1100 in
648 1035 838 1099 necessariis
849 1034 1000 1118 erigendo
1011 1034 1194 1098 divisissent
1205 1057 1214 1114 ;
1227 1034 1317 1098 cuius
1327 1034 1499 1118 possessio·

365 1144 415 1208 nis
432 1144 616 1228 porcionem
632 1142 737 1207 dictus
753 1142 893 1225 Egidius
910 1149 979 1207 tam
995 1163 1054 1206 suo
1071 1163 1169 1224 quam
1185 1141 1263 1206 dicti
1279 1141 1430 1206 Lorandi
1449 1162 1497 1204 no-

363 1253 450 1316 mine
466 1256 643 1316 memorato
659 1249 796 1315 Nicolao
813 1270 1004 1334 quocunque
1029 1251 1109 1315 iuris
1134 1249 1230 1316 titulo
1255 1251 1360 1333 ipsam
1377 1249 1499 1314 obtinu-

365 1359 446 1426 isset
462 1365 494 1424 et
510 1359 662 1443 possidet,
679 1363 712 1424 in
730 1359 774 1424 ibi
790 1381 886 1445 super
903 1381 939 1424 eo
961 1359 1149 1424 divisionem
1166 1358 1234 1424 fieri
1260 1358 1447 1424 admisisset
1470 1363 1500 1421 et

358 1451 505 1547 ¹admisit,
515 1473 622 1532 ratam
633 1489 701 1532 esse
718 1473 751 1531 et
761 1467 888 1532 firmam
900 1473 1058 1550 perpetuo
1074 1469 1144 1532 iure
1155 1488 1264 1532 coram
1279 1467 1386 1531 nobis.
1402 1465 1499 1531 Cuius

366 1575 497 1655 quidem
523 1575 732 1657 possessionis
757 1575 868 1658 porcio
893 1597 913 1640 a
939 1581 1032 1657 parte
1057 1575 1218 1658 aquilonis
1247 1576 1339 1639 iuxta
1371 1597 1499 1640 cursum

298 1695 299 1700 ’
366 1689 527 1748 metarum
543 1705 616 1749 cum
633 1689 722 1749 terra
738 1683 778 1747 de
793 1683 882 1748 ultra
897 1683 993 1747 fluvio
1009 1683 1155 1748 Zelchan
1174 1690 1295 1762 vocato,
1305 1705 1370 1767 que
1380 1685 1500 1748 scilicet

366 1799 456 1858 terra
481 1799 695 1858 commetatur
720 1793 913 1875 possessioni
933 1792 1026 1857 Neue
1052 1798 1172 1874 vocate,
1198 1791 1343 1876 predicto
1363 1791 1499 1857 Nicolao

365 1902 436 1966 iure
452 1908 608 1987 perpetuo
634 1901 826 1987 possidenda
851 1903 1006 1976 cessisset,
1031 1924 1052 1966 a
1076 1908 1169 1985 parte
1194 1921 1269 1965 vero
1296 1901 1499 1966 meridionali

365 2017 463 2093 prout
478 2017 561 2075 mete
578 2030 680 2092 usque
698 2011 821 2076 dictum
844 2009 978 2074 fluvium
1000 2010 1145 2074 Zelchan
1161 2009 1345 2092 distingunt
1361 2015 1396 2073 et
1412 2030 1499 2092 sepa·

365 2123 450 2195 rant,
467 2119 576 2199 porcio
592 2117 745 2202 predictis
761 2117 881 2200 Egidio
898 2139 970 2182 cum
997 2116 1150 2182 Lorando
1176 2117 1243 2182 filio
1268 2139 1326 2182 suo
1352 2117 1498 2184 similiter

365 2226 436 2290 inre
462 2234 618 2310 perpetuo
649 2225 843 2308 possidenda
870 2227 1036 2304 cessisset;
1060 2225 1230 2289 voluerunt
1254 2228 1358 2291 eciam
1383 2235 1498 2310 partes.

366 2334 496 2416 quodsi
514 2354 579 2416 qna
604 2356 680 2417 pars
706 2334 866 2399 dictarum
892 2336 1047 2416 parcium,
1073 2355 1169 2416 super
1195 2337 1370 2418 premissas
1395 2333 1499 2398 dirisi·

366 2462 468 2520 onem,
486 2443 723 2507 ordinacionem
741 2449 773 2507 et
788 2444 1051 2527 composicionem
1068 2448 1374 2528 tracturtemporum
1390 2449 1498 2506 contra

366 2556 491 2632 partem
517 2551 653 2615 alteram
680 2553 859 2634 quesoionis
889 2552 1059 2615 materiam
1085 2552 1265 2628 suscitaret,
1291 2550 1368 2615 talis
1396 2557 1496 2614 motor
1578 2559 1579 2598 ῖ

367 2665 481 2724 contra
497 2666 623 2745 partem
640 2681 751 2745 pacem
763 2659 899 2724 firmiter
915 2659 1137 2724 observantem
1154 2711 1159 2722 .
1179 2708 1185 2720 .
1210 2660 1243 2722 in
1260 2658 1430 2724 succubitu
1445 2681 1496 2742 pc·

366 2768 513 2832 tencialis
530 2767 630 2833 duelli
647 2769 851 2833 convincetur
868 2789 904 2832 eo
920 2767 1016 2846 facto,
1033 2772 1066 2832 et
1082 2769 1213 2850 iusuper
1229 2767 1335 2832 dictus
1363 2767 1497 2851 Egidius

367 2875 394 2939 si
411 2897 474 2958 que
499 2882 631 2959 propter
658 2875 840 2940 absenciam
866 2875 944 2940 dicti
959 2875 1104 2940 Lorandi
1131 2875 1190 2939 filii
1216 2876 1266 2938 sui
1286 2877 1495 2958 inposterum

367 2980 380 3066 (
398 3032 522 3050 ......
526 2982 538 3066 )
555 3005 653 3050 onera
669 3005 766 3068 super
782 3006 815 3048 se
830 2983 1021 3068 recipiendo,
1038 2982 1173 3048 eundem
1190 2983 1379 3048 Lorandum
1399 2983 1496 3048 filium

368 3114 462 3156 suum
478 3091 557 3156 inibi
573 3099 606 3157 et
623 3115 730 3158 coram
748 3092 839 3157 nobis
865 3113 902 3156 eo
927 3092 1022 3156 modo
1048 3091 1220 3174 obligarat,
1246 3091 1333 3172 quod
1352 3093 1380 3157 si
1396 3091 1495 3156 dictus

366 3199 539 3265 Lorandus
555 3208 628 3284 post
644 3201 767 3266 obitum
792 3201 931 3284 preteeti
947 3199 1058 3283 Egidii
1082 3201 1185 3284 patris
1202 3202 1250 3265 sui
1277 3207 1392 3266 contra
1407 3201 1495 3285 preli·
1576 3217 1577 3226 ¹

366 3308 479 3373 batum
495 3307 668 3374 Nicolaum
693 3309 796 3374 filium
822 3331 879 3375 seu
905 3309 987 3374 filios
1013 3330 1094 3388 suos,
1121 3331 1217 3393 super
1244 3310 1410 3394 premissis
1426 3330 1495 3393 que·

368 3417 484 3482 solonis
500 3419 669 3484 materiam
696 3420 876 3496 suscitaret,
901 3426 980 3484 tunc
1005 3417 1114 3500 porcio
1140 3417 1173 3480 in
1189 3416 1277 3482 dicta
1302 3421 1494 3502 possessione

367 3523 488 3607 llbeck,
505 3547 544 3590 ex
560 3549 645 3592 nunc
663 3527 740 3614 ipsis
756 3527 875 3610 Egidio
892 3528 978 3610 patri
995 3533 1029 3591 et
1044 3525 1196 3590 Lorando
1212 3525 1281 3591 filio
1297 3529 1331 3592 iu
1348 3528 1494 3593 divisione

369 3632 528 3714 devoluta,
544 3635 704 3721 prelibato
720 3633 860 3701 Nioolao
876 3633 943 3700 filio
954 3635 1004 3699 rel
1020 3633 1094 3700 filiis
1110 3635 1187 3712 suis,
1203 3641 1279 3700 ante
1295 3635 1365 3701 litis
1376 3638 1490 3720 ingres·

367 3763 438 3807 sum
462 3749 495 3807 et
520 3763 616 3809 cause
641 3745 881 3810 inchoacionem
907 3742 1086 3810 subiacebit
1111 3749 1266 3828 perpetuo
1294 3744 1490 3828 possidenda

367 3857 463 3934 prout
480 3873 537 3933 per
553 3858 665 3935 partes
681 3855 792 3920 extitit
807 3860 985 3918 assumtum
1011 3859 1044 3916 et
1070 3852 1253 3917 ordinatum
1269 3874 1380 3920 coram
1396 3854 1489 3921 nobis.

368 3955 468 4024 Ouios
486 3960 616 4040 quidem
631 3963 840 4046 possessionis
867 3971 950 4028 mete
975 3967 1072 4044 prout
1086 3960 1184 4026 iidem
1198 3961 1328 4026 easdem
1353 3971 1493 4028 oretenus
1574 3945 1575 3950 ἵ

369 4065 574 4133 affirmarunt
588 4092 696 4135 coram
713 4072 814 4154 nobis,
831 4078 982 4136 secuntur
999 4067 1081 4155 (igy)
1107 4077 1140 4136 et
1171 4075 1245 4136 suut
1269 4071 1372 4136 tales:
1399 4073 1494 4156 prima

368 4186 456 4241 meta
471 4177 585 4260 incipit
601 4199 620 4242 a
636 4187 729 4264 parte
744 4181 895 4244 orientali
912 4179 972 4245 sub
983 4180 1039 4257 tul,
1050 4202 1070 4246 a
1081 4199 1145 4260 quo
1155 4179 1240 4245 infra
1255 4180 1298 4244 ad
1314 4188 1440 4264 partem
1450 4203 1493 4245 oc

369 4283 564 4349 oidentalem
589 4287 675 4352 venit
701 4288 743 4352 ad
759 4289 907 4353 arborem
923 4288 991 4372 piri
1012 4293 1099 4352 meta
1132 4274 1240 4354 terr'ea
1265 4289 1494 4354 circumfusam.
1573 4313 1574 4328 ¹

368 4391 407 4455 de
424 4412 489 4473 qna
504 4393 624 4460 directe
650 4417 707 4480 per
732 4397 865 4462 eandem
891 4395 1022 4480 plagam
1038 4397 1124 4461 venit
1148 4395 1190 4460 ad
1215 4403 1335 4461 metam
1362 4403 1492 4462 terream

368 4501 461 4566 iuxta
499 4524 616 4585 aquam
649 4503 770 4588 Kyrtus
802 4511 947 4571 vocatam
982 4506 1145 4586 situatam,
1173 4503 1289 4570 dehinc
1321 4527 1419 4590 supra
1442 4527 1494 4588 per

368 4609 472 4691 ipsam
497 4631 615 4692 aquam
640 4613 845 4692 transeunda
871 4613 959 4677 venit
983 4612 1024 4677 ad
1049 4619 1189 4696 portum,
1214 4633 1309 4696 quem
1325 4613 1492 4697 pertransi-

369 4716 450 4778 endo
468 4720 553 4782 veuit
569 4719 611 4782 ad
626 4719 787 4802 lapideam
802 4727 928 4797 metam,
940 4720 978 4783 de
995 4743 1059 4802 qua
1076 4743 1134 4804 per
1149 4723 1257 4788 villam
1274 4723 1385 4790 Ebeclr
1401 4747 1492 4806 snpra
