3138 5462
554 517 649 578 1348.
667 531 767 574 naar.
785 513 836 574 21.
1185 511 1247 572 169

20 467 22 530 1

19 549 21 630 l

18 633 21 786 l
120 694 288 763 110000ο
314 695 418 760 XL¹¹¹⁰
443 700 572 775 octrivo;
596 697 752 778 regnante
778 691 906 754 domino
930 689 1092 754 Lodovico
1119 687 1248 760 sublimi

18 789 20 810 '
120 825 155 866 ac
178 803 414 887 triumphatore
439 824 515 884 rege
543 803 686 887 Ungarie
712 807 745 866 et
770 799 902 884 Apulia,
926 798 1146 864 coronacionis
1170 819 1246 862 vero

122 933 202 976 anno
217 919 316 976 sexto.

221 1053 826 1118 11101100,111100111100000111110110101101;
840 1051 970 1116 ererletije
990 1067 1022 1104 az
1043 1067 1112 1102 orez.
1126 1047 1158 1102 It.
1177 1052 1245 1116 dipl.

122 1156 184 1197 oszt.
198 1153 278 1198 3979.
307 1147 408 1197 szli:
429 1147 538 1198 Kovacs
551 1147 585 1196 N.

601 1327 760 1336 ...—

655 1479 707 1536 80.

127 1618 215 1680 1348.
234 1628 324 1680 mart.
343 1619 395 1680 21.
416 1617 475 1680 Pal
491 1615 672 1698 or'squbiro'
695 1641 716 1678 0
740 1617 1100 1701 9010111-00011100000011
1119 1639 1245 1678 00111·οη-

123 1735 159 1786 101
176 1723 311 1808 rijubbca
328 1723 467 1802 attracti,
484 1725 562 1808 boqq
590 1723 730 1809 Gydredc'
750 1724 834 1787 Mdre
849 1725 893 1802 fic
912 1725 1025 1787 ,llilrlo'e
1052 1725 1168 1786 rcaze'ro
1191 1725 1246 1806 lli-

112 1831 332 1917 ι1011100111·οῬ
359 1834 438 1916 Potq
462 1840 542 1895 aecii
566 1831 698 1896 birtolot
723 1857 760 1896 cra
785 1836 962 1916 0011019011ιὶ
986 1835 1017 1896 e'a
1042 1857 1063 1895 0
1072 1832 1246 1918 felbeccizi

438 1939 646 2004 0000001011ὕί
650 1939 795 2024 fquuljo
814 1942 922 2004 ciccae.

230 2151 236 2165 .
256 2103 448 2167 Ι0011011111
469 2101 602 2168 ecclesie
626 2103 728 2166 sancti
753 2099 923 2167 Benedicti
948 2101 988 2166 de
1013 2102 1103 2167 iuxta
1127 2099 1248 2183 Goron,

120 2231 220 2273 cornea
237 2210 362 2275 Paulus
378 2211 473 2274 iudex
490 2211 577 2275 curie
595 2263 600 2275 .
618 2261 624 2275 .
642 2211 793 2276 noveritis
817 2209 903 2294 quod
931 2231 1003 2276 cum
1028 2211 1119 2276 iuxta
1144 2210 1245 2274 eonti-

119 2320 263 2382 nenciam
289 2319 432 2401 priorum
457 2318 625 2384 literarum
648 2326 831 2384 nostrarum
857 2318 984 2384 modum
1011 2319 1120 2384 iudicii
1145 2319 1246 2382 nostri

120 2425 354 2504 denotancium,
377 2427 496 2491 Petrus
513 2425 598 2492 filius
623 2427 737 2492 Kokas
763 2427 802 2491 de
828 2425 912 2511 Tuly
937 2427 1033 2491 homo
1049 2427 1135 2508 regie
1151 2425 1246 2490 maie·

118 2536 209 2598 statis
236 2541 385 2618 presente
410 2536 592 2599 testimonio
617 2543 722 2600 vestro
737 2535 770 2599 in
788 2535 957 2619 quindenis
982 2536 1055 2600 festi
1082 2535 1168 2600 beati
1185 2535 1247 2600 Mi·

117 2644 236 2708 chaelis
252 2643 438 2727 archangeli
457 2667 541 2710 nnnc
565 2645 709 2727 proxime
734 2644 897 2728 preteritis
923 2645 964 2708 ad
988 2644 1103 2708 faciem
1129 2643 1246 2708 medie·

117 2748 1247 2838 tatispossessionisWyfalualionominePotyvocate,quamNieolaus

117 2859 199 2923 tilius
216 2857 316 2942 Myhc
333 2859 372 2923 do
389 2859 545 2943 Gyeurud
562 2882 582 2926 a
598 2862 754 2944 magistro
764 2862 864 2926 Petro
881 2868 1087 2944 procuratore
1099 2861 1246 2944 magistri

116 2975 291 3032 conventus
307 2967 443 3032 fratrum
469 2970 573 3032 sancti
600 2969 684 3052 regis
710 2968 867 3052 Stephani
893 2967 932 3034 de
958 2967 1124 3051 Strigonio
1149 2973 1182 3032 et
1207 2969 1247 3032 do

119 3073 242 3140 Calidis
254 3073 365 3158 'Aquis
381 3076 510 3140 nomine
524 3077 574 3140 sni
600 3076 679 3141 iuris
704 3075 815 3139 ordine
830 3075 998 3140 iudiciario
1022 3095 1130 3140 coram
1155 3073 1248 3138 nobis

114 3182 302 3266 requirebat
319 3232 325 3246 .
343 3231 349 3246 .
366 3184 555 3263 accedendo,
570 3185 704 3250 eandem
723 3185 850 3248 nomine
867 3184 946 3248 iuris
957 3182 1035 3247 dieti
1051 3181 1180 3248 Nicolai
1196 3202 1245 3245 re-

118 3311 243 3374 cepere,
258 3291 554 3376 recaptivatamqne
571 3343 596 3357 ..
613 3292 714 3357 eidem
725 3289 861 3357 Nicolao
871 3291 938 3356 filio
948 3290 1048 3375 Myle
1059 3339 1065 3353 .
1077 3341 1082 3354 .
1095 3295 1246 3367 statuere,

115 3398 143 3462 si
168 3420 228 3481 per
253 3399 358 3482 ipsum
384 3401 575 3482 magistrum
601 3401 733 3465 Petrum
759 3406 1000 3483 procuratorem
1019 3397 1069 3462 vel
1086 3397 1166 3462 alios
1183 3419 1247 3461 non

114 3505 208 3570 fieret
225 3507 469 3586 contradictum,
493 3508 743 3574 contradictores
758 3513 866 3573 autem
892 3507 973 3572 alios
997 3507 1024 3571 01
1042 3507 1098 3589 qui
1114 3512 1247 3588 excepto

113 3615 185 3696 ipso
210 3615 367 3697 magistro
394 3617 494 3680 Petro
519 3615 641 3692 fierent,
673 3625 785 3682 contra
817 3619 922 3700 ipsum
948 3615 1119 3681 Nicolaum
1145 3613 1247 3678 filium

114 3721 215 3805 Myke
241 3722 283 3786 ad
308 3723 496 3806 vigesimum
521 3723 696 3788 seeundum
721 3725 805 3788 diem
830 3723 967 3807 predicti
993 3724 1065 3788 festi
1081 3724 1168 3788 beati
1184 3724 1249 3788 Mi·

113 3830 239 3896 chaelis
264 3831 451 3914 archangeli
476 3833 510 3896 in
536 3833 733 3916 presenciam
765 3831 852 3915 regie
883 3831 1061 3897 maiestatis
1087 3832 1248 3896 racionem

111 3937 380 4004 contradiccionis
391 3961 501 4004 eornm
512 3939 691 4004 reddituros
702 3941 810 4018 citare,
820 3941 926 4024 ipsum
937 3946 1045 4004 autem
1056 3940 1247 4022 magistrum

111 4047 251 4110 Petrum
284 4047 311 4110 01
335 4048 368 4111 in
394 4047 505 4130 aliquo
540 4045 773 4112 contradiceret
814 4047 913 4112 citare
944 4067 1009 4111 non
1038 4047 1247 4124 incumberet,

112 4155 194 4237 qnia
210 4155 334 4238 absque
350 4155 506 4220 eitacione
522 4155 666 4237 aliquali,
690 4177 727 4220 eo
744 4153 830 4236 quod
855 4154 888 4217 in
913 4153 971 4218 lite
998 4155 1150 4218 existeret
1175 4174 1247 4218 eum

111 4263 236 4340 eodem,
259 4257 364 4347 ipsum
381 4265 413 4330 in
430 4262 552 4346 prefixo
568 4264 706 4328 termino
732 4263 892 4328 racionem
909 4285 965 4328 sue
981 4264 1248 4330 contradiccionis

109 4370 251 4436 reddere
278 4377 440 4454 oporteret
464 4393 571 4438 coram
597 4371 697 4450 nobis,
721 4372 924 4440 medictatem
950 4379 1059 4436 autem
1076 4371 1159 4437 dicte
1176 4394 1248 4456 pos·

110 4479 267 4545 sessionis
282 4477 417 4563 Wylalu
441 4501 498 4563 per
522 4480 706 4563 quempiam
730 4479 936 4564 prohibitam,
960 4481 1060 4564 signis
1077 4501 1135 4563 pro
1152 4481 1246 4545 metis

109 4587 229 4672 positis
264 4587 488 4670 consignando,
521 4596 553 4654 et
578 4587 680 4672 regali
705 4609 856 4654 mensura
880 4589 906 4653 si
933 4590 1112 4653 mensurari
1138 4595 1246 4672 posset

107 4695 340 4776 mensurando,
355 4697 406 4762 vel
422 4698 491 4762 visu
507 4695 738 4764 considerando
754 4745 761 4761 .
779 4747 785 4761 .
802 4698 960 4778 estimare,
971 4703 1004 4763 et
1020 4697 1160 4782 posthoc
1176 4717 1247 4780 pre·
