3188 5476
620 449 713 507 Α352.
730 464 795 508 sun.
814 448 842 506 5.
1236 446 1297 506 597

170 627 255 677 sancti
278 626 421 676 Benedicti
447 625 541 689 illst-is,
567 626 716 674 seeundum
740 624 837 673 scriem
863 623 986 672 mandati
1013 624 1096 674 vestri
1123 624 1248 687 superins
1271 625 1300 673 in

170 716 254 766 literis
276 717 375 765 vestris
394 718 523 778 expressi,
546 716 637 766 verbis
657 731 684 764 se
707 717 914 764 satisfacturum
934 713 1111 776 promisisset,
1134 720 1162 764 et
1185 715 1300 776 posthec

170 805 307 854 coutinuis
330 805 418 854 trihus
441 805 536 854 diebus
559 805 589 853 in
608 805 731 866 ipsorum
750 804 918 856 monasterio
940 805 1113 868 exspectatis,
1133 805 1240 854 nullam
1260 819 1300 853 sa-

170 894 356 943 tisfaccionem
380 895 461 944 factis
483 894 639 956 impendere
663 894 839 942 curavisset.
862 895 901 942 ΕΖ
924 893 1009 943 2212222
1030 893 1131 942 ertede'
1112 893 1160 956 trje
1182 908 1299 957 megvan

169 998 234 1032 or.sz
257 983 289 1031 lt.
313 982 412 1032 kincst.
433 989 499 1032 oszt.
522 986 624 1032 ltcoles.
650 988 729 1031 ·4.3
732 981 845 1045 0..dipl
870 987 936 1031 oszt.
960 987 1038 1032 4293.
1062 983 1299 1047 Ugyanot·tmeg

169 1073 1297 1140 2222221221»222222212221221352.]“2222.12-2111,(1122122222282Κὸ211ε

167 1163 274 1212 Koraos
293 1164 327 1213 N.

698 1492 771 1550 371.

136 1649 1294 1742 ι1352112212,22213.1222212)22222222222212222221222221211222122222-

164 1759 282 1821 22211212·
299 1761 345 1822 2111
345 1759 556 1821 22Β22222222
522 1759 633 1844 bjdon
648 1759 756 1822 Jonas
774 1759 903 1822 221222
900 1784 935 1842 sc
953 1759 1032 1838 fici,
1055 1758 1296 1843 Noqycaoriooi
1324 1837 1325 1842 η

164 1866 335 1929 1121212122221
351 1869 540 1951 rireqn'licpor
541 1867 736 1930 112222222222
739 1869 839 1953 ,12222222
857 1829 1004 1930 1122122222
1022 1874 1100 1928 nevil
1117 1866 1294 1927 Kocidrorn

162 1979 345 2058 oriraaeegpea'
360 1973 506 2036 1222121222
521 1974 753 2060 ’22)222211222211222]
770 1999 790 2036 o
806 1974 1011 2059 tuicg'donjcq
1031 1973 1297 2057 212121222222222222

162 2081 363 2145 21212221221221
387 2105 408 2142 a
431 2081 700 2167 ι22221221221222122
725 2083 795 2144 elba
821 2106 841 2144 a
866 2077 1294 2168 122212221212222212222222022121-

585 2197 724 2254 2222222222
740 2189 872 2276 ι1222222112.

269 2349 339 2416 Nos
369 2351 543 2418 Ladislaus
569 2353 752 2436 prepositus
779 2353 910 2417 ecclesie
942 2351 1157 2429 Ohasmensir,
1188 2371 1293 2416 comes

159 2460 283 2544 capelle
308 2466 341 2524 et
366 2461 559 2525 secretarius
585 2461 796 2525 cancellarius
829 2509 857 2523 ..
890 2460 1044 2524 Lodovici
1075 2509 1104 2523 ..
1139 2461 1224 2542 regis
1257 2509 1286 2523 ..

159 2569 313 2634 memorie
329 2571 595 2647 commendamus,
612 2569 698 2652 quod
714 2569 869 2652 magister
885 2569 910 2634 J
912 2570 1053 2634 ohannes
1067 2569 1172 2633 dictus
1184 2567 1293 2654 Sydon

159 2676 199 2742 de
224 2677 320 2742 Bana
345 2699 403 2760 pro
428 2698 461 2742 se
487 2678 700 2762 personaliter
716 2683 748 2740 et
764 2698 822 2760 pro
840 2677 990 2742 Emerico
1014 2675 1149 2742 Andrea
1165 2699 1204 2742 ac
1219 2679 1293 2744 aliis

159 2787 235 2852 filiis
252 2788 364 2870 Pcnya
389 2837 417 2850 ..
441 2786 482 2852 ah
507 2809 579 2864 una,
604 2787 682 2850 item
708 2785 815 2850 Beder
840 2785 879 2851 de
904 2784 1039 2850 Nadasd
1061 2807 1120 2868 pro
1137 2787 1293 2870 magistro

158 2895 295 2981 Nyhhul
320 2893 385 2958 filio
409 2895 581 2960 Laurencii
609 2895 647 2959 de
672 2893 833 2977 Nogmori
835 2917 908 2958 nn.
925 2899 1048 2978 parte
1064 2894 1105 2959 ab
1121 2894 1227 2958 altera
1243 2915 1293 2958 co·

160 3025 231 3068 ram
249 3005 340 3069 nobis
357 3010 459 3069 consu
450 3004 532 3085 tuti,
550 3003 685 3068 confessi
697 3025 751 3067 exs
754 3003 921 3066 titert.un
938 3004 1076 3086 ,quod
1068 3004 1130 3086 rpsi
1145 3002 1293 3086 magistri

157 3111 295 3196 Nylrhul
320 3119 353 3176 et
377 3111 544 3176 Johannes
569 3133 607 3176 ac
631 3110 689 3174 filii
715 3111 827 3194 Ponya
852 3133 949 3193 super
973 3111 1058 3175 facto
1083 3110 1293 3192 possessionis

158 3219 332 3303 Kyskezeu
343 3225 454 3284 vocate
471 3219 504 3282 in
522 3219 677 3284 comitatu
694 3219 733 3283 de
750 3217 919 3284 Komaron
936 3219 1111 3298 existentis,
1128 3217 1238 3283 taliter
1255 3269 1261 3282 .
1278 3269 1284 3283 .
1325 3225 1328 3232 '

158 3327 396 3393 concordarunt
422 3347 529 3392 coram
556 3325 654 3406 nobis,
682 3326 768 3410 quod
792 3326 912 3408 prefati
927 3326 952 3391 J
954 3327 1096 3392 ohannes
1112 3327 1217 3392 dictus
1234 3325 1291 3411 Sy·

158 3435 223 3500 dou
240 3457 277 3501 ac
292 3433 351 3500 filii
377 3436 498 3519 Ponya,
522 3436 735 3519 prescriptam
755 3435 988 3517 possessionem
1005 3435 1184 3521 Kyskezeu‚
1210 3434 1292 3500 feria

160 3549 283 3626 quarta
299 3545 446 3626 proxima
462 3545 607 3621 instanti,
624 3544 728 3608 eidem
747 3543 902 3626 magistro
918 3543 1027 3630 Nykul
1044 3565 1146 3628 usque
1162 3550 1291 3610 octavas

159 3652 236 3718 festi
251 3653 339 3718 beati
363 3651 534 3716 Michaelis
552 3652 738 3735 archangeli
763 3651 920 3718 affuturas
937 3653 977 3718 ad
993 3653 1168 3718 tenendum
1191 3703 1220 3716 ..
1243 3673 1291 3716 re·

157 3759 327 3842 signarent
343 3781 414 3824 oum
431 3759 498 3824 suis
515 3760 714 3826 utilitatibus
734 3760 899 3840 universis,
926 3760 958 3823 in
984 3761 1163 3842 prenotatis
1180 3765 1290 3824 autem

157 3869 280 3933 octavis
305 3867 376 3934 festi
404 3867 490 3932 beati
516 3866 686 3932 Michaelis
712 3868 898 3951 archangeli
925 3865 1074 3932 affuturis
1092 3873 1203 3952 partes
1220 3887 1290 3950 pre·

158 3975 245 4041 dicte
262 3983 332 4041 octo
356 3976 474 4059 probos
490 3977 574 4041 viros
592 3976 632 4041 ad
649 3975 827 4060 capitulum
853 3976 983 4042 ecclesie
1007 3974 1032 4040 J
1033 3977 1191 4041 auriensis
1208 3996 1290 4040 com·

156 4085 298 4150 maniter
323 4085 493 4150 adducere*
507 4091 703 4168 tenerentur,
735 4107 843 4152 coram
875 4085 990 4170 quibus
1019 4086 1104 4152 idem
1134 4088 1290 4172 magister

156 4193 325 4257 Johannes
351 4193 456 4258 dictus
482 4193 591 4278 Sydon
616 4194 765 4258 universa
790 4217 849 4260 sua
874 4195 1097 4273 instrumenta,
1124 4197 1150 4260 si
1176 4197 1288 4279 quein

156 4303 244 4368 sacto
268 4302 476 4384 possessionis
501 4302 643 4386 predicte
668 4302 804 4368 haberet
823 4302 975 4381 confecta,
1001 4303 1128 4367 omnino
1159 4303 1289 4370 deberet

156 4409 320 4489 exhibere,
352 4410 379 4473 si
409 4430 484 4474 vero
510 4410 620 4493 aliqua
645 4431 684 4475 ex
710 4410 829 4476 eisdem
859 4409 1040 4475 literalibus
1065 4411 1288 4478 instrumentis

155 4517 225 4584 illic
241 4539 304 4582 non
315 4517 489 4594 exhiberet,
469 4523 562 4583 tter
563 4539 625 4582 unc
640 4519 711 4602 ipsa
727 4539 790 4583 non
807 4518 929 4583 exhibit
916 4523 950 4582 ta
965 4517 1180 4584 instrumenta
1196 4543 1289 4587 cassa

155 4626 300 4691 fierent.
317 4626 541 4710 inquorum
565 4627 691 4710 quidem
718 4628 1005 4692 instrumentorum
1030 4629 1236 4711 contrarium,
1261 4631 1289 4696 si
