3226 5462
572 456 666 518 1347.
684 459 755 517 nli.
773 457 802 517 8.
1203 457 1245 518 49

106 631 187 694 siris
212 631 338 696 Jaccbo
364 638 397 697 et
416 632 519 698 Paulo
545 633 708 715 magistris
725 631 800 698 filiis
820 633 955 698 condam
971 635 1083 698 Dcuse
1099 634 1246 718 palatini,

105 739 261 802 similiter
284 761 343 822 per
367 760 443 803 suas
468 760 559 804 veras
583 747 686 804 metas
702 747 735 804 et
750 741 902 824 antiquas
922 739 1007 805 infra
1022 741 1245 824 declarandas,

106 866 207 912 noras
223 847 314 910 iuxta
329 853 452 912 veteres
464 846 519 910 ubi
530 867 657 912 necesse
673 847 788 913 luisset
797 847 958 931 erigenda,
972 848 1241 930 reambulassent,

105 953 410 1038 reambulatamque
427 961 459 1020 et
474 977 494 1020 a
510 955 672 1020 vicinariis
688 955 940 1040 possessionibus
966 955 1105 1040 perfecte
1129 956 1244 1022 distin-

107 1069 196 1128 ctam
212 1071 246 1127 et
262 1069 457 1148 separatam,
473 1085 547 1128 cum
562 1065 629 1128 suis
646 1065 853 1147 pertinenciis
865 1086 903 1130 ac
913 1067 1048 1130 ecclesia
1064 1065 1193 1148 lapidea
1211 1067 1243 1130 in

106 1170 231 1235 honore
258 1175 360 1238 sancti
387 1171 561 1238 Adalberti
588 1175 730 1239 martiris
755 1177 788 1238 in
807 1173 920 1240 eadem
945 1183 1138 1252 constructa,
1164 1197 1237 1240 cum

108 1279 255 1360 predicto
271 1281 425 1363 magistro
443 1281 541 1346 Petro
568 1283 757 1346 statuissent
781 1282 945 1348 Luohasic
971 1289 1004 1348 et
1029 1285 1095 1348 suis
1119 1283 1244 1348 heredi-

106 1385 168 1451 bus
185 1388 390 1470 supradictis,
415 1389 542 1452 nemine
556 1391 684 1473 penitus
701 1390 937 1456 contradictore
948 1399 1133 1474 apparente.
1153 1393 1243 1456 Mete

106 1515 188 1566 vero.
210 1495 363 1560 iamdicto
394 1499 603 1580 possessionis
629 1497 774 1576 Samson,
799 1499 915 1582 quibus
941 1501 1012 1584 ipsa
1041 1501 1240 1566 aricinariis

110 1603 369 1686 possessionibus
386 1627 448 1688 quo
464 1627 564 1688 supra
579 1605 769 1690 distingitur
784 1613 817 1672 et
833 1615 1012 1692 separatur,
1033 1607 1129 1674 sicuti
1145 1607 1242 1672 iidem

105 1711 228 1776 domini
247 1709 386 1794 palatini
412 1720 444 1778 et
463 1715 565 1778 nostri
589 1714 734 1780 homines
760 1714 851 1780 nobis
867 1723 1103 1798 expresserunt,
1129 1716 1243 1780 taliter

111 1820 370 1902 protenduntur:
395 1822 500 1905 prima
525 1823 610 1890 enim
627 1830 713 1887 meta
729 1823 881 1905 incipite
907 1823 1011 1906 plagis
1036 1822 1186 1888 orientali
1212 1831 1245 1887 et

110 1929 318 2005 meridionali
335 1931 368 1994 in
385 1929 526 2013 quodam
542 1929 637 1995 dcmb
654 1951 753 2014 supra
770 1931 932 2013 quoddam
948 1937 1099 2014 stagnum
1126 1932 1245 1998 Mihal-

107 2037 229 2122 relrezy
248 2045 406 2120 vocatum,
423 2039 456 2102 in
473 2060 537 2121 quo
552 2038 682 2121 quidem
693 2037 789 2102 domb
799 2040 861 2120 ipsi
871 2045 937 2103 tres
948 2046 1051 2104 metas
1061 2041 1245 2118 erexissent,

106 2145 215 2228 ipsum
233 2165 308 2208 vero
318 2151 469 2228 stagnum
479 2147 564 2210 inter
574 2152 676 2210 metas
692 2147 901 2228 possessionis
918 2147 1095 2237 Fanchylra
1111 2155 1148 2212 ut
1165 2148 1242 2213 dioi-

106 2259 163 2316 tur
188 2253 390 2334 existentem,
416 2255 570 2336 magister
596 2253 776 2332 Luchasius
802 2253 908 2318 dictus
928 2255 1011 2337 Pety
1027 2262 1060 2320 et
1076 2261 1239 2338 pretectus

109 2358 295 2424 Luehasius
312 2359 398 2423 filius
424 2357 588 2424 Gabrielis
613 2382 671 2444 pro
688 2382 721 2424 se
747 2367 780 2425 et
797 2383 854 2442 pre
871 2359 1093 2445 iobagionibus
1110 2363 1177 2427 suis
1202 2363 1243 2428 ad

109 2487 313 2532 communem
329 2488 423 2532 usum
440 2467 654 2550 reliquissent,
670 2467 756 2534 dicte
775 2473 884 2533 autem
900 2477 967 2534 tres
983 2477 1067 2534 mete
1092 2472 1242 2554 possessi-

111 2573 228 2638 onibus
244 2573 465 2650 Debreceneh,
482 2573 756 2641 Zalouobsamson
776 2581 809 2640 et
825 2576 1002 2660 Fenchylra
1021 2577 1243 2661 distingerent,

111 2703 131 2746 a
158 2681 278 2764 quibus
304 2703 415 2747 versus
439 2683 570 2766 plagam
596 2683 825 2748 occidentalem
857 2685 1059 2766 procedendo
1090 2685 1177 2750 venit
1202 2685 1244 2750 ad

106 2810 206 2854 unam
226 2795 347 2854 metam
365 2797 505 2854 terream
521 2792 554 2856 in
571 2790 711 2874 quodam
727 2790 822 2856 domb
839 2799 989 2874 erectam,
1005 2793 1044 2857 de
1055 2815 1241 2876 quaversus

108 2897 246 2961 eandem
263 2895 394 2979 plagam
410 2897 530 2962 directe
547 2897 715 2979 currendo,
731 2899 876 2962 ascendit
895 2899 1056 2980 quoddam
1075 2900 1182 2980 berch,
1208 2902 1242 2964 in

106 3005 203 3068 cuius
219 3005 341 3068 vertice
357 3012 433 3069 sunt
449 3003 510 3070 due
526 3011 610 3070 mete
637 3011 741 3072 terrae
757 3006 797 3071 de
813 3027 893 3071 novo
910 3013 1032 3088 erecte3
1057 3007 1240 3092 abindeque

111 3113 152 3176 ad
168 3111 306 3176 eandem
322 3111 453 3196 plagam
469 3113 574 3178 eundo
590 3114 692 3178 intrat
710 3121 815 3180 terras
834 3115 975 3180 arabiles
991 3123 1024 3180 et
1039 3118 1185 3199 pervenit
1200 3117 1242 3180 ad

109 3220 193 3286 duas
207 3227 312 3286 metas
328 3227 451 3286 terreas
468 3223 559 3287 iuxta
584 3221 747 3306 quendam
763 3223 890 3288 alveum
907 3244 963 3286 seu
979 3223 1083 3289 locum
1109 3223 1242 3306 paludo-

109 3351 181 3393 sum
197 3328 237 3392 de
253 3350 335 3393 novo
351 3335 492 3408 erectas3
509 3331 595 3396 unde
615 3329 722 3396 adhuc
737 3331 780 3396 ad
798 3331 901 3414 ipsam
918 3331 1048 3414 plagam
1065 3332 1178 3414 eundo,
1196 3333 1243 3396 di-

109 3445 195 3502 recte
211 3437 358 3502 ascendit
375 3438 539 3520 quoddam
556 3438 662 3517 berch,
678 3439 711 3502 in
728 3441 820 3505 cuius
846 3441 964 3504 vertice
981 3447 1056 3503 sunt
1073 3441 1134 3504 due
1159 3449 1242 3506 mete

110 3550 213 3609 terrae
238 3566 365 3628 semper
381 3547 421 3610 de
448 3568 528 3610 novo
554 3552 668 3624 erecte,
693 3546 874 3629 dequibus
900 3547 942 3612 ad
959 3549 1094 3612 eandem
1111 3549 1242 3632 plagam

110 3653 268 3716 currendo
294 3659 327 3716 et
351 3652 492 3736 qaudam
526 3653 643 3718 vallem
669 3653 876 3734 transeundo,
909 3654 1054 3719 ascendit
1076 3655 1118 3720 ad
1150 3655 1239 3721 aliud

110 3759 220 3840 berch,
237 3761 270 3824 in
288 3761 379 3824 cuius
396 3761 514 3826 vertice
531 3767 608 3826 sunt
625 3761 686 3826 due
701 3767 785 3825 mete
801 3767 914 3843 terrea,
930 3782 950 3825 a
966 3760 1083 3844 quibus
1108 3762 1243 3828 reflecti·

113 3873 168 3930 tur
183 3867 224 3930 ad
239 3866 370 3950 plagam
387 3867 690 3952 septemtrionalem,
710 3873 743 3932 et
753 3867 898 3932 ascendit
914 3869 1071 3933 currendo
1082 3870 1124 3933 ad
1141 3870 1240 3952 quod·

111 3974 187 4038 dam
210 3973 317 4052 berch,
342 3975 397 4040 ubi
423 3982 499 4041 sunt
522 3975 584 4040 due
609 3981 693 4040 mete
709 3983 822 4052 terree,
840 3975 894 4040 ubi
911 3977 1013 4040 eciam
1032 3983 1116 4041 mete
1141 3977 1242 4060 ipsius

110 4082 320 4164 possessionis
336 4081 476 4148 Samson
492 4089 739 4166 sequestrantur
756 4103 776 4146 a
791 4083 885 4148 metis
902 4083 1003 4166 ipsius
1029 4085 1239 4166 possessionis

111 4190 340 4273 Debrecench;
356 4191 539 4274 abindeque
554 4193 587 4256 in
604 4191 715 4256 eodem
731 4191 830 4256 berch
845 4213 956 4256 versus
973 4191 1093 4256 dictam
1109 4191 1241 4275 plagam

114 4299 410 4382 septemtrionalem
428 4300 541 4378 eundo,
558 4301 701 4365 annectit
716 4299 797 4364 alias
808 4300 888 4364 duas
904 4307 1007 4365 metas
1018 4305 1141 4364 terreas
1156 4301 1241 4364 novi·

111 4415 167 4472 ter
183 4415 312 4490 erectas,
338 4408 555 4492 possessiones
581 4408 717 4474 Samson
743 4417 775 4473 et
800 4407 989 4492 Apathfaya
1008 4409 1241 4491 ‹listingentes3

113 4517 263 4599 aquibus
288 4517 331 4582 ad
357 4517 493 4582 eandem
511 4517 640 4599 plagam
666 4517 833 4594 currendo,
850 4517 936 4581 venit
961 4517 1003 4581 ad
1030 4517 1110 4580 duas
1136 4525 1239 4582 metas

117 4632 237 4690 terreas
253 4625 345 4689 iuxta
362 4625 527 4708 quandam
545 4625 628 4689 viam
644 4646 702 4707 per
719 4626 804 4708 ipsos
821 4632 954 4702 erectas
971 4625 1112 4716 audead
1139 4627 1242 4708 ipsam

163 4757 309 4796 asrounonr
326 4748 499 4795 onnlsrrls.
517 4759 542 4794 v.
560 4751 656 4796 ιιῡτιιτ.
1121 4756 1136 4800 4
