3180 5470
348 427 413 493 454
701 451 885 496 aarouuoar
903 435 1117 497 cantuaria.

878 619 952 679 275.

351 739 445 804 1351.
470 738 616 825 Verpelo't,
631 763 700 826 apr.
716 743 746 804 3.
764 742 862 806 Heoea
888 748 1052 830 odrmopyo
1079 743 1207 828 ispdnja
1232 743 1263 804 c's
1287 739 1471 826 szolpobr'rdi
1570 779 1571 792 κ

351 847 421 914 eleo
437 873 458 911 o
475 847 581 933 Rc'dcp
606 849 814 914 caolddbelielc
844 851 923 916 Reda
949 859 1028 916 ororii
1053 849 1234 914 birros-alat
1249 849 1362 914 bdrom
1383 849 1472 912 rdazre
1570 887 1571 890 =

850 960 977 1045 osztjdlc.

458 1081 527 1148 Nos
545 1085 699 1166 magister
715 1084 870 1150 Nicolaus
895 1085 980 1152 filius
997 1085 1158 1168 Gregorii,
1183 1105 1290 1150 comes
1305 1084 1345 1147 de
1361 1082 1473 1148 Heres-

352 1214 450 1276 vyuar
464 1189 507 1255 ¹et
530 1191 652 1257 iudices
677 1192 831 1257 nobilium
854 1194 996 1258 eiusdem
1022 1195 1192 1258 comitatus
1218 1190 1433 1276 significamus
1448 1241 1475 1256 ..

352 1301 437 1384 quod
463 1322 535 1366 cum
552 1321 609 1365 nos
626 1301 666 1364 ob
683 1301 771 1384 regio
797 1301 948 1366 mandato
974 1302 1141 1385 literisque
1166 1303 1234 1367 suis
1259 1299 1475 1378 mediantibus,

353 1409 435 1474 feria
451 1415 570 1491 quarta
586 1410 733 1491 proxima
749 1411 782 1473 in
799 1412 918 1476 octavis
944 1411 1007 1476 diei
1033 1411 1130 1476 medii
1150 1409 1405 1494 Quadragesime
1420 1429 1472 1491 pro

353 1517 591 1600 compescendis
602 1515 727 1582 furibus
743 1516 923 1584 latronibus
941 1525 973 1583 et
988 1519 1062 1584 aliis
1073 1517 1335 1583 malefactoribus
1351 1538 1471 1599 congre-

354 1626 520 1708 gacionem
537 1625 570 1688 in
586 1625 764 1708 Welpruth
774 1626 1025 1703 celebrassemus
1035 1627 1227 1710 generalem,
1238 1625 1263 1690 J
1264 1626 1383 1690 acobus
1399 1624 1475 1689 filius
1572 1707 1573 1716 ἵ

353 1731 460 1796 Desen
477 1731 516 1795 de
533 1731 623 1797 Rede
649 1731 690 1796 ab
715 1755 789 1814 una,
813 1735 891 1798 item
907 1733 931 1798 J
934 1755 1054 1798 oannes
1079 1741 1112 1798 et
1128 1733 1313 1817 Stephanus
1330 1732 1388 1798 filii
1404 1735 1476 1798 eins·

352 1839 424 1906 dem
441 1845 534 1923 parte
551 1839 592 1904 ab
609 1840 713 1904 altera
729 1862 837 1905 coram
853 1842 944 1907 nobis
960 1843 1173 1927 personaliter
1192 1847 1409 1924 exsurgentes,
1427 1863 1477 1924 per
1572 1851 1573 1854 ’

353 1947 480 2012 eosdem
497 1949 697 2030 propositum
714 1948 891 2014 extiterunt
907 1947 991 2034 (igy)
1017 1955 1050 2014 et
1076 1949 1223 2025 relatum,
1246 1949 1311 2032 qud
1328 1971 1399 2014 oum
1422 1949 1476 2031 ipsi

354 2052 394 2119 ob
410 2055 649 2122 ordinacionem
666 2053 788 2121 Oliveri
805 2056 863 2122 filii
879 2057 1048 2136 Demetrii,
1065 2057 1212 2122 Ladislai
1228 2056 1306 2122 dicti
1328 2055 1477 2123 Garduan

354 2163 392 2228 de
419 2163 509 2228 Rede
534 2171 567 2229 et
586 2165 748 2248 Mykocha
772 2187 810 2231 ac
834 2165 997 2232 dohannis
1014 2168 1091 2233 dicti
1112 2167 1303 2251 Wanyaroh
1329 2165 1369 2229 de
1393 2165 1475 2229 Reda
1573 2245 1574 2250 ἵ

355 2271 466 2337 Sancti
492 2272 628 2338 Martini
660 2274 878 2356 proximorum
905 2281 938 2338 et
954 2281 1246 2340 commetaneorum
1264 2294 1404 2348 suornm,
1419 2271 1478 2336 talc
1573 2321 1574 2326 1

352 2380 438 2443 iuter
454 2401 486 2444 se
502 2381 724 2463 perpetualem
741 2381 890 2448 fecissent
905 2383 1092 2448 divisionem
1102 2403 1140 2446 eo
1151 2381 1254 2458 modo,
1271 2381 1358 2464 quod
1373 2399 1476 2444 omnes

354 2489 570 2568 possessiones
585 2489 728 2570 ipsorum
744 2490 787 2554 ad
803 2496 869 2554 tres
885 2497 996 2573 partes
1012 2489 1206 2571 divisissent,
1222 2511 1261 2553 ex
1278 2489 1395 2570 quibus
1411 2493 1476 2551 octo

353 2593 470 2658 fundus
486 2596 574 2660 curie
590 2596 623 2660 in
639 2596 750 2660 eadem
767 2597 857 2662 Rode
874 2597 986 2662 habita
1004 2595 1097 2681 (igar),
1122 2597 1219 2662 simul
1244 2617 1318 2662 oum
1344 2595 1477 2678 quadam

356 2703 553 2784 possessione
570 2703 805 2788 Panchaltelky
821 2711 943 2781 vocata,
959 2727 1025 2770 una
1048 2727 1121 2770 oum
1138 2705 1239 2770 fundo
1255 2704 1343 2770 ourie
1368 2704 1417 2768 ari
1438 2702 1481 2768 sui

355 2810 491 2876 aedisset
508 2810 673 2894 Stephano
689 2813 823 2896 parvulo
840 2813 905 2878 filio
922 2834 989 2892 suo,
1015 2837 1088 2878 cum
1114 2813 1262 2879 omnibus
1279 2814 1346 2879 suis
1363 2863 1369 2876 .
1386 2865 1393 2878 .
1416 2831 1480 2896 per·
1574 2857 1575 2886 2

355 2919 502 2982 tinenciis
519 2967 549 2981 ..
573 2925 730 3003 perpetuo
745 2921 957 3003 possidenda3
983 2923 1059 2988 item
1087 2923 1228 2988 secunda
1244 2945 1322 3007 pars
1342 2920 1482 2985 uidelicet

355 3033 421 3089 tres
431 3025 501 3090 loca
518 3027 707 3092 sessionalia
723 3028 755 3091 in
772 3028 883 3092 eadem
894 3029 984 3094 Reda
1001 3029 1115 3096 habita
1125 3037 1250 3112 aparte
1260 3029 1411 3094 orientali
1421 3035 1451 3092 et
1465 3049 1483 3090 a

357 3139 449 3215 parte
466 3131 583 3199 Garuli
600 3133 760 3198 adiacenti
780 3156 853 3200 cum
870 3137 1110 3220 qninquaginta
1127 3139 1241 3220 iugera
1252 3143 1369 3214 terrea
1380 3135 1481 3200 simili·

355 3248 405 3304 ter
421 3261 493 3303 oum
510 3240 657 3305 omnibus
674 3242 739 3306 suis
756 3242 962 3324 utilitatibus.
979 3245 1126 3309 dohanui
1147 3245 1213 3310 lilio
1235 3266 1294 3310 suo
1312 3246 1427 3309 iuniori
1437 3265 1480 3308 ce·

286 3353 288 3358 '
356 3346 455 3411 disset
469 3353 626 3430 perpetuo
643 3349 852 3431 possidenda;
877 3351 956 3416 item
983 3353 1084 3418 tercia
1109 3374 1184 3418 vero
1201 3375 1279 3436 pars
1296 3375 1368 3418 oum
1385 3351 1483 3416 tribus

354 3455 432 3519 locis
448 3455 673 3522 cessionalibus
690 3459 723 3522 in
739 3457 850 3523 eadem
866 3460 957 3524 Rode
974 3481 1047 3525 cum
1065 3461 1307 3544 quinquaginta
1332 3461 1444 3542 iugera
1465 3480 1483 3522 a

355 3568 449 3645 parte
466 3561 574 3627 Saruk
590 3564 738 3628 orientali
756 3567 846 3630 iuxta
861 3566 993 3632 fluvium
1018 3569 1128 3634 Patba
1153 3568 1314 3646 devoluta,
1341 3568 1484 3632 similiter

356 3691 428 3733 cum
457 3669 602 3734 omnibns
629 3672 695 3734 suis
720 3673 919 3738 utilitatibus
951 3675 1088 3740 cedisset
1113 3678 1223 3741 comiti
1250 3675 1379 3740 Jacobo
1406 3673 1485 3757 patri

356 3797 465 3840 eorum
482 3784 637 3860 perpetuo
654 3779 864 3861 possidenda3
890 3783 1021 3866 insuper
1041 3783 1248 3848 affirmarunt
1273 3783 1413 3868 predicti
1429 3781 1453 3846 J
1454 3803 1485 3844 o·

356 3882 477 3947 hannes
503 3889 535 3946 et
560 3882 751 3969 Stephanus,
777 3888 861 3969 quod
888 3889 966 3970 quia
990 3911 1061 3954 oum
1094 3890 1227 3956 domina
1253 3899 1357 3956 matre
1384 3911 1487 3956 eorum

357 3991 492 4072 equaoia
507 3989 648 4057 adducta
664 3993 807 4073 fuissent,
833 3995 905 4060 ideo
930 3996 1077 4079 predicto
1102 4000 1190 4082 patri
1216 4021 1329 4064 eorum
1350 3998 1430 4064 nihil
1452 4018 1487 4060 ex

356 4099 434 4179 ipsis
451 4098 528 4162 dare
545 4105 731 4165 tenerentur
746 4101 808 4165 nisi
826 4102 887 4167 sibi
903 4103 990 4168 soliti
1006 4113 1244 4172 conservarent.
1260 4105 1317 4172 Ad
1334 4108 1425 4171 cuius
1440 4127 1488 4188 pe

357 4205 489 4268 ticiones
506 4212 631 4271 nostras
648 4210 859 4274 concessimus
875 4210 988 4277 literas
1006 4219 1157 4296 patentes
1183 4215 1287 4281 nostri
1303 4214 1404 4296 sigilli
1421 4235 1488 4278 con·

357 4309 508 4391 signatas.
533 4311 655 4376 Datum
680 4314 713 4378 in
740 4316 923 4399 Welpruth,
949 4320 1063 4401 quinto
1089 4321 1140 4386 die
1167 4323 1299 4386 termini
1317 4321 1487 4405 prenotati,

357 4436 440 4478 anno
457 4417 575 4481 domini
592 4417 667 4482 ΜΙῐιο
683 4419 804 4488 (300ῐῃῡ
821 4425 1090 4508 quinquagesimo
1107 4429 1222 4512 primo,

464 4543 615 4608 Hatlapjen
642 4548 732 4608 pecsbt
754 4551 928 4616 nyonraiua15
957 4553 1089 4618 credetije
1115 4571 1147 4606 aa
1175 4571 1245 4607 craz.
1273 4559 1305 4608 lt.
1331 4557 1402 4622 dipl.
1428 4559 1491 4606 osst.

361 4634 456 4682 28907.
477 4631 576 4682 szli:
597 4635 705 4685 Koraos
727 4638 760 4686 N.

839 4765 1000 4776 ———
