3188 5476
556 507 649 568 1352.
668 523 740 564 nuo.
760 508 787 568 3.
1052 441 1071 479 fl
1187 500 1246 558 cdl

122 690 213 754 beate
230 689 336 754 Mario
360 686 565 770 Magdaleno,
590 706 675 748 anno
701 682 821 747 domini
847 679 921 744 Μ1110
947 679 1068 748 000ῐῃο
1095 682 1253 762 quinqua-

124 799 241 882 gesimo
258 797 404 861 secundo.

228 957 380 1020 HttlapJ‘An
401 957 491 1020 peccet
514 955 718 1018 tdredekeive13
742 955 872 1019 credetije
886 971 917 1006 az
931 972 999 1006 orsa.
1014 960 1045 1007 lt.
1060 959 1159 1011 kincst.
1185 969 1252 1014 oszt.

125 1055 198 1100 1509.
216 1055 256 1100 15.
270 1049 337 1112 dipl.
352 1053 418 1097 oszt.
434 1052 512 1096 4297.
526 1047 624 1096 Kozli:
639 1047 747 1096 Koraos
761 1047 794 1094 N.

653 1429 726 1490 374.

126 1591 218 1651 1352.
236 1613 307 1672 (rap.
333 1589 363 1649 3.
391 1585 419 1649 Α
446 1592 580 1650 vacuari
595 1587 754 1674 lca'ptolaa
772 1590 841 1650 elea
867 1587 979 1672 Hctyca'
1004 1589 1173 1669 Jdaoafia
1194 1590 1252 1652 Ld-

123 1705 223 1776 riacz,
251 1696 373 1760 Kb'caki
398 1696 525 1782 already
543 1696 611 1774 fiai
637 1700 666 1758 ds·
691 1697 818 1758 trirsaa'lc
851 1697 929 1759 elica
961 1721 982 1759 a
1013 1697 1088 1760 aaa
1120 1700 1255 1784 mapita'lt

575 1804 662 1865 eskili
686 1805 800 1866 lcicsai.

230 1965 298 2031 Nos
315 1965 492 2048 capitulum
509 1965 640 2030 ecclesie
657 1965 862 2032 Castriferrei
881 1964 995 2031 damus
1011 1989 1071 2050 pro
1092 1970 1255 2048 memoria,

121 2074 208 2157 quod
239 2096 312 2138 cum
343 2075 543 2138 Laurencius
575 2073 661 2138 filius
693 2073 717 2137 J
720 2074 855 2138 ohannis
887 2075 925 2138 de
957 2075 1109 2160 Hegthye
1141 2084 1255 2142 contra

120 2185 143 2248 J
145 2185 307 2249 ohannem
324 2183 516 2248 Michaelem
532 2191 565 2248 et
581 2183 754 2248 Nicolaum
777 2182 861 2248 filios
878 2182 1060 2262 Michaelis,
1086 2185 1255 2251 Andream

121 2293 225 2356 filium
242 2290 415 2371 Dominici,
432 2291 615 2356 Dionisium
643 2298 676 2354 et
700 2290 912 2356 Benedictum
928 2291 1011 2356 filios
1028 2293 1200 2358 Michaelis
1217 2294 1256 2360 de

120 2400 255 2478 Kuchk,
278 2401 369 2464 iuxta
385 2400 618 2464 continenciam
638 2400 804 2465 literarum
828 2449 857 2464 ..
881 2400 1003 2466 Thome
1029 2402 1143 2468 iudicis
1169 2403 1256 2466 curie

120 2509 209 2592 regie
226 2509 357 2574 modum
383 2514 416 2571 et
442 2507 577 2572 formam
602 2507 711 2572 iudicii
738 2507 879 2572 eiusdem
904 2509 1163 2592 exprimentium,
1179 2510 1255 2574 duo·

121 2618 246 2682 decimo
272 2636 305 2679 se
329 2614 492 2680 nobilibus
508 2615 569 2680 sibi
586 2616 742 2680 similibus
759 2617 792 2694 in
808 2617 928 2680 octavis
945 2616 1018 2680 festi
1034 2615 1121 2682 beati
1137 2616 1163 2682 J
1164 2618 1255 2683 acobi

120 2725 260 2810 apostoli
271 2727 415 2810 proxime
432 2747 518 2790 nunc
534 2725 643 2808 elapsi,
660 2726 694 2789 in
710 2746 755 2803 ec,
773 2725 858 2808 quod
874 2727 1038 2808 predictus
1054 2725 1256 2792 Laurencins

120 2833 207 2899 filius
232 2835 395 2899 Johannis
420 2835 500 2898 dnos
526 2855 625 2917 equos
651 2841 682 2898 et
708 2856 797 2898 arma
821 2831 934 2918 Gyeke
959 2834 1019 2898 filii
1044 2834 1183 2899 Dionisii
1201 2835 1256 2916 qui

121 2949 237 3008 contra
262 2942 389 3007 eosdem
406 2943 432 3007 J
433 2943 591 3007 ohannem
610 2941 806 3008 Michaelem
833 2949 865 3007 et
889 2942 1071 3020 Nicolaum,
1088 2941 1255 3008 Andream

119 3049 226 3116 filium
242 3051 415 3129 Dominici,
441 3051 626 3116 Dionisium
652 3057 684 3116 et
709 3051 921 3116 Benedictum
952 3051 1035 3116 filios
1059 3050 1198 3116 Martini
1222 3052 1257 3115 in

119 3158 210 3223 sacto
235 3159 381 3240 potencie
407 3160 571 3224 convictus
596 3159 764 3236 extitisset,
796 3179 859 3222 non
891 3159 1108 3236 occultaverit,
1127 3160 1160 3222 in
1185 3179 1256 3241 pre·

119 3267 223 3332 missa
246 3265 341 3330 totali
367 3268 494 3332 accione
519 3273 552 3332 et
577 3267 793 3350 acquisicione
819 3267 1004 3332 eorumdem
1034 3267 1185 3334 innocens
1216 3267 1257 3331 sit

120 3381 157 3440 et
189 3375 349 3450 immunis,
384 3396 492 3440 coram
518 3374 609 3439 nobis
638 3377 855 3439 iuramentum
888 3375 1047 3458 deponere
1085 3375 1256 3451 debuisset,

120 3485 195 3568 ipso
211 3483 350 3548 termino
367 3483 564 3561 adveniente,
580 3484 665 3548 idem
688 3483 888 3547 laurencius
905 3481 991 3546 filius
1007 3483 1032 3547 J
1033 3482 1168 3546 ohannis
1184 3504 1256 3547 cum

120 3593 190 3657 suis
202 3593 459 3658 coniuratoribus
470 3615 578 3658 coram
596 3592 687 3657 nobis
701 3593 913 3676 personaliter
928 3592 1149 3673 comparando,
1166 3594 1257 3657 iuxta

121 3700 362 3768 continenciam
386 3702 607 3784 predictarum
632 3701 801 3765 literarum
833 3700 957 3764 comitis
989 3699 1112 3764 Thome
1142 3699 1257 3764 iudicis

120 3807 214 3872 curie
231 3829 324 3871 suum
340 3807 489 3890 deposuit
505 3809 732 3884 iuramentum,
749 3807 833 3870 sicut
848 3805 994 3870 debebat.
1015 3805 1138 3870 Datum
1156 3808 1256 3872 tercio

120 3916 177 3980 dio
208 3915 272 3980 diei
303 3915 517 3998 deposicionis
545 3916 727 3992 iuramenti,
762 3935 846 3980 anno
877 3913 997 3978 domini
1029 3913 1103 3977 Μῑ]ΠΟ
1136 3911 1256 3978 000ΠΟ

121 4024 396 4107 quinquagesimo
416 4023 564 4088 secundo.

234 4185 373 4251 Eredetije
395 4187 507 4251 rongdlt
532 4187 690 4250 allapotban
713 4201 729 4235 a
752 4185 786 4234 N.
808 4185 1001 4234 Muzoumban.
1027 4183 1126 4232 Kozli:
1153 4183 1256 4232 Senon-

119 4280 191 4328 herr
212 4276 311 4339 Gyula.

614 4399 695 4406 --.-.-
