3226 5462
391 485 433 542 28
742 495 931 540 nurouxom
949 479 1164 540 onulurrin.

386 681 424 724 eo
440 659 533 741 lacto,
549 679 610 740 pro
628 679 674 736 eo,
701 657 779 738 quia
804 656 889 721 dicte
913 656 1042 722 residue
1065 655 1232 738 porciones
1258 655 1358 738 ipsius
1383 653 1516 720 comitis

385 767 524 847 Nicolai,
541 785 577 830 eo
594 771 721 830 mortuo
738 785 802 846 quo
818 785 918 848 supra
934 765 969 830 in
983 765 1034 829 ins
1050 769 1083 828 et
1097 763 1331 847 proprietatem
1349 783 1523 828 remanere

385 873 542 942 deberent
557 871 699 938 filiorum
723 871 872 938 Ladislai
897 870 1168 955 supradictorum.
1194 869 1395 936 Ordinatnm
1415 871 1525 936 eciam

387 984 513 1050 exstitit
527 1003 585 1066 per
603 988 712 1065 partes
728 981 941 1064 supradictas,
967 980 1097 1063 quodsi
1114 979 1173 1046 deo
1198 982 1244 1046 sic
1269 980 1394 1046 volente
1419 980 1525 1046 iidem
1601 973 1602 1020 1

385 1091 511 1158 Paulus
537 1096 570 1156 et
604 1089 773 1156 Johannes
799 1089 858 1156 filii
882 1089 1030 1156 Ladislai
1054 1089 1176 1171 absque
1206 1087 1364 1154 heredum
1395 1089 1520 1154 solacio

386 1201 589 1279 decederent,
605 1206 722 1264 extunc
738 1201 906 1283 porciones
923 1199 1066 1282 ipsorum
1091 1198 1342 1281 possessionarie
1359 1198 1520 1264 similiter
1602 1269 1603 1272 Ἴ

385 1308 527 1378 ubilibet
542 1310 725 1386 existentes,
739 1309 902 1372 annotatis
919 1312 1061 1388 quatuor
1080 1304 1242 1372 nobilibus
1266 1305 1458 1372 dominabus
1484 1312 1522 1372 et

385 1416 560 1482 heredibus
592 1418 736 1501 ipsarum
768 1423 990 1496 remanerent;
1022 1435 1061 1478 ex
1085 1413 1220 1480 adverso
1243 1399 1354 1480 autem
1378 1415 1407 1480 si
1432 1414 1521 1480 dicte

385 1526 514 1592 domine
530 1525 653 1607 absque
669 1527 841 1606 utriusque
852 1545 946 1590 sexus
956 1523 1131 1589 heredibus
1142 1523 1289 1588 debitum
1299 1523 1523 1606 persolverent
1602 1515 1603 1524 ἦ

382 1636 489 1700 carnis
510 1635 665 1717 universe,
675 1639 793 1699 extunc
803 1640 980 1699 memorata
990 1632 1153 1716 particula
1163 1639 1249 1698 terre
1262 1654 1348 1697 nunc
1359 1634 1437 1717 ipsis
1450 1653 1517 1714 quo

384 1742 581 1825 supradata,
600 1765 713 1807 rursus
733 1745 766 1806 in
785 1744 836 1808 ius
846 1747 879 1807 et
888 1742 1120 1826 proprietatem
1136 1747 1357 1824 protectorum
1377 1739 1522 1807 filiorum

385 1851 532 1916 Ladislai
548 1857 580 1916 et
595 1873 727 1916 suorum
742 1851 899 1915 heredum
917 1850 1138 1914 devolveretur
1154 1848 1355 1933 possidenda
1381 1847 1440 1914 Ad
1455 1869 1522 1930 que
1603 1857 1604 1890 ff

385 1961 543 2042 premissa
569 2009 599 2024 ..
625 1959 736 2024 eedem
767 1965 877 2042 partes
894 1979 935 2040 se,
961 1964 994 2022 et
1019 1958 1097 2023 dieti
1121 1977 1226 2022 comes
1251 1956 1408 2024 Nicolaus
1433 1957 1522 2024 filius
1603 1981 1604 2002 ³

385 2067 503 2152 Moyus
519 2075 552 2132 et
566 2065 721 2132 Nicolaus
737 2065 823 2132 filius
848 2065 977 2150 Bolugh
1002 2087 1041 2131 ac
1065 2065 1208 2130 Thomas
1231 2064 1318 2132 fflius
1343 2065 1524 2132 Laurencii
1603 2103 1604 2112 κ

386 2181 559 2244 annotatas
575 2175 698 2240 nobiles
714 2176 860 2242 dominas
870 2175 1052 2241 faciendum
1069 2181 1101 2241 et
1117 2174 1322 2241 tolerandum
1338 2181 1522 2259 spontanea

386 2307 496 2351 coram
520 2284 612 2350 nobis
636 2284 823 2369 obligarunt
846 2286 1022 2350 voluntate.
1054 2285 1101 2350 Et
1124 2290 1163 2348 ut
1186 2307 1319 2368 presens
1350 2284 1520 2352 ordinacio

386 2392 486 2459 robur
502 2398 658 2476 perpetue
673 2391 838 2458 firmitatis
856 2394 941 2458 inter
968 2393 1054 2474 ipsos
1078 2390 1223 2458 obtinere
1249 2391 1383 2472 valeret,
1408 2392 1521 2458 eedem
1604 2437 1605 2470 ÷

386 2505 496 2583 partes
513 2519 622 2565 omnes
639 2499 751 2564 literas
767 2519 841 2564 suas
858 2550 865 2564 .
882 2548 889 2563 .
904 2497 1081 2582 iudiciales,
1096 2497 1345 2581 specialiterque
1370 2501 1520 2566 annotati
1604 2481 1605 2520 ³

386 2605 542 2675 Nicolaus
558 2607 645 2674 fflius
658 2608 798 2692 Bolugh,
814 2608 957 2674 Thomas
973 2614 1005 2673 et
1016 2607 1127 2673 Simon
1142 2605 1388 2674 filiiLaurencii
1404 2609 1521 2674 literas

386 2737 461 2781 suas
485 2737 583 2798 super
607 2716 771 2798 aliquibus
797 2717 871 2783 aliis
895 2715 1100 2800 porcionibus
1134 2718 1394 2799 possessionariis
1420 2721 1521 2782 antea

389 2827 558 2889 emanatas
569 2822 753 2905 ubicunqne
764 2826 797 2888 in
807 2823 1022 2908 preiudicium
1032 2824 1216 2890 eorumdem
1227 2823 1521 2891 filiorumLadislai

388 2929 549 3009 obtentas,
573 2937 716 2998 cassatas
733 2985 739 2996 .
756 2981 763 2997 .
779 2932 989 3014 reliquissent
1005 2981 1012 2997 .
1030 2983 1036 2997 .
1062 2931 1151 2998 Mete
1168 2938 1279 2998 antem
1304 2931 1421 3014 quibus
1446 2934 1522 3015 ipsa

386 3041 548 3122 prutieula
561 3047 649 3106 terre
665 3048 702 3106 ut
715 3043 907 3124 premissum
924 3048 971 3106 est
997 3041 1216 3107 circumdatur
1241 3047 1274 3106 et
1298 3040 1340 3106 ab
1356 3041 1429 3107 aliis
1446 3064 1522 3124 por·

386 3146 530 3214 cionibus
545 3149 805 3231 possessionariis
821 3155 1002 3232 separatur,
1028 3157 1125 3232 prout
1140 3149 1251 3216 eedem
1266 3155 1378 3234 partes
1400 3149 1522 3214 retule·
1605 3127 1606 3156 ¹

386 3262 463 3322 runt
479 3263 511 3322 et
526 3259 609 3323 sicut
623 3259 724 3323 eciam
741 3279 798 3323 nos
814 3259 849 3322 in
865 3257 968 3323 literis
985 3258 1171 3323 eorumdem
1188 3258 1312 3324 comitis
1329 3264 1362 3324 et
1378 3264 1522 3340 quatuor

386 3363 530 3430 iudicum
553 3363 712 3430 nobilium
737 3363 777 3430 de
802 3362 942 3432 vamvvr
957 3368 1116 3433 contineri
1146 3366 1294 3448 vidimus,
1318 3366 1379 3432 hoe
1403 3364 1520 3432 ordine

386 3473 641 3557 protenduntur:
675 3475 781 3557 prima
803 3477 888 3540 enim
917 3483 1004 3542 meta
1028 3477 1144 3560 incipit
1173 3495 1272 3560 prope
1298 3475 1521 3542 sanctuarium
1605 3467 1606 3470 ¹

387 3581 519 3648 ecclesie
534 3583 636 3650 sancti
654 3584 739 3666 regis
755 3581 913 3666 Stephani
929 3585 962 3648 in
978 3584 1091 3650 eadem
1115 3585 1315 3667 possessione
1330 3583 1464 3650 fundate
1482 3585 1518 3648 in
1605 3669 1606 3676 ἵ

385 3711 450 3755 uno
475 3691 610 3771 antiquo
634 3697 731 3773 ponte
756 3711 853 3773 super
878 3691 1019 3772 quodam
1043 3693 1117 3756 lacu
1141 3691 1261 3771 habito,
1293 3709 1403 3774 aquo
1427 3713 1521 3775 egre·
1605 3687 1606 3708 ³

388 3797 504 3863 diendo
522 3800 642 3864 transit
667 3820 778 3865 versus
804 3799 934 3882 plagam
951 3800 1140 3867 orientalem
1156 3808 1188 3867 et
1203 3803 1309 3885 irmgit
1333 3823 1434 3868 unum
1449 3799 1520 3867 fon·
1605 3855 1606 3858 η

386 3905 523 3972 ticulum
547 3907 643 3990 vulgo
669 3907 745 3972 seed
775 3915 1006 3991 nuncupatum,
1033 3916 1065 3974 et
1090 3909 1206 3975 deinde
1236 3929 1348 3977 versus
1379 3909 1519 3975 eandem

386 4013 518 4096 plagam
533 4015 722 4080 orientalem
739 4016 898 4082 currendo
908 4017 1045 4083 caditin
1062 4017 1226 4099 quendam
1241 4017 1382 4084 rivulum
1389 4017 1520 4084 Louch-
1605 4083 1606 4090 ,

386 4123 486 4205 potak
501 4130 732 4207 nuncupatum,
755 4127 871 4207 inquo
896 4125 1000 4191 rivulo
1024 4147 1124 4210 supra
1147 4147 1259 4193 versus
1284 4129 1520 4210 possessionem

387 4231 490 4297 Lochi
514 4231 674 4298 currendo
698 4235 843 4299 annectit
876 4233 1034 4315 quasdam
1059 4232 1191 4301 arbores
1221 4237 1396 4302 tremuleas
1421 4237 1519 4322 vulgo
1604 4271 1606 4278 1

386 4337 536 4424 seyrnyor
551 4345 680 4406 vocatas
695 4341 728 4404 in
745 4341 857 4406 eodem
881 4339 978 4408 fluvio
1002 4343 1186 4423 existentes,
1211 4343 1251 4408 de
1276 4343 1392 4427 quibus
1417 4367 1520 4431 supro

387 4447 546 4513 currendo
561 4449 649 4514 venit
664 4447 706 4515 ad
722 4449 804 4516 duas
819 4457 923 4516 metas
948 4457 1073 4519 terreas
1097 4473 1198 4536 prope
1223 4453 1360 4521 eundem
1376 4455 1518 4522 rivulum

388 4561 511 4620 erectas
526 4555 581 4620 ubi
597 4557 686 4623 cadit
700 4558 733 4622 in
750 4559 915 4639 quandam
930 4562 1015 4626 viam
1030 4563 1063 4625 in
1080 4561 1186 4644 capite
1201 4562 1519 4648 vallisHalagusnad
1605 4561 1606 4570 ’

387 4671 506 4746 vocate,
531 4671 564 4731 et
586 4665 620 4730 in
646 4665 758 4731 eadem
782 4668 835 4734 via
859 4668 901 4734 ad
927 4668 1048 4736 dictam
1076 4669 1208 4756 plagam
1232 4672 1267 4737 in
1291 4693 1393 4738 unum
1416 4671 1517 4740 berch
1605 4689 1606 4714 ³
