3180 5470
545 574 639 636 1350.
656 589 730 634 riou
748 575 798 635 21.
1179 577 1246 638 419

106 749 286 828 servand03
318 751 365 814 ita
402 749 560 828 videlicet,
602 749 689 832 quod
727 751 873 814 revoluto
905 750 973 834 ipso
1007 752 1120 833 quinto
1159 752 1240 818 festo

109 857 206 924 beate
240 858 421 937 Ellizabeth,
453 859 537 924 idem
568 861 723 942 magister
753 859 885 925 Andich
925 860 974 924 vel
1014 882 1070 925 sue
1108 865 1242 944 posteri-

107 971 194 1032 tates
210 967 469 1049 quandocunque
495 967 663 1048 voluerint,
689 987 748 1049 pro
778 967 868 1032 dicta
898 989 1024 1033 summa
1056 970 1239 1050 quantitate

108 1077 247 1158 pecunie
280 1075 417 1140 liberam
451 1075 629 1140 redimendi
660 1075 825 1141 habebunt
862 1075 1061 1154 facultatem,
1092 1077 1243 1160 idemque

107 1184 264 1266 magister
289 1183 486 1249 Benedictus
511 1183 562 1249 vel
593 1185 645 1249 sui
670 1205 867 1250 successores
897 1184 1070 1268 persolutis
1098 1193 1130 1251 et
1154 1207 1240 1252 rece·

107 1294 174 1375 ptis
190 1294 270 1377 ipsis
294 1293 388 1359 dictis
417 1294 637 1378 quadraginta
662 1293 780 1358 marcis
796 1343 826 1358 ..
851 1293 986 1359 reddere
1018 1301 1051 1359 et
1075 1295 1240 1377 resignare

104 1406 210 1466 totam
235 1401 371 1466 eandem
396 1403 628 1485 possessionem
657 1407 847 1484 teneantur3
874 1405 930 1484 qui
956 1404 984 1467 si
1009 1403 1145 1468 reddere
1171 1403 1238 1469 nol-

106 1509 248 1575 lent...
276 1517 395 1576 extunc
425 1517 500 1576 ante
530 1511 597 1576 litis
622 1513 803 1595 ingressum
828 1513 890 1596 ipsi
924 1514 1080 1596 magistro
1111 1510 1244 1576 Andich

104 1617 156 1680 vel
181 1618 249 1682 suis
281 1619 527 1702 posteritatibus
557 1621 674 1703 viginti
704 1641 831 1686 mareas
863 1620 1070 1686 denariorum
1101 1621 1242 1687 latorum

104 1726 348 1806 wiennensium,
364 1726 514 1792 similiter
542 1748 684 1792 maroam
711 1727 890 1812 quamlibet
910 1729 1019 1794 decem
1036 1728 1145 1812 pensis
1161 1749 1244 1794 com-

104 1834 261 1916 putando,
278 1833 439 1918 deponere
466 1841 647 1912 tencantur,
673 1835 733 1900 hoc
758 1836 914 1901 addentes
940 1842 973 1901 et
997 1841 1239 1913 assumentes,

104 1941 193 2021 quod
210 1941 239 2006 si
255 1941 391 2006 eundem
408 1943 598 2026 magistrum
608 1942 821 2008 Benedictum
831 1943 881 2007 vel
898 1965 972 2008 suos
989 1944 1123 2008 heredes
1140 1965 1241 2028 usque

103 2057 234 2132 tempus
260 2049 471 2114 redemciouis
498 2071 577 2114 onus
602 2051 805 2134 paupertatis
837 2058 1039 2135 aggravaret,
1056 2059 1088 2116 et
1108 2039 1243 2118 eandem

103 2158 341 2238 possessionem
358 2163 467 2222 tenere
483 2157 607 2222 nollent
623 2164 680 2222 aut
696 2179 760 2222 non
776 2167 914 2241 possent,
931 2165 1049 2224 extunc
1064 2161 1242 2241 cuicunque

104 2263 276 2348 voluerint,
291 2286 350 2348 pro
367 2265 463 2330 dictis
489 2265 708 2350 quadraginta
734 2269 851 2332 marcis
867 2267 1004 2332 liberam
1020 2267 1094 2332 aliis
1113 2269 1163 2334 vel
1180 2267 1244 2333 alio

104 2373 349 2456 impignorandi
365 2373 508 2440 habeant
523 2373 728 2454 facultatem
745 2379 899 2441 assumsit
908 2377 1009 2442 eciam
1025 2377 1110 2442 idem
1126 2377 1243 2460 magis·

104 2490 155 2547 ter
171 2479 307 2546 Andioh
324 2481 461 2548 eundem
476 2484 668 2566 magistrum
694 2484 906 2549 Benedictum
932 2491 966 2549 et
983 2537 988 2548 .
1006 2535 1012 2549 .
1038 2507 1111 2550 suos
1139 2490 1244 2568 postc-

104 2611 169 2670 ros,
186 2611 226 2654 ac
242 2611 315 2654 eum
330 2591 381 2654 ael
397 2611 450 2654 eos
467 2591 519 2654 cui
534 2591 584 2656 vel
601 2591 717 2674 quibus
728 2591 841 2657 eadem
850 2593 1007 2676 possessio
1025 2593 1243 2676 impignorata

104 2699 281 2781 exstiterit,
306 2699 348 2764 ab
373 2699 521 2764 omnibus
538 2749 567 2764 ..
592 2705 739 2784 pretextu
767 2702 892 2785 prefate
928 2701 1136 2785 possessionis
1177 2698 1242 2765 Ne-

104 2807 272 2872 methfolw
281 2807 528 2890 impetitoribus,
542 2810 681 2892 propriis
692 2809 842 2893 expedire
867 2809 1073 2876 laboribus..
1100 2809 1242 2874 utilitate

104 2921 218 2980 tamen
235 2923 267 2980 ct
283 2915 423 2981 dominio
449 2917 535 3001 apud
550 2916 675 2982 eosdem
701 2917 832 3002 pacifice
849 2918 1109 2997 remanentibus3
1137 2917 1193 2998 qui
1216 2916 1243 2980 si

104 3024 260 3109 expedire
276 3045 340 3090 non
357 3032 465 3108 posset
481 3031 617 3090 autnon
633 3033 771 3104 curaret,
788 3033 905 3092 extunc
923 3027 1074 3091 similiter
1089 3031 1164 3091 ante
1175 3025 1242 3089 litis

103 3135 290 3217 ingressum
306 3134 393 3216 ipsas
411 3133 629 3217 quadraginta
645 3155 778 3216 marcae,
795 3133 1011 3217 superadditis
1033 3133 1146 3217 viginti
1162 3153 1244 3198 mar-

104 3241 152 3306 cis
169 3241 276 3306 eidem
292 3241 448 3324 magistro
464 3241 640 3306 Benedicto
657 3248 689 3306 et
705 3242 771 3308 suis
788 3242 960 3307 heredibus
977 3249 1035 3306 aut
1050 3241 1099 3306 illi
1109 3241 1158 3306 vel
1168 3238 1243 3319 illis,

105 3350 159 3414 cui
175 3349 228 3414 vel
246 3348 364 3430 quibus
383 3351 455 3432 ipsa
471 3351 629 3433 possessio
645 3351 863 3434 impignorata
894 3350 992 3415 fuerit
1008 3400 1015 3413 .
1032 3400 1038 3413 .
1062 3349 1242 3433 persolvere

103 3463 354 3521 ..teneatur..
379 3455 504 3522 Datum
529 3455 564 3520 in
588 3457 709 3522 octavis
736 3457 808 3523 festi
834 3457 921 3523 beati
953 3458 1089 3523 Martini
1121 3457 1241 3521 confes·

103 3566 198 3644 soris,
215 3585 301 3629 anno
318 3563 438 3628 domini
455 3565 529 3630 Μ1110
546 3562 666 3629 COO¹¹¹⁰
683 3567 961 3650 quinquagesimo.

216 3727 371 3791 Hatlapjan
396 3728 487 3790 penset
509 3729 684 3794 nyomaival;
705 3728 836 3793 eredetije
858 3745 889 3778 az
916 3744 984 3779 orsz.
999 3731 1030 3778 lt.
1053 3727 1154 3777 kinost.
1174 3733 1241 3777 oszt.
1270 3778 1271 3782 ,

102 3819 138 3868 N.
152 3819 187 3868 R.
202 3819 235 3868 A.
252 3823 311 3868 378.
327 3823 368 3867 17.
382 3817 448 3880 dipl.
463 3823 530 3867 oszt.
544 3823 623 3870 4155.
643 3819 741 3868 K'ozli:
762 3819 868 3869 Koraos
882 3817 914 3867 N.

597 3962 757 3970 —-...-..-—.-

106 4181 205 4244 1350.
223 4203 290 4243 nov.
307 4179 359 4242 21.
384 4175 431 4242 Aa
447 4179 514 4264 egri
529 4177 683 4264 lociptulua
701 4177 728 4243 I.
741 4177 835 4262 Lujos
846 4176 1019 4264 kirrilpualo
1028 4176 1152 4262 jeleuli,
1163 4176 1242 4262 boqy

105 4288 211 4352 Zendi
233 4285 367 4352 Audacia
381 4286 445 4368 flo't
474 4285 616 4364 Tomdst,
642 4285 745 4349 Fdze'r
776 4289 856 4349 odra
883 4289 1070 4371 criruoqycil,
1096 4285 1242 4370 Kucblyn

104 4405 187 4460 nevit
219 4394 331 4480 Abaoj
360 4397 539 4480 odrmeqyei
563 4393 768 4480 odrjobba'gyi
791 4392 932 4458 birtokbo
959 4393 1121 4473 beiktattu,
1153 4418 1168 4458 a
1199 4403 1241 4455 ott

524 4503 632 4566 baldat
646 4503 673 4566 ia
680 4507 825 4588 jairototl.

218 4699 225 4712 .
253 4646 495 4714 ,Lodovioo..
534 4648 626 4730 regi.
652 4697 658 4710 .
684 4645 863 4730 capitulum
899 4646 1032 4711 ecclesie
1071 4643 1242 4729 Agriensis

106 4807 113 4820 .
131 4808 162 4822 ..
186 4757 302 4821 literas
317 4761 423 4820 vestre
439 4753 629 4819 excellencie
654 4753 794 4820 annuleo
820 4753 926 4837 sigillo
950 4758 1058 4818 vestro
1074 4754 1244 4836 consigna-

1083 4880 1133 4931 27*
