3192 5466
367 472 432 534 202
719 485 906 531 arrouxonr
922 469 1136 530 oxulxrrla

367 649 543 728 distinctae,
575 671 595 713 a
625 653 718 731 parte
750 645 952 712 meridionali
978 648 1161 724 existentes,
1187 645 1396 728 reliquissent
1425 641 1492 708 filiis

367 757 525 841 Stephani
542 756 667 822 scilicet
681 753 836 820 Michaeli
861 753 1005 820 Johanni
1032 761 1065 818 et
1089 754 1223 830 Jacobo,
1248 759 1400 836 quartam
1425 773 1492 816 vero

366 873 491 949 partem
518 887 539 930 a
563 871 657 949 parte
683 862 938 948 septemtrionali
964 865 1069 944 sitam,
1096 883 1158 946 qne
1178 868 1215 926 ut
1239 861 1435 945 premissum
1449 867 1491 926 est

365 973 460 1038 metis
476 973 591 1038 terreis
607 971 648 1036 ab
665 971 737 1035 aliis
754 977 839 1035 esset
864 969 1021 1036 distincta
1046 975 1079 1035 et
1102 969 1249 1036 Ladislai
1264 968 1324 1034 filii
1340 967 1490 1052 Stephani

366 1103 404 1146 ac
420 1101 551 1146 suorum
567 1079 721 1144 heredum
737 1077 906 1160 extitisset,
921 1078 1112 1142 statuissent
1127 1077 1282 1160 magistro
1293 1077 1418 1142 Tharne
1434 1076 1491 1141 filio

365 1188 462 1254 Pauli
487 1186 639 1252 servienti
663 1185 800 1269 predicti
818 1185 941 1250 Thome
966 1186 1105 1270 voyvode
1121 1185 1352 1266 Transsilvani,
1382 1185 1449 1249 viee
1464 1191 1492 1249 et

365 1297 493 1361 nomine
511 1295 652 1360 eiusdem
669 1293 789 1358 domini
815 1295 864 1358 sui
889 1295 1067 1378 recipienti,
1093 1295 1149 1376 qui
1164 1293 1209 1357 ihi
1225 1313 1289 1358 non
1305 1313 1379 1357 cum
1395 1291 1491 1357 literis

359 1406 600 1488 procuratoriis·
611 1404 667 1470 sed
685 1427 758 1470 cum
774 1404 877 1470 literis
892 1409 997 1468 totum
1013 1424 1198 1487 processum
1223 1423 1317 1468 cause
1333 1403 1491 1467 continen-

365 1513 451 1580 tibus
467 1515 716 1598 comparuisset;
733 1513 875 1598 plateam
900 1518 1010 1577 autem
1026 1533 1137 1577 versus
1154 1509 1298 1614 ‘hunum
1315 1513 1410 1595 Egur
1427 1533 1490 1596 pro·

365 1624 531 1689 cedentem
547 1629 580 1688 et
596 1623 763 1689 ecclesiam
773 1623 806 1685 in
817 1621 928 1686 eadem
945 1622 1143 1705 possessione
1159 1619 1327 1686 fundatam
1337 1621 1491 1686 communi

365 1732 439 1796 usui
465 1731 688 1812 reliquissent,
718 1730 833 1794 deiude
858 1735 963 1794 terras
988 1729 1128 1794 arabiles
1153 1735 1250 1813 prata
1276 1735 1308 1794 et
1335 1728 1434 1793 silvae
1458 1747 1491 1792 ao

365 1840 446 1905 alias
480 1841 638 1905 utilitates
669 1838 810 1903 eiusdem
841 1837 1022 1909 medietatis
1052 1837 1261 1923 possessionis
1292 1835 1492 1902 Zarrazherlr

364 1949 447 2014 lilios
464 1949 621 2032 Stephani
637 1948 867 2031 contingentes,
884 1949 944 2012 hoc
960 1947 1071 2011 ordine
1096 1946 1334 2011 distinxissent:
1358 1945 1461 2028 primo
1476 1967 1493 2010 a

364 2063 459 2142 parte
474 2057 631 2140 Nogegur
646 2056 827 2140 incipiendo
838 2079 858 2122 a
868 2055 993 2121 duabus
1004 2057 1097 2121 metis
1113 2055 1228 2120 terreis
1241 2055 1373 2122 ivissent
1389 2075 1492 2119 versus

364 2166 627 2249 septemtrionem
660 2187 719 2248 per
749 2171 852 2230 metas
884 2171 1008 2230 terreas
1050 2163 1243 2230 creberrime
1275 2165 1407 2248 positas,
1436 2185 1493 2246 que

365 2273 580 2356 distingerent
595 2273 699 2356 ipsam
715 2273 947 2356 possessionem
964 2293 984 2338 a
999 2273 1197 2356 possessione
1213 2271 1355 2357 Pylislxa
1375 2279 1492 2337 etcum

365 2381 568 2446 devenissent
593 2379 635 2444 ad
659 2381 860 2446 vicinitatem
885 2381 1095 2464 possessionis
1122 2379 1307 2458 Gorholch‚
1341 2382 1494 2463 magister

281 2512 283 2518 ’
364 2489 479 2556 Elleus
504 2488 588 2554 filius
614 2487 741 2554 Nicolai
768 2509 870 2571 usque
895 2487 1026 2553 fluvium
1042 2489 1117 2554 Twr
1144 2487 1197 2554 ubi
1224 2489 1290 2553 exit
1308 2487 1441 2571 quidam
1457 2489 1493 2553 ri·

363 2599 456 2663 vulus
472 2595 599 2662 nomine
614 2595 733 2662 Hudus
759 2597 798 2662 de
824 2598 934 2663 eodem
950 2597 1055 2675 fluvio,
1081 2597 1123 2662 ah
1148 2596 1311 2662 ereccione
1337 2601 1493 2662 metarum

364 2706 491 2772 eosdem
508 2705 744 2789 prohilinisset3
770 2706 884 2772 deiude
909 2706 1001 2772 iuxta
1016 2707 1153 2771 eundem
1178 2705 1310 2770 fluvium
1336 2705 1494 2771 tendendo

364 2836 463 2896 supra
478 2835 580 2897 usque
597 2821 699 2880 metas
725 2815 932 2898 possessionis
949 2813 1095 2900 Myliula,
1121 2815 1177 2880 uhi
1192 2821 1299 2880 essent
1317 2835 1396 2879 nove
1412 2823 1493 2881 meto

364 2923 454 2987 iuxta
469 2929 593 2988 veteres
609 2929 722 3002 erecte,
740 2930 772 2988 et
788 2924 942 2990 transiret
967 2925 1080 2988 silvam
1105 2945 1256 3007 magnam
1282 2945 1393 2989 versus
1419 2925 1495 2990 occi·

364 3029 491 3096 dentem
510 3051 569 3115 per
593 3037 697 3096 metas
722 3031 875 3096 arboreas
901 3053 995 3097 cruce
1022 3032 1165 3115 signatas
1182 3039 1215 3097 et
1231 3032 1303 3097 aliis
1320 3032 1420 3116 signis
1437 3033 1493 3098 rir-

363 3140 539 3221 cumdatas,
556 3146 629 3223 post
640 3140 701 3205 hee
717 3141 826 3205 exiens
842 3139 881 3205 de
897 3142 969 3224 ipsa
984 3141 1064 3205 silva
1082 3141 1146 3205 iret
1161 3141 1203 3205 ad
1219 3139 1423 3225 Vermesagh
1441 3163 1496 3225 per

365 3254 466 3312 metas
484 3255 616 3325 terreas,
632 3247 746 3313 deinde
764 3249 918 3314 transiret
943 3249 1033 3314 iuxta
1049 3247 1294 3312 Zeuleusheruh
1319 3270 1379 3332 per
1394 3257 1496 3314 mettas

364 3361 487 3419 terreas
513 3361 546 3419 et
571 3354 723 3420 arboreas
750 3363 781 3420 et
808 3357 929 3421 veniret
954 3377 1013 3439 per
1038 3357 1158 3420 saltum
1177 3356 1355 3439 vulgariter
1370 3357 1498 3442 Lygeth

366 3459 487 3527 dictum
520 3482 622 3543 usque
652 3463 813 3546 quendam
839 3464 944 3528 locum
966 3462 1176 3528 Kenduratto
1200 3470 1360 3544 vocatum,
1383 3464 1498 3529 deinde

366 3570 549 3652 perveniret
564 3571 606 3635 ad
622 3569 728 3635 locum
744 3569 910 3654 Nogtelnlx
936 3571 1086 3636 similiter
1111 3591 1168 3654 per
1193 3577 1297 3637 metas
1323 3578 1451 3638 terreas
1468 3579 1499 3637 et

363 3677 515 3743 arboreas
531 3680 622 3744 iuxta
632 3677 763 3743 fluvium
774 3679 928 3764 Kysegur
938 3678 1167 3758 descendendo,
1184 3679 1313 3745 caderet
1323 3683 1357 3746 in
1367 3680 1499 3747 fluvium

363 3785 518 3870 Nogegnr
533 3792 681 3852 vocatum
710 3793 742 3852 et
761 3786 803 3852 ibi
820 3794 905 3852 mete
930 3787 1201 3869 terminarentur;
1224 3795 1298 3872 post
1314 3790 1375 3854 hec
1390 3797 1500 3854 antem

364 3894 475 3960 ivisset
491 3894 532 3958 ad
548 3894 778 3977 possessionem
796 3893 895 3979 Syma
910 3902 1065 3974 vocatam,
1077 3901 1109 3959 et
1119 3895 1224 3979 ipsam
1240 3917 1298 3980 per
1314 3917 1407 3962 veras
1425 3919 1501 3963 suas

364 4007 466 4066 metas
483 4006 517 4065 et
532 4001 683 4084 antiquas
701 4022 756 4066 seu
777 4009 899 4068 veteres
910 4009 1057 4084 etnovas,
1075 4009 1184 4086 preter
1194 4002 1219 4067 J
1221 4004 1380 4069 ohannem
1396 4004 1501 4070 filium

364 4109 488 4175 Thome
503 4108 543 4172 de
558 4108 687 4173 Lazaar
704 4111 830 4175 nemine
850 4111 915 4175 alio
941 4109 1179 4176 contradictore
1206 4111 1371 4190 existente,
1397 4133 1503 4178 ream-

364 4216 548 4297 bulassent3
572 4221 605 4280 et
621 4216 698 4300 qnia
723 4215 808 4281 idem
823 4216 992 4283 Johannes
1018 4217 1104 4284 filius
1130 4218 1253 4288 Thome
1269 4220 1355 4302 ipsos
1372 4221 1405 4283 in
1424 4241 1503 4304 qua-

365 4325 440 4390 dam
457 4325 618 4409 particula
633 4331 720 4389 terre
735 4325 961 4409 prohibuisset,
974 4334 1082 4393 terras
1094 4327 1189 4392 silvas
1201 4335 1233 4391 et
1243 4327 1325 4392 alias
1341 4328 1504 4395 utilitates

365 4432 506 4498 eiusdem
532 4433 742 4516 possessionis
766 4432 973 4517 reliquissent
997 4433 1159 4517 indivisae,
1183 4435 1267 4500 sicut
1291 4437 1505 4518 possessionis

364 4539 568 4605 Zarrazherlx
594 4539 797 4622 supradiete3
820 4541 891 4606 loca
915 4548 1025 4607 autem
1050 4542 1227 4607 sessionum
1253 4542 1444 4610 divisissent
1473 4547 1505 4609 in

365 4649 452 4716 huuc
468 4647 606 4732 modum,
633 4649 719 4732 quod
746 4656 865 4715 rectem
892 4649 1124 4718 dimidietatem
1150 4671 1170 4716 a
1194 4657 1288 4736 parte
1307 4651 1504 4718 occidentali
