3180 5466
331 485 393 544 536
694 505 871 546 uuuouxoru
888 492 1091 546 oraturum.

331 662 518 711 Lerrreucium
531 662 756 714 liliumNicolair
781 665 940 728 ugyauesak
963 681 978 712 a
995 664 1121 713 iuondott
1146 680 1238 728 uapon
1261 667 1455 716 keltlevelerel

332 752 448 802 hasonlo
470 752 573 801 medon
591 753 704 802 minden
730 755 883 819 hirs-agelas
909 755 964 805 albl
991 755 1138 820 fiilmenti3
1157 756 1288 819 credetije
1314 772 1340 806 u.
1356 773 1379 805 o.
1395 757 1457 805 oriz·

334 841 404 891 tetik
420 841 487 904 dipl.
501 848 569 892 oszt.
583 845 661 892 4238.

857 1211 930 1270 aas.
1002 1168 1004 1172 ¹

337 1367 430 1430 1351.
449 1367 558 1444 Bada,
575 1367 638 1431 dec.
658 1368 708 1430 17.
725 1367 845 1430 Mittas
861 1366 969 1430 audoi-
987 1368 1057 1430 elota
1075 1367 1321 1452 Nuyyruartorri
1332 1365 1461 1430 Ldrturz

328 1473 382 1553 fia
407 1473 539 1554 Miletos,
566 1473 666 1537 Ikrou
692 1483 772 1538 acolt
799 1473 887 1560 Gydr·
921 1479 1103 1560 trdrmepyei
1141 1475 1284 1538 birtolcrit
1310 1475 1463 1538 Karistoi

339 1581 477 1645 Ldrt'aca
494 1581 642 1662 ficiculo,
669 1583 782 1647 Istoria
807 1583 908 1648 badar·
931 1585 1131 1670 pre'postuulc
1157 1587 1188 1644 ἐς
1217 1582 1393 1647 Jauosaak
1416 1587 1462 1644 zri-

755 1723 761 1735 ·
793 1691 887 1778 lopba
911 1691 1001 1778 adju.

445 1849 514 1916 Nos
531 1851 705 1918 Nicolaus.
723 1905 728 1916 .
753 1853 917 1937 palatinus
935 1859 968 1918 et
991 1853 1085 1918 iudex
1105 1875 1331 1920 comanorum.
1349 1906 1354 1919 .
1372 1855 1463 1936 signi·

272 1953 275 1960 ’
337 1959 470 2024 ficamus
487 2011 493 2024 .
511 2009 517 2023 .
541 1961 626 2044 quod
644 1963 676 2026 in
693 1963 943 2044 congregacione
960 1969 1070 2026 nostra
1099 1961 1250 2044 generali,
1268 1963 1463 2028 universitati

339 2067 494 2133 nobilium
511 2067 536 2132 J
537 2071 695 2134 auriensis
713 2076 744 2135 et
759 2069 1020 2136 Kamariuieusis
1031 2071 1251 2150 comitatuum,
1261 2071 1344 2136 feria
1360 2091 1464 2136 secun-

340 2177 382 2241 da
398 2176 545 2259 proxima
560 2184 634 2260 post
649 2178 827 2260 quindenas
844 2178 918 2243 festi
928 2178 1014 2243 beati
1025 2175 1160 2262 Georgii
1169 2181 1313 2244 martiris
1325 2181 1462 2261 proxime
1567 2204 1568 2230 r

340 2287 506 2364 transacti,
532 2307 632 2369 prope
664 2287 825 2352 civitatem
856 2287 1063 2353 Jauriensem
1096 2287 1267 2363 celebrata,
1292 2287 1403 2370 populi
1430 2286 1466 2350 de

342 2392 435 2456 llrriu
467 2393 629 2475 quondam
660 2391 673 2478 (
675 2443 847 2460 ........
859 2392 872 2479 )
906 2396 1040 2480 capituli
1071 2395 1234 2461 Budeusis
1261 2392 1274 2478 (
1285 2444 1388 2458 .....
1399 2393 1469 2476 )gie,

340 2522 426 2566 nunc
442 2523 515 2566 vero
531 2501 642 2586 Nylrul
656 2502 714 2568 filii
730 2503 904 2568 Laurencii
920 2503 979 2569 filii
996 2503 1135 2568 Simonis
1146 2505 1185 2568 de
1196 2505 1331 2568 Mortua
1351 2503 1467 2585 iobagi·
1570 2506 1571 2524 ¹

344 2629 429 2686 ones,
447 2615 559 2673 contra
576 2609 777 2693 Stephanum
793 2611 895 2676 filium
913 2608 1050 2695 Gyauch
1066 2610 1105 2675 de
1132 2607 1179 2694 G(
1182 2659 1331 2674 .......
1334 2608 1365 2693 )s
1390 2611 1469 2674 eius-

341 2718 414 2783 dem
427 2739 485 2800 pro
512 2718 683 2802 potentiali
710 2722 967 2784 concremacione
992 2719 1250 2786 molendinorum
1266 2721 1410 2801 ipsorum
1433 2739 1467 2781 ac
1572 2706 1573 2738 ³

343 2825 509 2890 oblacione
524 2825 638 2908 viginti
654 2825 769 2891 bovum
786 2848 897 2892 eorum
914 2824 928 2908 (
930 2876 1176 2892 ...........
1179 2823 1192 2910 )
1215 2825 1374 2892 nobilium
1390 2827 1470 2889 iura·

343 2939 514 3014 torumque
530 2954 726 2999 assessorum
752 2935 785 2998 in
810 2935 896 3000 facto
921 2934 1093 3018 potenciali
1122 2935 1255 2998 movisti
1275 2934 1471 2998 exstitissent

343 3049 376 3106 et
391 3045 569 3124 aggravati,
586 3065 624 3107 ex
641 3065 741 3126 eoque
767 3041 780 3126 (
783 3093 1006 3110 ..........
1007 3040 1021 3127 )
1041 3044 1193 3109 diciarias
1212 3043 1365 3108 devoluta
1381 3041 1471 3106 exsti-

343 3150 437 3214 tisset
461 3157 493 3215 et
521 3151 675 3233 detenta,
698 3153 827 3218 taudem
854 3153 894 3218 ad
920 3152 1188 3218 instantissimam
1205 3151 1399 3234 peticionem
1413 3149 1472 3214 dis·

344 3259 424 3322 creti
448 3259 509 3322 uiri
534 3259 653 3324 domiui
672 3310 820 3326 .......
839 3257 1027 3344 (Stephani)
1054 3256 1222 3342 preposi(ti
1251 3259 1388 3324 ecclesie
1410 3241 1473 3323 Bu-

345 3365 466 3451 deusis)
482 3374 514 3432 et
530 3371 677 3452 magistri
703 3371 722 3434 ‚J
729 3373 842 3435 oannis
868 3371 979 3436 fratris
1004 3369 1146 3434 eiusdem
1163 3366 1303 3432 filiorum
1329 3367 1475 3432 videlicet

345 3475 491 3558 magistri
507 3476 681 3543 Laureucii
697 3478 756 3542 filii
771 3478 913 3543 Emerici
929 3479 968 3542 de
985 3473 1143 3560 K(auisa)
1171 3477 1392 3559 proximorum
1408 3494 1474 3538 uos·

346 3589 472 3650 trorum
489 3580 502 3666 (
504 3633 628 3649 ......
629 3583 643 3670 )
667 3585 700 3650 iu
717 3585 802 3650 facto
828 3587 973 3670 potencie
990 3587 1023 3648 in
1040 3589 1168 3648 centum
1184 3581 1314 3647 florenis
1330 3582 1475 3647 duximus

347 3690 567 3768 relaxandum,
584 3713 664 3774 quos
681 3692 809 3774 quidem
827 3699 954 3758 centum
981 3690 1116 3756 florenos
1142 3689 1227 3754 idem
1243 3689 1396 3754 dominus
1411 3709 1476 3772 pre·

346 3801 469 3883 positus
486 3807 519 3865 et
534 3803 688 3884 magister
704 3802 728 3867 J
730 3803 873 3867 ohannes
890 3802 979 3866 nobis
996 3803 1141 3885 plenarie
1166 3801 1401 3884 persolverunt,
1412 3818 1475 3880 pre-

347 3917 542 3976 memoratus
573 3933 647 3977 vero
685 3911 799 3996 Nylrul
838 3911 956 3978 ibidem
994 3933 1102 3976 coram
1135 3910 1226 3975 nobis
1265 3909 1478 3992 personaliter

348 4015 514 4099 astando(
517 4068 717 4084 .........
720 4018 734 4104 )
750 4021 851 4104 Ilrryn
869 4042 941 4086 cum
967 4019 1113 4084 omuibus
1138 4019 1204 4084 suis
1232 4016 1432 4082 utilitatibus
1448 4021 1479 4078 et

349 4125 555 4206 proventibus
588 4129 751 4192 annotatis
776 4127 904 4193 domiuo
929 4129 1092 4210 preposito
1118 4133 1150 4190 et
1173 4127 1331 4208 magistro
1358 4125 1385 4188 J
1387 4124 1479 4188 oauui

348 4231 423 4298 filiis
448 4235 622 4300 Laurencii
654 4233 667 4318 (
670 4285 816 4301 .......
819 4235 832 4320 )
864 4241 991 4302 centum
1023 4234 1151 4300 florenis
1172 4235 1415 4317 impignoravit,
1441 4251 1478 4294 eo

349 4340 451 4419 modo,
482 4347 518 4406 ut
543 4343 798 4426 quandocunque
824 4343 927 4420 vellet,
957 4343 1091 4408 eandem
1117 4335 1351 4426 possessionem
1381 4339 1479 4422 Ikryu

350 4470 408 4532 pro
424 4449 502 4533 ipsis
518 4455 646 4515 centurn
663 4447 791 4514 florenis
808 4449 849 4515 ab
865 4451 944 4532 ipsis
960 4449 1089 4515 domino
1105 4449 1270 4532 preposito
1281 4453 1314 4512 et
1325 4447 1480 4531 magistro

350 4559 502 4624 Johaune
527 4557 603 4623 filiis
628 4557 803 4624 Larrreacii
831 4557 965 4623 liberam
992 4557 1167 4624 redimendi
1191 4556 1327 4622 haberet
1345 4553 1480 4620 faculta-

351 4673 424 4744 tem,
440 4666 502 4754 ipsi
520 4687 592 4730 vero
610 4666 714 4730 dictus
730 4668 911 4750 prepositus
929 4671 961 4728 et
972 4666 1126 4748 magister
1136 4663 1315 4742 Johaunes,
1333 4665 1482 4730 rehabita
