3192 5466
579 431 671 492 1348.
689 445 759 489 our.
777 431 805 491 3.
1169 425 1232 488 235

106 608 303 672 vulnerando
328 605 513 671 semivivum
539 608 762 690 reliquissent3
786 613 820 670 ct
835 607 962 670 (leuium
989 626 1085 688 super
1112 605 1233 669 curiam

107 718 253 800 magistri
269 715 430 781 Demetrii
446 715 597 780 similiter
621 715 764 798 predicte
789 715 921 781 ecclesie
946 715 1090 779 canonici
1122 715 1239 778 i'estiuo

106 825 229 892 insultu
245 825 408 890 venientes
424 831 457 890 ot
473 825 607 889 eandem
624 823 879 908 confrangentes,
896 823 975 889 duos
985 823 1122 889 famulos
1138 823 1239 906 ipsius

106 935 255 1018 magistri
281 934 440 999 Demetrii
466 933 613 998 videlicet
638 933 785 998 Blasium
812 940 844 997 et
869 931 1051 998 Fabianum
1079 933 1112 996 in
1128 931 1239 996 eadem

107 1044 195 1108 curia
211 1044 355 1127 graviter
380 1042 578 1108 vulnerando
602 1043 819 1126 reliquissent,
845 1042 1006 1126 predictos
1022 1042 1123 1105 eciam
1141 1039 1248 1122 magi·¹

108 1159 188 1216 stros
204 1151 368 1216 Jacobum
386 1157 419 1216 et
434 1151 637 1216 Demetrium
654 1152 823 1217 canonicos
833 1151 867 1214 in
877 1147 1060 1214 defensioue
1077 1147 1240 1212 curiarum

108 1259 300 1338 carumdem,
316 1281 388 1324 cum
403 1259 505 1344 spatis
515 1259 695 1342 gladiorum
711 1259 836 1324 duriter
861 1258 1084 1322 verberassent
1101 1255 1238 1331 eosdem,

107 1377 137 1432 et
147 1368 230 1432 alios
239 1368 409 1434 canonicos
426 1368 526 1450 ipsius
536 1367 670 1433 ecclesie
685 1367 789 1432 verbis
806 1367 929 1432 illicitis
945 1372 978 1430 et
992 1363 1240 1438 contumeliosis,

108 1477 205 1541 nullis
224 1477 328 1559 culpis
348 1477 490 1560 ipsorum
515 1475 754 1559 requirentibus
780 1480 1015 1559 pertractantes
1043 1479 1075 1536 et
1100 1472 1241 1554 graviter

107 1585 323 1662 verberantes,
345 1585 377 1648 in
388 1583 598 1668 preludioium
614 1585 757 1668 ipsorum
768 1583 1001 1648 ncnmodicum
1012 1587 1241 1664 etgravamen3

107 1701 138 1757 ct
154 1695 207 1759 his
223 1693 421 1778 perpetratis
437 1693 554 1756 iterato
580 1692 622 1756 ad
648 1692 767 1758 dictam
792 1691 1025 1776 possessionem
1051 1711 1161 1754 eorum
1177 1686 1240 1754 Ge-

109 1801 262 1867 raltialva
278 1807 423 1865 vocatam
439 1801 557 1864 reversi
574 1801 785 1882 exstitissent3
805 1823 902 1884 super
919 1821 982 1884 quo
999 1849 1005 1864 .
1023 1850 1029 1862 .
1046 1800 1241 1884 precipimus

110 1932 165 1994 per
182 1913 360 1992 presentes,
377 1915 540 1990 quatenus
556 1931 656 1973 unum
681 1907 731 1973 vel
756 1908 835 1973 duos
861 1929 898 1972 ex
925 1907 1013 1972 vobis
1030 1956 1036 1970 .
1054 1957 1060 1971 .
1077 1907 1241 1972 transmit-

109 2018 195 2096 tatis,
222 2019 278 2100 qui
305 2015 347 2080 ab
372 2017 519 2080 omnibus
538 2069 543 2080 .
561 2065 567 2079 .
585 2016 689 2082 sciant
713 2021 746 2081 et
771 2017 938 2100 inquirant
963 2015 1002 2080 de
1028 2015 1192 2099 premissis
1210 2064 1240 2078 ..

107 2125 325 2192 omnimodam
351 2127 537 2206 veritatem3
561 2133 594 2190 et
619 2133 692 2210 post
707 2128 766 2192 hee
791 2130 888 2209 prout
912 2123 999 2190 vobis
1025 2125 1143 2189 veritas
1169 2144 1241 2187 oon-

107 2237 229 2300 stiterit
246 2236 485 2319 premissorum,
511 2234 602 2300 nobis
627 2234 765 2300 fideliter
782 2234 975 2300 rescribatis.
999 2233 1122 2298 Datum
1138 2233 1241 2309 Bude,

107 2345 189 2409 seria
205 2351 299 2409 sexta
315 2345 462 2430 proxima
478 2349 553 2409 ante
579 2349 708 2409 octavas
724 2344 796 2410 festi
812 2343 899 2409 beati
916 2342 1088 2410 Michaelis
1104 2341 1239 2406 archan-

109 2454 181 2535 geli,
198 2473 284 2518 anno
301 2451 422 2516 domini
439 2453 491 2518 Μο
516 2449 613 2520 000ο
637 2451 742 2516 XL¹¹¹⁰
758 2457 878 2516 octavo.

217 2597 349 2661 Papirou,
372 2595 500 2646 zsrlattn
512 2595 604 2658 pecsdt
623 2595 799 2659 nyomaiva13
819 2595 949 2659 eredetije
964 2611 995 2646 su
1010 2611 1078 2644 orsz.
1093 2597 1124 2645 lt.
1139 2594 1239 2644 kiuost.

109 2701 177 2738 cisat.
192 2687 227 2738 N.
241 2689 275 2738 R.
290 2687 323 2738 A.
340 2692 415 2738 1537.
431 2693 473 2738 21.
487 2687 554 2751 dipl.
568 2691 636 2736 oszt.
650 2691 729 2738 4010.
749 2687 849 2736 Kozli:
870 2688 978 2738 Kovsas
991 2687 1024 2736 N.

655 2867 755 2874 ...⁴-

641 3017 712 3077 116.

113 3157 207 3218 1348.
224 3155 330 3232 Barda,
346 3165 400 3220 oct.
416 3157 446 3217 3.
471 3157 498 3218 I.
517 3153 613 3238 Lojos
629 3153 737 3239 tiroly
757 3153 866 3218 Gerasi
885 3155 1038 3218 Pettonet·
1056 3153 1242 3238 ortoqeaqrdc',

108 3265 189 3348 kopp
206 3261 302 3326 ennek
319 3260 565 3346 Ndmei·Mdkfo
585 3269 663 3326 accit
690 3260 833 3324 birtclcn'n
859 3259 1055 3347 meptelepttlt
1070 3260 1243 3346 jobbdppoi

111 3395 249 3459 neyyren
274 3371 353 3434 celet
383 3373 493 3456 erejdip
528 3395 549 3433 o
574 3369 667 3434 Rota
702 3370 815 3456 erdeja
849 3369 1099 3434 baazndlbasso'b
1123 3391 1138 3431 s
1163 3369 1241 3431 ezdrt

311 3477 530 3542 miudenaeorr't
546 3477 704 3542 oddzcisto'l
721 3479 869 3541 riteateselr
887 3477 1036 3562 lappensis.

219 3621 289 3686 Nos
306 3621 485 3689 Lodovicus
501 3673 507 3686 .
525 3671 531 3684 .
549 3641 605 3684 rex
622 3671 628 3684 .
645 3619 862 3704 significamus
880 3669 886 3684 .
904 3669 910 3684 .
928 3621 1012 3704 quod
1023 3641 1081 3686 nos
1092 3641 1151 3704 pro
1167 3619 1243 3685 fide·

107 3729 258 3795 litatibus
286 3725 488 3812 ..magistri
519 3728 651 3792 Pethew
681 3725 739 3792 lilii
771 3727 869 3792 Mark
894 3727 933 3792 de
957 3727 1244 3793 Nemeth-Makwa

110 3838 218 3904 fidelis
234 3837 346 3915 nostri,
363 3857 402 3901 ex
418 3837 527 3920 gracia
547 3838 635 3919 regie
646 3835 857 3919 benignitatis
874 3835 976 3902 eidem
987 3843 1019 3900 et
1030 3837 1095 3901 suis
1105 3837 1243 3919 posteris

108 3947 293 4014 huiusmodi
319 3948 462 4030 graciam
486 3947 519 4010 in
545 3953 735 4030 perpetuum
761 3947 909 4010 duximus
941 3946 1129 4026 faciendam,
1158 3945 1241 4028 quod

108 4055 297 4138 iobagiones
308 4055 357 4120 sui
367 4055 400 4118 iu
411 4053 556 4136 predicta
571 4055 770 4136 possessione
787 4062 1019 4120 commorantes
1036 4054 1096 4119 sub
1110 4075 1244 4119 numero

109 4162 331 4245 (quadraginta
347 4163 548 4231 mansionum
565 4169 599 4226 et
614 4183 677 4226 nou
694 4162 844 4246 plurium,
861 4163 973 4228 silvam
990 4168 1134 4227 nostram
1151 4163 1245 4228 Raba

109 4277 259 4336 vocatam
284 4292 358 4336 cum
383 4269 544 4348 fenilibus,
559 4271 655 4335 terris
680 4271 867 4350 arabilibus,
893 4277 925 4336 et
949 4271 1021 4336 aliis
1048 4270 1245 4354 quibuslibet

110 4379 310 4444 utilitatibus
327 4379 361 4442 in
377 4379 489 4444 eadem
514 4379 642 4456 habitis,
668 4385 825 4462 quantum
850 4380 892 4444 ad
918 4379 1079 4462 predictas
1106 4379 1245 4460 quadra·

109 4488 205 4571 ginta
220 4487 363 4570 integras
379 4486 560 4552 mansiones
576 4485 816 4569 sufficientibus,
841 4509 879 4552 ex
905 4489 1045 4570 presenti
1063 4494 1174 4553 nostra
1191 4510 1245 4553 an-

110 4595 250 4663 uuencia
266 4595 314 4660 uti
339 4593 463 4682 possint
487 4600 585 4682 atque
610 4595 747 4676 valeant,
773 4601 806 4660 et
831 4594 872 4660 ab
898 4596 983 4660 omni
1000 4595 1092 4660 dacio
1108 4593 1191 4682 (igy)
1208 4619 1246 4662 ao
