3138 5462
545 490 637 551 1347.
655 505 727 550 oon.
747 493 775 550 6.
1156 489 1219 550 139

107 669 347 754 septemtrionali
374 669 437 732 sita
462 691 520 752 pro
546 667 713 732 Devechor
738 671 787 730 θεῖ
813 672 976 745 renovata,
1002 666 1067 730 alia
1083 687 1157 729 vcro
1173 672 1221 729 θεῖ

106 801 155 862 pro
170 776 298 858 Geuch3
323 777 440 842 abhinc
466 775 687 842 descendendo
712 795 821 839 versus
846 775 1001 838 orientem
1027 775 1156 838 iuventa
1173 781 1222 838 θεῖ

107 908 161 950 una
173 893 255 950 meta
271 887 408 966 antiquo
425 906 566 962 currem,
592 904 653 967 que
669 905 728 967 pro
748 883 915 948 Derecher
931 890 980 948 θεῖ
995 889 1157 961 renovata,
1180 883 1220 948 de

106 1017 162 1076 qua
175 993 330 1060 tendendo
347 995 388 1059 sd
405 993 561 1058 orientem
578 999 653 1058 sunt
669 1000 735 1057 tres
751 999 834 1056 mete
851 993 984 1073 antique
1003 998 1116 1070 terreo,
1142 1013 1220 1072 qua·

106 1125 167 1168 rum
181 1124 243 1166 una
260 1124 279 1167 a
296 1102 526 1185 septemtrione
547 1107 597 1166 est
612 1123 671 1184 pro
686 1101 862 1178 Devecher‚
879 1100 944 1165 alia
959 1121 1034 1165 vero
1051 1122 1071 1165 a
1086 1100 1219 1165 meridie

104 1233 154 1294 pro
168 1207 286 1287 Geueh,
298 1216 331 1274 et
341 1210 441 1274 tercia
457 1210 671 1274 adorientem
688 1210 873 1291 ostendens3
889 1209 1055 1290 dequibus
1072 1210 1218 1293 procedit

104 1318 140 1384 ad
153 1317 252 1382 locum
269 1315 504 1404 Oloperdeyfey
519 1323 675 1395 vocatum,
692 1317 745 1381 ubi
767 1317 829 1382 due
854 1322 939 1381 mete
964 1324 1067 1382 terroe
1093 1319 1216 1383 noviter

101 1431 167 1490 sunt
190 1433 304 1503 erecte,
329 1447 467 1509 quarum
493 1446 558 1490 una
583 1431 632 1490 θεῖ
656 1446 714 1508 pro
731 1421 906 1501 Dereoher‚
928 1425 993 1489 alia
1009 1446 1067 1508 pro
1084 1423 1217 1507 Geneh3

99 1534 165 1598 iude
179 1533 321 1616 procedit
345 1555 456 1598 sersus
481 1534 645 1612 orientem,
671 1534 704 1596 in
720 1534 789 1598 loco
814 1533 1016 1616 Fulniresfey
1041 1539 1154 1599 vocato
1170 1533 1216 1598 in·

98 1647 182 1705 venta
205 1649 253 1706 est
279 1662 342 1705 una
367 1649 454 1707 meta
479 1642 616 1722 antiqua
642 1647 755 1718 terrea,
790 1647 830 1730 et
851 1642 927 1722 quia
953 1641 997 1706 ibi
1013 1641 1216 1708 Laurentius

99 1751 175 1815 lilius
190 1750 274 1815 Abel
291 1751 374 1815 dixit
391 1771 482 1816 snam
508 1751 741 1834 possessiouem
767 1750 935 1815 Devecher
960 1750 1157 1834 superiorem
1173 1751 1215 1816 ab

97 1858 197 1922 eadem
222 1857 391 1923 Derecher
415 1857 559 1923 inferiori
585 1857 739 1940 separari,
765 1857 837 1921 ideo
863 1856 982 1921 ibidem
1007 1856 1087 1922 duas
1112 1863 1215 1923 metas

97 1973 207 2030 terreas
222 1987 329 2043 novae,
345 1987 443 2030 unam
468 1987 526 2049 pro
541 1965 711 2030 Deveeher
727 1963 879 2046 inferiori,
904 1971 937 2029 et
962 1964 1059 2030 aliam
1074 1985 1133 2049 pro
1149 1963 1214 2030 De·-

95 2073 200 2136 reeher
216 2073 373 2157 superiori
389 2079 574 2154 erexerunt-3
590 2072 645 2137 ubi
662 2071 835 2138 reflectitur
859 2073 902 2138 ad
926 2078 1052 2155 partem
1079 2079 1213 2156 septem·

95 2181 262 2258 trionalem,
288 2181 497 2262 ascenditque
514 2181 556 2246 ad
571 2182 678 2259 berch,
695 2187 727 2245 et
743 2180 786 2246 ibi
812 2202 877 2244 una
902 2201 984 2244 nova
999 2187 1085 2245 meta
1101 2187 1210 2246 terrea

94 2289 284 2354 circumdans
301 2289 448 2354 arborem
473 2289 592 2356 kerkue
609 2311 667 2372 pro
684 2289 852 2354 Devecher
877 2295 930 2385 est
942 2295 1049 2354 erecta
1064 2313 1071 2369 ;
1088 2289 1127 2353 de
1143 2311 1212 2372 qua

92 2397 281 2476 procedendo
298 2398 462 2463 descendit
478 2399 511 2462 in
528 2400 649 2481 gremio
674 2398 751 2464 silve
767 2396 950 2482 Oloperdey
975 2405 1085 2463 vocate
1101 2419 1211 2464 vorsus

91 2505 340 2588 septemtrionem
357 2505 399 2571 ad
415 2506 540 2588 vollem,
557 2513 589 2571 et
605 2507 723 2571 transit
737 2507 842 2590 ipsam
859 2505 976 2571 vallem
1001 2512 1034 2570 et
1058 2507 1206 2586 rivulum,

87 2612 284 2693 ascenditque
300 2613 342 2678 ad
358 2613 500 2678 montem
517 2621 549 2680 ct
564 2635 715 2680 cacumen
741 2614 858 2678 montis
875 2613 976 2678 Beleh
992 2615 1108 2690 vocati,
1126 2619 1158 2678 et
1176 2614 1209 2678 iu

88 2720 188 2786 eodem
212 2720 314 2786 Beleh
340 2721 446 2786 tendit
471 2722 565 2803 quasi
590 2743 701 2787 versus
726 2723 884 2787 orientem
909 2721 949 2786 od
977 2720 1158 2796 Turmasto,
1175 2729 1209 2786 et

89 2848 179 2910 supra
196 2828 302 2912 ipsum
327 2829 501 2896 Turmasto
526 2831 559 2894 in
584 2830 685 2896 latere
711 2831 788 2896 silve
814 2837 889 2896 sunt
913 2831 975 2895 due
1002 2836 1085 2895 mete
1101 2837 1207 2895 terreo

88 2935 220 3016 antique,
236 2955 376 3016 quarum
393 2959 458 3002 una
474 2959 494 3002 a
510 2944 603 3020 parte
621 2923 876 3022 ¹septemtrionali
893 2945 942 3003 est
957 2959 1015 3021 pro
1032 2937 1207 3017 Deveeber,

89 3039 174 3106 iuxta
189 3063 287 3122 qutun
303 3041 401 3107 aliam
418 3051 537 3108 metam
553 3067 668 3112 novam
684 3054 823 3112 terream
848 3052 1028 3122 erexerunt,
1054 3045 1119 3110 alia
1134 3067 1208 3110 vero

86 3157 206 3231 aparte
222 3151 425 3216 meridionali
442 3154 505 3220 sita
521 3161 570 3218 θεῖ
594 3177 654 3240 pro
670 3154 1018 3234 Aron-Zeuthmildos3
1035 3154 1074 3218 de
1091 3154 1207 3237 quibus

85 3259 278 3339 procedendo
303 3281 361 3342 per
385 3259 482 3326 berch
517 3283 626 3328 versus
662 3264 922 3346 septemtrionem
947 3264 1034 3326 venit
1058 3261 1100 3327 ad
1125 3261 1207 3329 alias

86 3363 160 3429 duas
184 3373 286 3432 metas
313 3373 435 3433 terreas
461 3372 624 3452 antiquas,
649 3373 740 3437 iuxta
766 3372 929 3455 quandam
946 3372 1030 3436 viam
1056 3393 1206 3454 magnam

83 3473 202 3554 positas,
220 3494 359 3555 quarum
377 3498 441 3541 una
458 3475 499 3542 ab
516 3477 680 3544 occidente
700 3485 749 3544 est
764 3501 823 3563 pro
839 3479 1016 3560 Deveeher,
1041 3479 1107 3544 alia
1131 3499 1205 3543 vero

82 3577 248 3646 oboriente
259 3589 309 3646 est
325 3605 383 3666 pro
394 3583 760 3668 Aron-Zenthmiclosa3
777 3587 850 3652 inde
867 3587 954 3652 radit
970 3587 1011 3652 ad
1026 3587 1108 3651 alins
1124 3586 1205 3651 duas

86 3694 182 3753 metas
198 3696 323 3754 terreas
340 3711 378 3754 ex
395 3697 533 3774 utreque
543 3702 637 3776 parte
652 3696 700 3760 vie
717 3697 846 3780 positas,
866 3717 1001 3777 quarum
1017 3717 1083 3760 una
1099 3694 1139 3759 ab
1156 3716 1205 3759 oc·

81 3795 196 3862 ridente
222 3803 272 3862 est
297 3820 355 3880 pro
380 3799 555 3881 Deveeber‚
582 3803 647 3868 alia
673 3805 706 3868 in
732 3805 841 3870 radice
867 3804 992 3869 arboris
1019 3803 1138 3868 kerkus
1155 3809 1205 3868 ost

80 3925 131 3985 pro
156 3905 515 3990 Aron-Zenthmiolosa,
541 3911 596 3976 ubi
623 3919 793 3996 separatur
819 3935 839 3978 a
863 3913 956 3978 metis
982 3920 1068 3978 terre
1094 3911 1201 3978 Aron·

79 4009 313 4079 Zenthmiclosa
328 4021 361 4079 et
377 4015 490 4100 incipit
505 4024 615 4083 tenere
641 4026 743 4086 metas
759 4042 831 4084 eum
847 4027 935 4086 terra
951 4019 1048 4103 Oylre,
1074 4025 1107 4084 et
1131 4041 1202 4103 pro·

78 4119 155 4184 redit
179 4141 236 4203 per
255 4122 346 4188 ,viam
372 4125 568 4191 antedictam
593 4149 703 4192 versus
728 4128 990 4211 septemtrionem
1016 4127 1058 4192 ad
1083 4127 1201 4192 bonum

78 4227 223 4307 spacium,
240 4229 379 4310 salitque
395 4231 434 4296 de
459 4234 529 4316 ipsa
544 4235 595 4298 ria
611 4234 652 4300 ad
669 4235 874 4314 occidentem,
885 4235 939 4300 ubi
950 4241 1025 4299 sunt
1041 4235 1103 4300 due
1118 4240 1202 4300 mete

76 4335 200 4418 antique
216 4343 329 4415 terroe,
347 4360 412 4403 una
427 4362 485 4423 pro
501 4341 669 4408 Devecher
694 4349 725 4407 et
752 4343 816 4408 alia
841 4364 899 4426 pro
914 4349 1003 4408 terra
1028 4343 1135 4428 Oylra;
1160 4343 1199 4408 de

77 4441 186 4520 quibus
213 4444 301 4508 vadit
325 4445 368 4510 ad
394 4469 544 4530 magnam
573 4455 690 4514 metam
717 4451 887 4532 antiquam
903 4449 1111 4534 perforatam,
1136 4473 1198 4534 que

76 4557 198 4633 separat
214 4551 384 4618 Deveeher
400 4561 433 4618 et
448 4557 544 4620 terris
555 4553 645 4641 Oyka
665 4563 697 4621 et
707 4557 963 4638 Zeuthmartun3
981 4555 1054 4621 iude
1070 4556 1199 4622 descen·

76 4655 170 4722 dendo
185 4679 246 4742 per
261 4657 360 4726 berch
376 4682 485 4728 versus
502 4663 707 4744 occidentem,
727 4665 761 4728 in
777 4662 899 4747 gremio
925 4661 1002 4728 silve
1028 4661 1199 4757 Bykerdey
