3192 5466
324 471 387 532 188
681 486 867 531 lssonronr
885 471 1099 532 osnlnrrls.

323 647 426 711 dictos
443 654 567 712 actores
584 647 625 713 ab
642 670 715 727 rina,
731 647 810 713 item
826 649 998 730 nragistros
1015 650 1204 714 Ladislrnnn
1221 651 1344 715 <lictum
1357 652 1468 724 Zaar,

324 753 516 839 Ayaardum
540 755 643 820 filium
669 755 796 822 Nicolai
823 756 863 820 de
889 755 1033 823 Sambnlr
1059 764 1092 822 et
1118 757 1320 842 Stephanum
1353 759 1467 822 filium

323 863 469 928 Ladislai
487 863 545 928 filii
562 862 741 930 Sumralrus
758 866 937 931 incensam
954 872 1112 932 attractos
1128 874 1222 950 parte
1238 887 1275 930 ex
1293 867 1411 948 altera,
1431 867 1467 930 in

324 973 408 1037 sacto
428 981 585 1039 metarum
604 976 840 1059 possessionum
866 977 1000 1062 Tynnye
1026 977 1210 1041 eorumdem
1235 977 1327 1041 Petri
1344 977 1469 1042 Zudcr

324 1087 356 1144 ct
372 1081 533 1148 ‚lobannis
550 1083 764 1150 Gnthnndorl
776 1085 943 1168 dictorum,
967 1107 1025 1150 nec
1041 1108 1105 1150 non
1122 1086 1245 1150 Prebor
1261 1092 1468 1164 vocatarum,

324 1192 466 1274 ipsorum
482 1193 709 1276 magistrorum
726 1193 869 1258 ladislai
888 1195 964 1258 dicti
982 1192 1236 1278 Zaar·,Ayna1·di
1254 1193 1311 1258 filii
1327 1193 1467 1258 Nicolai

325 1307 358 1366 ct
374 1300 531 1384 Stephani
547 1302 605 1367 filii
630 1303 776 1368 Ladislai
803 1304 861 1369 filii
879 1303 1067 1388 Samralrns,
1094 1306 1161 1370 litis
1186 1307 1324 1370 materia
1349 1326 1468 1370 coram

326 1409 417 1474 nobis
434 1411 513 1475 iuris
530 1411 642 1475 ordine
658 1419 746 1477 mota
764 1413 942 1478 exstitisset
958 1420 990 1477 et
1007 1419 1138 1489 exorta,
1163 1413 1297 1497 ipsaque
1314 1414 1372 1478 lite
1387 1413 1468 1476 diu-

325 1517 393 1583 cius
404 1519 505 1583 nostri
522 1519 555 1583 in
571 1521 737 1603 presencia
753 1521 842 1586 iuxta
859 1520 1072 1604 complurium
1088 1521 1255 1586 literarum
1273 1529 1465 1587 nostrarum

325 1625 491 1691 iudiciaria
516 1627 761 1692 deliberacionis
786 1636 895 1693 nostre
927 1629 1056 1694 modum
1085 1629 1335 1713 exprimencinm
1360 1629 1469 1692 venti-

326 1734 423 1812 lante,
447 1733 598 1800 Andreas
624 1735 663 1799 de
687 1735 805 1800 Kenew
831 1758 890 1819 pro
915 1743 1007 1820 parte
1029 1737 1213 1801 eorumdem
1229 1737 1469 1820 magistrorum

326 1841 474 1906 Ladislai
490 1843 567 1908 dicti
583 1842 680 1922 Zaar,
704 1841 853 1928 Aynardi
880 1843 938 1908 filii
956 1843 1085 1910 Nicolai
1112 1845 1152 1909 de
1178 1843 1323 1910 Sambulr
1340 1851 1372 1937 et
1388 1842 1468 1910 Ste-

327 1950 425 2032 pbani
452 1950 509 2014 filii
535 1950 682 2016 Ladislai
707 1951 765 2016 filii
792 1951 981 2030 samalus,
1004 1953 1082 2016 item
1107 1953 1231 2018 Paulus
1250 1952 1354 2018 dictus
1370 1953 1470 2018 Zaar

328 2058 366 2122 de
383 2057 472 2142 Wny
488 2081 546 2141 pro
563 2065 656 2143 parte
673 2060 890 2144 predictorum
911 2061 1003 2125 Petri
1028 2060 1106 2128 dicti
1123 2061 1233 2126 Zudor
1249 2067 1282 2124 et
1297 2060 1322 2125 J
1323 2060 1470 2126 ohannis

327 2163 540 2231 Guthnndorf
547 2168 624 2233 dicti
635 2169 778 2232 homines
790 2169 879 2252 regii,
895 2169 1098 2252 presentibus
1114 2169 1305 2247 testimoniis
1321 2168 1467 2250 capituli

328 2274 459 2339 ecclesie
474 2275 644 2358 badensis,
660 2277 692 2341 in
709 2277 829 2341 octavis
846 2277 920 2341 festi
937 2277 1065 2342 Pascbe
1082 2276 1202 2341 domini
1212 2298 1298 2341 nnnc
1313 2277 1467 2358 proxime

327 2381 500 2464 preteritis,
527 2382 568 2446 ad
594 2382 708 2449 faciem
732 2383 940 2466 possessionis
965 2383 1077 2467 Tynna
1108 2389 1219 2448 vocate
1244 2384 1277 2448 in
1302 2384 1467 2448 comitatu

327 2488 492 2554 Pilisiensi
508 2489 685 2570 existentis,
709 2512 766 2575 per
782 2491 905 2574 regiam
921 2492 1124 2557 maiestatem
1139 2492 1218 2575 ipsis
1232 2493 1331 2556 Petro
1347 2491 1468 2556 Zudor

328 2604 361 2662 et
386 2597 531 2663 Johanni
557 2596 771 2664 Guthundors
792 2601 887 2665 dictis
916 2622 974 2683 pro
1000 2599 1147 2665 fidelibus
1183 2621 1292 2664 eorum
1318 2600 1469 2664 serviciis

329 2706 444 2771 collate
462 2757 468 2770 .
485 2757 491 2769 .
510 2707 669 2786 accedere,
694 2714 726 2772 et
741 2729 812 2774 eam
829 2729 886 2791 per
902 2729 978 2773 suas
995 2729 1087 2772 roras
1112 2713 1215 2773 metes
1241 2715 1274 2773 et
1298 2709 1457 2790 antiquas

329 2813 445 2897 quibus
464 2836 484 2878 a
503 2816 701 2898 possessione
726 2817 850 2882 Prebor
874 2818 1031 2882 dictorum
1056 2817 1281 2899 magistrorum
1309 2815 1464 2882 Ladislai

329 2929 362 2986 ct
380 2921 524 3007 Aynardi
542 2945 579 2986 ac
595 2923 753 3008 Stephani
773 2925 831 2991 lilii
856 2926 1002 2991 Ladislai
1027 2925 1087 2990 filii
1113 2923 1292 2990 Sumraltus
1317 2924 1467 2990 dinosce-

329 3037 420 3095 retur
438 3033 592 3114 separari,
616 3031 707 3098 iuxta
723 3034 869 3117 parcium
885 3035 935 3098 rel
952 3039 1198 3118 procuratorum
1223 3053 1335 3097 eornm
1351 3039 1462 3096 osten-

329 3140 450 3204 sionem
475 3139 686 3220 reambnlare,
703 3148 734 3206 et
751 3191 757 3205 .
775 3191 781 3205 .
798 3165 818 3206 a
833 3143 980 3225 predicta
1004 3142 1204 3226 possessione
1229 3142 1353 3206 Prebcr
1370 3163 1466 3225 sepa-

329 3273 402 3316 rare
419 3301 425 3314 .
442 3300 449 3313 .
467 3251 576 3334 sicque
593 3253 706 3334 cuique
733 3251 880 3333 parcium
897 3273 956 3316 sua
971 3251 1043 3316 iura
1058 3249 1311 3334 possessionaria
1327 3247 1465 3333 pacifice

329 3360 492 3442 possidere
508 3359 698 3442 relinquere,
711 3360 736 3423 si
747 3365 856 3443 partes
873 3360 1045 3425 concordes
1062 3359 1177 3423 fierent
1193 3359 1225 3422 in
1242 3357 1466 3423 ereccionibns

330 3475 488 3533 metarum
514 3468 743 3550 predictarum,
769 3475 800 3532 et
816 3470 843 3533 si
860 3469 892 3532 in
909 3469 1020 3552 aliqua
1045 3468 1206 3552 particula
1231 3465 1468 3544 discordarent,

332 3585 409 3641 tnnc
425 3598 495 3642 carn
512 3577 708 3659 particulam
734 3576 909 3657 litigiosam
942 3577 1041 3690 sipnis
1066 3599 1125 3658 pro
1150 3576 1244 3640 metis
1262 3575 1374 3658 positis
1392 3596 1468 3638 con·

333 3685 500 3769 signando,
516 3685 565 3749 vel
576 3686 677 3768 regali
694 3707 847 3750 mensura
863 3687 889 3749 si
904 3686 1084 3750 mensurari
1110 3689 1218 3768 posset
1244 3681 1465 3747 mensurando

330 3797 379 3858 vel
396 3795 464 3859 visu
480 3793 719 3871 considerando,
744 3816 881 3858 anacam
903 3795 975 3858 aliis
1001 3793 1110 3876 probis
1134 3791 1210 3855 viris
1228 3791 1267 3854 de
1284 3791 1372 3873 regni
1391 3813 1468 3856 con-

332 3902 496 3968 sretndine
524 3904 686 3982 estimare,
711 3909 834 3986 etpost
853 3903 911 3966 bec
937 3902 1050 3966 seriem
1083 3899 1184 3984 ipsius
1215 3899 1471 3983 possessionarie

332 4011 598 4076 reambnlacionis
615 4060 621 4074 .
639 4061 645 4073 .
662 4011 703 4075 ad
720 4017 848 4076 octavas
874 4011 946 4076 festi
967 4010 1050 4074 beati
1067 4006 1201 4091 Georgii
1217 4007 1361 4072 martiris
1377 4029 1469 4072 nnnc

332 4121 476 4204 proxime
500 4126 692 4197 transactas,
716 4125 826 4202 partes
853 4121 885 4182 in
911 4119 1014 4182 literis
1040 4118 1116 4184 dicti
1144 4116 1277 4198 crapituli
1304 4115 1470 4180 Budensis

333 4227 424 4292 nobis
449 4233 616 4310 reportare
641 4225 843 4308 debuissent3
871 4226 1002 4292 tandem
1027 4225 1106 4310 ipsis
1133 4223 1253 4288 (octavis
1281 4223 1353 4288 festi
1378 4221 1470 4288 beati

334 4333 467 4419 Georgii
493 4337 635 4401 martiris
661 4336 909 4414 occurrentibus
932 4355 990 4418 pro
1006 4333 1162 4416 predictis
1191 4331 1291 4396 Petro
1308 4329 1420 4394 anor
1436 4337 1476 4395 et·

334 4445 486 4509 Johanne
503 4441 716 4509 Guthundorf
729 4443 831 4525 dictis,
855 4441 1011 4508 Nicolaus
1037 4440 1122 4505 filius
1148 4439 1310 4503 ‚lobannis
1327 4437 1471 4503 ‘famulus

335 4571 445 4617 eorum
462 4602 468 4615 .
487 4603 492 4616 .
510 4551 551 4616 ab
567 4573 640 4634 una,
664 4557 696 4616 et
721 4551 826 4616 dictas
852 4551 1006 4634 magister
1032 4547 1208 4632 Aynardns
1234 4567 1293 4629 pro
1310 4566 1343 4610 sc
1358 4565 1470 4628 perso-

335 4661 462 4740 naliter,
486 4664 521 4725 et
537 4681 595 4744 pro
612 4659 844 4744 prenominatis
869 4656 1035 4741 magistris
1052 4654 1206 4722 Iradislao
1222 4653 1309 4721 dioto
1326 4651 1414 4719 Zaar
1430 4674 1473 4720 ac
