3226 5462
531 513 627 578 1347.
645 531 744 574 usur.
765 514 792 574 l.
1144 501 1146 504 ⁵
1186 516 1227 577 23

111 697 199 758 fratre
213 693 355 773 ipsorum
370 691 540 756 defendere
551 697 584 756 et
600 692 632 754 in
644 691 768 756 iuribus
785 691 970 758 earumdem
988 692 1223 774 possessionum

111 802 264 867 obseruare
281 819 345 864 non
362 807 494 882 possent
510 849 517 863 .
533 847 541 862 .
557 805 674 865 extune
690 800 752 882 ipsi
763 799 935 864 salsorum
951 798 1085 864 heredes
1101 799 1222 868 similes

111 919 138 976 et
151 907 362 990 equivalentes
378 907 592 989 possessiones
608 907 642 970 in
657 927 732 972 suas
752 907 919 989 porciones
936 906 1093 985 cedentes,
1110 909 1221 990 pocius

110 1041 196 1100 quam
220 1018 260 1083 ud
286 1017 377 1082 litem
392 1016 587 1094 devenirent,
612 1017 646 1080 in
663 1017 768 1100 speeie
784 1016 864 1081 dare
878 1023 912 1082 et
927 1019 1119 1098 perpetuare
1140 1023 1227 1082 tene·

109 1135 207 1192 rentur
222 1125 348 1191 Jaeobo
364 1131 397 1191 et
413 1124 518 1190 Paulo
542 1125 708 1208 magistris
733 1133 766 1190 et
790 1146 902 1190 eorum
927 1114 1099 1190 heredibus
1125 1147 1225 1208 supra

108 1236 199 1301 dietis.
221 1235 250 1300 Ε
267 1254 419 1299 converso
438 1239 546 1298 autem
571 1234 787 1315 prenominati
812 1233 836 1298 J
838 1232 956 1298 aoobus
972 1239 1005 1298 et
1020 1233 1143 1299 Paulus
1160 1257 1226 1300 ma·

107 1343 189 1425 gistri
203 1363 259 1424 pro
273 1341 492 1408 huiuscemodi
510 1341 732 1424 resignatione
757 1341 916 1406 dictarum
943 1341 1178 1423 possessionum
1194 1349 1227 1408 et

106 1451 348 1534 perpetuatione,
372 1456 593 1514 assumserunt
623 1449 745 1514 solvere
770 1498 800 1513 ..
828 1449 1067 1532 quinquaginta
1099 1471 1225 1516 mareas

106 1579 273 1641 grossorum
288 1558 340 1622 uel
363 1557 570 1623 denariorum
593 1557 714 1639 partim
741 1557 774 1620 iu
790 1564 919 1638 promta
942 1557 1080 1640 pecunia
1103 1559 1224 1640 partim

104 1667 212 1731 veroin
228 1666 434 1732 estimatione
459 1665 619 1748 condigna
635 1666 668 1729 in
684 1666 830 1730 terminis
848 1664 1072 1746 infrascriptis,
1098 1667 1131 1730 in
1148 1667 1218 1732 loeo

104 1795 153 1855 per
166 1774 284 1839 dietum
300 1773 465 1840 dominum
480 1773 662 1856 palatinum
686 1773 824 1839 iudioem
849 1774 992 1856 ipsorum
1017 1773 1220 1842 ordinarium

102 1881 138 1945 nd
152 1881 182 1946 id
196 1881 388 1964 deputando,
414 1881 561 1947 videlieet
586 1881 701 1964 viginti
727 1881 869 1962 quinque
895 1901 1021 1947 mareas
1045 1880 1169 1948 solvent
1185 1883 1219 1947 in

101 1988 285 2056 oetavislesti
295 1989 526 2056 senetiJaoobi
537 1989 675 2073 apostoli
686 1991 751 2056 iam
761 1990 897 2068 venturi,
907 1995 940 2054 et
950 1989 1096 2056 residuas
1107 1991 1221 2073 viginti

101 2098 230 2178 quinque
255 2119 381 2164 mareas
406 2099 439 2161 iu
465 2099 585 2164 oetavis
610 2097 683 2163 festi
708 2096 861 2163 Omnium
893 2095 1088 2163 Sanctorum
1112 2097 1219 2164 subse·

100 2203 579 2290 quentibus,StephauoDorogh
589 2206 726 2271 etPetro
736 2203 938 2286 supradietis,
946 2205 1032 2286 quod
1043 2206 1069 2270 si
1077 2206 1218 2288 primum

98 2315 257 2378 terminum
271 2315 499 2380 emitterentin
509 2313 668 2392 solvende,
679 2335 751 2379 eum
761 2311 887 2394 iudicio,
903 2313 931 2378 si
947 2333 1022 2378 vero
1038 2315 1214 2384 seeundum

98 2423 257 2487 terminum
272 2423 477 2505 preterirent,
494 2444 567 2488 oum
583 2421 682 2504 duplo
698 2421 819 2487 solvere
844 2428 1032 2488 tenerentur
1056 2425 1214 2508 magistro

98 2527 248 2613 Stephane
268 2538 302 2596 et
324 2529 400 2596 filiis
425 2533 491 2596 suis
516 2531 704 2614 prenotatis.
728 2527 1036 2613 Adquepremissa
1053 2531 1209 2600 ..eedem

96 2645 246 2720 presentes
257 2645 366 2721 partes
377 2659 411 2704 se
420 2645 453 2705 et
462 2639 564 2704 dictos
582 2637 730 2706 absentes
745 2637 879 2704 fratres.
892 2687 898 2702 .
910 2647 1088 2722 spontanee
1105 2661 1215 2708 eoram

94 2744 171 2811 nobis
186 2745 374 2830 obligarunt
399 2745 575 2813 voluntate.
599 2747 645 2811 ut
661 2753 698 2811 ut
713 2767 844 2829 presens
861 2768 925 2828 qu
950 2750 1091 2812 eternari
1108 2757 1216 2831 posset

91 2855 162 2919 inter
177 2861 287 2937 partes
308 2855 424 2937 ..ipse
440 2861 551 2938 partes
570 2875 680 2920 omnes
699 2855 811 2921 literas
827 2877 901 2921 suae
919 2905 925 2919 .
941 2905 948 2920 .
967 2855 1026 2922 sub
1044 2857 1213 2938 qualicun-

91 2983 141 3042 que
154 2961 258 3030 forma
272 2962 443 3028 verborum
458 2983 562 3044 usque
587 2964 778 3028 hodiernum
804 2964 889 3029 diem
914 2963 1065 3031 daturum
1082 2988 1212 3048 presen-

90 3072 159 3136 cium
175 3078 291 3138 eontra
306 3092 340 3137 se
356 3093 390 3136 se
415 3071 641 3155 quoquomodo
666 3072 827 3138 confectas
843 3082 876 3140 et
892 3083 1069 3155 emanatas,
1086 3075 1209 3158 absque

89 3181 227 3258 porcione
248 3179 366 3246 iudieis
386 3181 529 3262 ipsorum
549 3179 713 3258 ordinarii,
724 3183 1129 3265 cassatae..reliquissent,
1139 3207 1208 3268 spe·

88 3285 266 3368 emurque
285 3284 438 3369 prelibati
464 3288 619 3371 magister
635 3286 820 3372 Stephanus
836 3297 869 3355 et
884 3290 1018 3374 Dorogh
1032 3291 1116 3358 filius
1133 3315 1208 3360 suus

87 3394 213 3461 literalis
228 3397 373 3477 ipsorum
389 3395 607 3462 instrumenta
623 3417 720 3480 super
736 3397 856 3462 eisdem
883 3397 1009 3466 duabus
1035 3404 1206 3482 possessio

87 3501 167 3569 uibus
182 3505 227 3570 sic
247 3504 422 3587 resignatis
448 3523 556 3569 eoram
581 3505 673 3570 nobis
698 3505 901 3586 reliquerunt
926 3507 1047 3574 viribus
1073 3511 1203 3592 penitus

86 3611 238 3677 parituras.
255 3611 426 3677 Profutum
443 3619 552 3677 sutem
579 3613 743 3680 dounuum
763 3613 948 3697 palatinum
964 3617 1102 3683 iudioem
1119 3619 1201 3701 ipso·

85 3739 146 3784 run
162 3719 365 3785 ordinarium
390 3721 423 3784 in
447 3719 553 3786 tribus
578 3721 726 3804 partibus
742 3723 839 3788 iidem
856 3723 914 3788 filii
931 3725 1041 3792 Douse
1067 3726 1205 3808 paletini

86 3833 112 3889 rt
124 3827 154 3890 in
168 3834 289 3908 quarta
313 3835 406 3909 parte
430 3835 605 3894 annotatus
621 3831 775 3912 magister
792 3829 979 3914 Stephanus
1004 3833 1204 3918 eomplaoere

84 3943 292 4001 assumserunt
306 3935 395 4018 paeis
410 3937 444 4000 in
460 3935 586 4003 iudicio.
606 3937 731 4004 Datum
747 3940 781 4004 in
797 3941 938 4006 erastino
963 3943 1202 4022 quindenarum

84 4041 136 4106 diei
151 4041 315 4126 Ginerum,
331 4065 416 4110 anno
432 4044 552 4109 domini
570 4045 644 4112 Μιῃο
661 4044 781 4114 COO‘¹¹⁰
798 4048 903 4116 ΧΙι1110
921 4051 1066 4132 septimo.

179 4244 282 4294 Miklos
296 4245 438 4295 ntoornak
454 4251 530 4296 1347.
554 4246 597 4296 evi
620 4255 700 4297 ruald.
715 4248 779 4298 een
795 4252 942 4316 »magister
956 4253 1113 4314 Stephanus
1128 4255 1201 4305 lilius

82 4333 213 4384 morencii
226 4331 260 4383 de
273 4336 354 4398 Doby
374 4341 402 4384 et
423 4337 554 4402 magister
576 4339 679 4388 Paulus
693 4345 721 4388 et
744 4341 864 4390 ‚Iacobus
887 4343 937 4391 lilii
961 4343 1059 4392 Dowse
1082 4344 1198 4394 condam

81 4423 201 4482 paletini«
215 4424 341 4474 szdmdrs
362 4425 473 4476 kiadott
495 4427 653 4492 etirattnel,
673 4431 802 4491 melynelr
816 4429 946 4494 eredetije
956 4447 1073 4498 megvan
1083 4449 1115 4484 az
1130 4447 1200 4485 orsz.

82 4513 108 4560 lt.
119 4513 213 4564 kinest.
223 4519 291 4564 oszt.
306 4515 340 4564 N.
354 4517 388 4564 R.
403 4516 434 4565 A.
448 4521 524 4566 1537.
536 4521 559 4566 2.
573 4515 639 4580 dipl.
654 4523 720 4568 oszt.
733 4523 811 4569 Ι8888.
821 4519 965 4584 Ugyanott
974 4537 1090 4586 megvsn
1101 4539 1133 4574 az
1144 4528 1201 4590 egri

81 4601 260 4665 ksptalannak
277 4609 353 4653 1³47.
366 4611 447 4654 nrart.
464 4606 525 4655 1=dn
548 4607 608 4656 kalt
621 4609 716 4672 levele,
736 4610 809 4672 nuely
832 4611 935 4660 azerint
947 4611 1038 4661 Ddzae
1051 4613 1139 4662 nidor
1152 4615 1200 4665 fiai

79 4691 157 4743 dekeb
176 4693 275 4758 esPdl,
297 4710 309 4744 s
331 4695 421 4746 enuek
439 4697 494 4761 fiai,
518 4696 614 4747 [result
637 4697 739 4748 Miller
753 4699 780 4748 ds
795 4700 912 4764 Gergely
936 4716 987 4766 egy
1001 4702 1112 4770 reszrdl,
1140 4705 1199 4754 irrr'ts
