3138 5462
362 482 403 542 86
714 491 900 537 1111111111
918 455 1132 535 1111111111.

362 657 589 740 premissorum
614 655 728 720 seriem
755 705 785 718 ..
811 650 902 716 nobis
929 699 958 715 ..
987 650 1178 716 rescriberet
1202 649 1381 735 capitulum
1406 657 1486 715 ante·

365 753 494 830 dictum.
519 762 665 829 Tandem
695 763 765 846 ipso
795 760 946 844 vigesimo
980 760 1120 824 secundo
1144 758 1195 824 die
1220 759 1291 823 festi
1318 758 1403 824 beati
1428 757 1488 825 Ge-

362 873 442 956 orgii
473 871 615 938 martiris
644 871 836 966 1111111111,
869 867 1048 953 prelibatus
1073 867 1219 932 Joannes
1243 865 1328 932 filius
1363 865 1486 932 Nic-olai

362 980 400 1044 de
416 979 510 1045 Kata
526 985 563 1043 ut
580 985 679 1056 actor,
696 999 733 1042 ac
750 975 914 1061 predictus
932 974 1087 1040 Nicolaus
1108 973 1193 1038 filius
1210 975 1372 1043 ‹lohannis
1389 975 1487 1040 dictus

363 1087 491 1172 Cynego
508 1093 544 1152 ut
559 1087 592 1151 in
609 1107 738 1152 oausam
756 1090 915 1150 attractus
931 1081 1144 1167 personaliter
1170 1081 1211 1146 ad
1236 1088 1379 1148 nostram
1406 1105 1487 1148 aoce-

363 1195 474 1260 dentes
490 1195 698 1278 presenciam,
715 1199 973 1278 proposuerunt.
991 1240 998 1254 .
1015 1192 1048 1255 in
1064 1192 1149 1256 hunc
1176 1191 1314 1269 modum,
1331 1192 1418 1274 quod
1433 1192 1486 1276 ipsi

364 1303 656 1387 composicionariis
689 1301 931 1367 induccionibus
972 1301 1186 1384 plurimorum
1217 1300 1307 1384 regni
1340 1299 1487 1366 nobilium

364 1411 658 1489 intervenientibus,
675 1417 787 1476 nostra
803 1411 972 1475 iudiciaria
988 1411 1121 1474 licencia
1131 1414 1272 1492 optenta,
1288 1430 1386 1492 super
1401 1409 1488 1494 preli-

362 1519 440 1585 bata
455 1519 617 1602 particula
632 1526 719 1584 terre
745 1540 841 1600 quam
867 1517 1046 1600 prelibatus
1061 1517 1231 1582 dohannes
1255 1517 1340 1581 filius
1366 1515 1487 1582 Nicolai

363 1629 584 1694 nomineterre
601 1629 642 1692 ad
659 1627 776 1693 dictam
794 1649 884 1692 11111
900 1626 1131 1710 possessionem
1140 1624 1332 1690 Warseulde
1349 1632 1488 1691 vocatam

364 1737 555 1820 pertinentis
586 1735 815 1814 reambularat
847 1734 1014 1818 dictusque
1042 1733 1198 1799 Nicolaus
1223 1732 1307 1798 filius
1332 1733 1357 1798 J
1359 1734 1489 1798 ohannis

269 1845 272 1886 ἶ
369 1845 496 1910 nomino
522 1850 608 1908 terre
624 1844 666 1908 ad
683 1843 802 1908 dictam
830 1864 920 1907 suam
946 1843 1177 1926 possessionem
1204 1841 1323 1907 Kezew
1348 1849 1487 1908 voratam

364 1954 554 2038 pertinentis
570 1952 788 2037 prohibuerat,
813 1973 849 2016 eo
865 1951 959 2016 modo
975 1959 1072 2036 prout
1087 1951 1121 2014 in
1136 1950 1240 2015 literis
1256 1951 1394 2034 predicti
1411 1951 1488 2034 capi·

364 2062 424 2127 tuli
441 2061 572 2127 ecclesie
589 2061 770 2126 Wacicnsis
787 2081 882 2144 super
899 2061 1062 2143 premissis
1088 2059 1178 2124 uobis
1195 2059 1489 2142 rescripcionalibus

366 2171 588 2234 contineretur
613 2169 869 2250 concordassent,
888 2175 921 2232 et
937 2168 1053 2232 ibidem
1069 2167 1180 2234 literas
1197 2170 1423 2251 prememorati
1443 2191 1488 2234 ca·

368 2279 461 2362 pituli
487 2277 618 2342 ecclesie
642 2278 825 2344 Waciensis
850 2299 946 2362 super
971 2279 1074 2361 ipsam
1099 2277 1301 2342 concordiam
1327 2284 1489 2344 emanatas

365 2385 454 2449 nobis
471 2361 699 2468 presentarunt
714 2385 800 2449 hunc
816 2392 958 2450 tenorem
976 2385 1175 2450 continentes
1193 2437 1198 2450 .
1217 2383 1398 2450 Ι11111111.
1416 2435 1423 2448 .
1440 2407 1489 2468 pa·

365 2495 465 2560 latino
482 2498 515 2558 et
531 2493 626 2557 iudici
644 2514 850 2558 comanorum
867 2545 873 2557 .
891 2543 897 2556 .
915 2492 1090 2576 capitulum
1116 2492 1248 2558 ecclesie
1266 2493 1448 2558 Waoiensis
1464 2543 1490 2556 ..
1567 2563 1568 2568 η

364 2603 488 2668 noverit
504 2601 649 2666 amicicia
664 2607 771 2666 vestra
785 2623 843 2665 nos
859 2599 970 2665 literas
980 2607 1103 2665 vestras
1113 2601 1271 2684 recepisse
1288 2652 1294 2665 .
1311 2653 1318 2666 .
1335 2601 1368 2664 in
1378 2600 1491 2684 quibus
1567 2583 1568 2620 ³

277 2793 280 2801 Ι
368 2712 452 2775 inter
469 2716 575 2774 cetera
591 2732 649 2774 nos
666 2759 672 2772 .
690 2759 696 2772 .
712 2709 878 2792 petebatis
890 2716 926 2774 ut
936 2730 1007 2773 oum
1023 2708 1205 2774 bominibus
1220 2708 1334 2773 vestris
1351 2709 1491 2774 homines

366 2825 491 2883 nostros
509 2869 515 2881 .
532 2868 538 2881 .
556 2819 597 2882 ad
613 2818 800 2901 exequenda
811 2839 848 2882 11
864 2839 926 2901 que
936 2818 968 2881 in
980 2817 1099 2884 eisdem
1118 2817 1221 2882 literis
1237 2817 1491 2894 continebantur,

365 2927 674 3006 transmitteremus3
698 2927 782 2991 unde
799 2947 855 2990 nos
873 2977 879 2990 .
897 2947 1057 2992 ‚unacum
1082 2925 1236 2991 Ladislao
1251 2925 1317 2990 filio
1333 2926 1359 2991 J
1360 2927 1492 2992 ohannis

367 3035 406 3099 de
432 3033 573 3119 Soharsy
588 3032 669 3120 (igy)
687 3083 693 3098 .
711 3085 717 3098 .
734 3035 869 3099 Petrum
895 3035 1092 3118 prepositum
1118 3034 1157 3098 de
1183 3035 1292 3104 Tenen
1318 3057 1377 3118 pro
1401 3041 1492 3119 parte

366 3143 528 3208 Johannis
545 3143 601 3207 filii
618 3141 746 3208 Nicolai
763 3141 803 3208 de
819 3143 919 3226 Kata,
939 3145 1017 3208 item
1033 3143 1122 3208 Beke
1137 3142 1203 3208 filio
1219 3142 1347 3209 Nicolai
1363 3151 1423 3228 pro
1440 3143 1492 3208 Ni·

366 3253 456 3317 colao
482 3251 568 3316 dicto
593 3250 721 3336 Cynege
747 3251 786 3315 de
811 3251 926 3318 Malab
951 3251 1132 3317 hominibus
1157 3253 1271 3318 vestris
1303 3254 1492 3336 magistrum
1565 3247 1566 3254 ¹

368 3360 558 3426 Ladislaum
575 3360 676 3424 socios
702 3365 734 3423 et
759 3360 1011 3424 concanonicos.
1029 3382 1111 3442 .pro
1135 3360 1324 3424 testimoniis
1348 3360 1494 3425 transmi-

366 3469 482 3548 simus;
506 3467 559 3550 qui
586 3517 616 3532 ..
643 3467 832 3549 retulerunt,
859 3468 944 3550 quod
970 3467 1031 3551 ipsi
1056 3468 1089 3531 in
1115 3448 1284 3550 duindenis
1309 3467 1382 3532 festi
1406 3467 1493 3532 beati

368 3573 500 3660 Georgii
532 3575 674 3640 martiris
706 3576 850 3658 proxime
882 3575 1045 3658 preteritis
1071 3575 1112 3640 ad
1137 3575 1235 3640 facies
1260 3575 1494 3658 possessionum

369 3683 561 3750 Warfeulde
575 3689 608 3748 11
617 3683 735 3748 Kezew
750 3691 937 3749 vocatarum
953 3683 1153 3762 accessisent,
1164 3684 1345 3748 convocatis
1361 3705 1496 3750 commc-

368 3791 472 3857 taneis
484 3791 637 3855 etvicinis
653 3791 837 3856 earumdem
854 3840 860 3854 .
878 3840 884 3853 .
902 3797 934 3855 et
949 3791 1094 3871 utrisque
1110 3789 1258 3873 partibus
1272 3790 1351 3854 inibi
1368 3811 1495 3874 presen-

367 3900 460 3978 tibus,
471 3920 529 3984 per
541 3903 644 3964 metas
661 3948 667 3962 .
685 3951 690 3964 .
707 3900 740 3963 in
755 3899 857 3964 literis
874 3899 1125 3983 privilegialibus
1136 3898 1350 3982 domini-regis
1361 3897 1494 3964 Andr-eo
1563 3913 1564 3924 ¹

367 4014 533 4074 contentas
558 4028 616 4092 per
641 4007 822 4091 predictum
852 4006 1024 4072 Nicolaum
1056 4006 1177 4072 dictum
1204 4004 1333 4092 Oynege
1356 4008 1389 4072 in
1415 4008 1496 4074 facio

366 4117 525 4182 dictarum
542 4115 777 4198 possessionum
794 4115 825 4178 in
843 4115 947 4198 specie
964 4115 1121 4195 exhibitis,
1139 4115 1395 4181 reambulassent
1406 4123 1496 4180 1111·

370 4225 509 4290 cundum
522 4222 606 4303 quod
617 4223 649 4286 in
661 4223 756 4288 dictis
766 4223 867 4289 literis
878 4223 1129 4307 privilegialibus
1138 4223 1258 4290 domini
1268 4221 1401 4290 Andree
1412 4227 1497 4308 regis
1562 4247 1563 4260 ¹

264 4343 268 4356 '
366 4337 524 4398 metarum
540 4333 653 4396 cursus
669 4332 925 4412 continebantur,
935 4333 1026 4398 iuxta
1035 4333 1249 4398 ostensionem
1259 4333 1423 4400 ι1111111111
1441 4335 1496 4398 filii

367 4441 400 4506 N
402 4439 504 4516 ioolai,
519 4438 691 4522 unicuique
708 4439 792 4523 quod
809 4463 902 4504 suum
918 4447 990 4505 erat
1005 4461 1062 4524 per
1078 4440 1301 4506 distinociones
1318 4449 1352 4506 11
1369 4463 1497 4526 separa·

368 4547 473 4610 ciones
490 4551 650 4610 metarum
667 4547 698 4610 11
715 4546 801 4612 dicto
817 4547 983 4631 privilegio
1000 4555 1234 4632 contentarum,
1260 4549 1407 4632 partibus
1425 4573 1497 4616 oon·
1561 4607 1562 4610 ,

368 4653 507 4725 corditer
524 4635 777 4739 acceptantibus,
791 4655 998 4742 reliquissent
1013 4662 1170 4742 perpetuo
1186 4657 1316 4742 pacifice
1333 4658 1498 4744 possidon-
