3180 5466
371 488 435 550 514
717 503 903 548 insonnem
920 489 1135 547 cnulurrla.

371 663 471 728 nobili
488 664 617 728 domina
634 671 780 728 consorte
797 685 856 728 sua
872 663 940 728 filia
956 663 1079 728 scilicet
1090 662 1219 726 Nicolai
1234 661 1292 726 filii
1313 660 1490 726 Emericide

370 771 512 858 Zylrzou,
524 772 557 834 in
568 771 687 835 octavis
704 770 780 836 festi
796 772 900 836 sancti
916 772 1001 854 regis
1016 768 1176 852 Stephani
1193 791 1303 834 coram
1319 769 1410 834 nobis
1420 791 1490 834 con-

370 878 524 964 parendo,
540 876 623 942 dixit
639 931 645 945 .
663 931 669 943 .
693 879 780 962 quod
797 879 874 962 quia
890 880 958 962 ipse
975 900 1033 960 pro
1053 883 1210 942 annotata
1227 930 1233 942 .
1252 927 1259 940 .
1283 884 1428 943 consorte
1443 899 1491 942 sua

372 987 411 1051 de
433 987 572 1070 pecunia
597 1007 655 1068 per
680 986 870 1069 magistrum
897 986 1054 1050 Thomam
1080 985 1184 1050 filium
1210 985 1351 1070 Dionisii
1377 985 1415 1050 de
1438 985 1491 1050 Lu-

375 1093 478 1159 chuoh
490 1090 574 1178 (igy)
585 1101 617 1158 et
628 1093 790 1177 deRegen
801 1093 900 1158 nobili
911 1093 1160 1158 dominerelicte
1171 1093 1364 1160 Thomefilii
1382 1091 1493 1176 Scepud

371 1202 475 1285 pridie
492 1223 601 1268 coram
618 1202 745 1266 vicariis
770 1201 890 1266 domini
916 1203 1019 1267 nostri
1044 1202 1184 1285 episcopi
1202 1206 1238 1264 ut
1263 1201 1385 1266 dicitur
1400 1221 1494 1318 perso-

372 1309 476 1382 luta'
468 1331 501 1372 rn
518 1309 700 1392 porcionem
717 1309 784 1374 dict
770 1316 802 1374 te
819 1312 976 1375 consortis
992 1331 1048 1374 sue
1066 1309 1227 1390 quandam
1243 1315 1312 1374 cort
1315 1330 1367 1372 am
1385 1309 1495 1390 quanti-

373 1423 475 1481 tatem
492 1416 627 1499 pecunie
643 1417 868 1498 rtecepissee
870 1423 1006 1499 tsuper
1023 1418 1081 1482 tali
1109 1417 1296 1500 recepcione
1312 1437 1352 1480 ec
1369 1416 1437 1480 eliis
1452 1415 1494 1478 de·

371 1523 501 1600 bitis‚et
468 1529 669 1589 ememorat
670 1545 722 1588 am
739 1525 902 1588 dominam
918 1524 1012 1588 relict
998 1529 1065 1588 tam
1077 1523 1200 1588 Thome
1218 1531 1249 1587 et
1266 1525 1369 1589 eciam
1387 1523 1448 1588 dict
1435 1529 1492 1586 tum

372 1632 491 1715 magist
492 1653 564 1695 rum
581 1629 741 1694 Thomam
757 1630 860 1695 filium
877 1631 1017 1695 Dionisii
1034 1653 1092 1713 pro
1109 1653 1194 1696 nunc
1210 1654 1267 1714 per
1283 1631 1399 1696 literas
1415 1651 1493 1712 expe-

374 1739 508 1805 ditorias
526 1762 588 1803 non
606 1740 765 1822 potuisset
780 1740 935 1820 quietare,
952 1739 992 1803 oh
1007 1741 1153 1823 hocipse
1179 1741 1240 1805 hoc
1257 1741 1456 1805 assumsisset
1445 1745 1495 1802 tet

373 1848 541 1930 subponis
573 1847 790 1928 infrascriptis
815 1849 968 1911 assumsit
993 1869 1102 1912 coram
1128 1847 1282 1926 nobist
1246 1856 1282 1913 ιιι
1308 1849 1379 1931 ipse
1394 1867 1495 1912 memo
1564 1859 1565 1920 l

375 1961 482 2020 ratam
497 1955 660 2020 dominam
677 1960 856 2020 consortem
873 1977 964 2018 suam
981 1955 1021 2019 ad
1042 1955 1184 2020 dandum
1210 1955 1249 2020 lit
1235 1962 1323 2020 teras
1350 1955 1496 2040 expedito

374 2063 440 2127 rias
457 2083 554 2146 super
569 2063 735 2146 premissis
752 2060 916 2143 debitis‚u
893 2067 1006 2144 utpote
1033 2061 1089 2127 dot
1075 2069 1105 2128 te
1132 2070 1165 2127 et
1181 2063 1276 2128 rebus
1293 2063 1393 2148 paras
1390 2084 1424 2126 ιι
1378 2061 1493 2128 neh
1564 2097 1565 2134 ι

374 2170 436 2235 bus
453 2190 491 2234 ac
507 2175 626 2250 quarta
641 2168 733 2233 filiali
751 2168 912 2250 quondam
929 2169 1086 2233 nobilium
1103 2169 1306 2235 dominarum
1329 2171 1497 2253 proarieet

373 2279 443 2343 avie
474 2277 559 2342 dicte
590 2277 699 2341 uxoris
730 2298 786 2342 sue
803 2276 1025 2356 conficiendas,
1041 2278 1074 2342 in
1100 2279 1220 2343 octavis
1237 2278 1311 2342 festi
1327 2279 1429 2342 sancti
1443 2275 1498 2340 Mi·

374 2385 496 2452 chaelis
512 2385 699 2468 archangeli
716 2385 765 2448 vel
781 2386 1000 2469 personaliter
1024 2391 1169 2450 statuere
1194 2387 1245 2450 rel
1261 2387 1330 2468 ipse
1347 2387 1432 2452 solus
1448 2391 1499 2449 eut

373 2496 491 2578 aliquis
517 2499 602 2562 alter
627 2519 700 2562 cum
725 2496 956 2562 sufficientibus
982 2495 1086 2561 literis
1117 2496 1349 2577 procuratoriis
1374 2518 1497 2580 presens

373 2605 541 2688 negocium
567 2605 751 2688 specialiter
777 2603 994 2686 tangentibus,
1019 2625 1078 2685 pro
1104 2605 1217 2668 cadem
1233 2605 1366 2669 domina
1381 2625 1498 2687 compa·
1564 2673 1565 2710 1

373 2731 444 2777 rere
469 2712 624 2777 deberent
648 2717 681 2776 et
705 2717 911 2792 tenerentur3
935 2712 991 2792 qui
1022 2712 1048 2776 si
1078 2712 1237 2793 premissa
1267 2711 1391 2776 faceret
1418 2719 1449 2775 et·
1471 2713 1498 2774 in
1564 2711 1565 2800 l

374 2823 469 2888 dictis
494 2823 615 2888 octavis
640 2827 834 2888 memoratas
860 2822 972 2886 literas
1002 2821 1219 2903 expeditorias
1243 2820 1358 2886 confici
1389 2820 1500 2885 faceret
1564 2803 1565 2870 l

374 2951 432 2996 suo
448 2931 551 3008 modo,
566 2930 647 2995 benc
663 2931 802 3013 quidem,
819 2929 962 3012 alioquin
980 2930 1048 3013 ipse
1068 2931 1102 2995 in
1119 2930 1227 2994 decem
1252 2929 1372 2994 marcis
1387 2931 1500 3010 ahsqne

375 3043 526 3124 porcione
542 3039 657 3104 iudicis
673 3045 748 3104 ante
764 3040 831 3104 litis
848 3039 1029 3121 ingressum
1045 3039 1243 3122 deponendis
1270 3041 1501 3104 convinceretur

375 3169 412 3212 eo
439 3148 534 3229 facto,
559 3153 673 3212 contra
698 3148 860 3212 dominam
887 3147 1034 3212 relictam
1060 3145 1181 3210 Thome
1206 3147 1442 3229 supradictam
1465 3143 1500 3208 ad

377 3255 461 3339 quod
478 3277 511 3320 sc
527 3253 709 3320 faciendum
726 3254 809 3317 idem
825 3251 977 3318 Andreas
997 3259 1174 3336 spontanea
1190 3273 1299 3318 coram
1325 3252 1416 3318 nohis
1432 3252 1502 3317 obli-

375 3365 463 3445 garit
487 3362 660 3428 uoluntate.
692 3363 815 3427 Datum
842 3363 874 3426 in
900 3362 1019 3426 eisdem
1046 3363 1167 3426 octavis
1198 3362 1303 3425 sancti
1329 3363 1414 3444 regis
1437 3359 1501 3425 su-

375 3473 487 3556 phani‚
504 3492 588 3536 enno
604 3470 724 3535 domini
740 3469 816 3534 Mmo
832 3468 952 3538 OOOm⁰
969 3469 1237 3552 quinquagesimo
1258 3470 1371 3552 primo.

482 3635 612 3698 Paplron,
626 3633 1045 3696 zarlacanpeesernyomaiva1;
1071 3631 1202 3693 eredetije
1215 3647 1231 3682 a
1245 3633 1278 3682 N,
1293 3633 1475 3682 Muaeumban
1489 3645 1501 3678 a

379 3727 506 3787 Hamvay
519 3740 554 3773 cs.
568 3723 704 3772 lteraben.

906 4047 978 4107 312.

378 4189 473 4252 1351.
489 4198 564 4274 sept.
579 4189 609 4252 3.
633 4185 660 4250 A
678 4183 879 4272 augyodrudi
895 4198 1019 4250 convent
1039 4187 1110 4251 elau
1127 4187 1382 4272 BcjomiJa‘nos,
1394 4187 1503 4250 Lcelc'a

377 4297 494 4380 Bojorn
519 4297 550 4359 ds
577 4294 701 4361 Gorbed
715 4302 794 4358 aare
821 4295 994 4359 dirtolcolrat
1019 4295 1167 4360 Demeter
1191 4297 1310 4360 adradi
1329 4295 1507 4382 pitspdlacl·

830 4401 1051 4486 elzdlopocitja.

483 4563 554 4630 Nos
570 4563 738 4630 Johannes
754 4565 937 4648 prepositus
954 4569 986 4629 et
1002 4569 1176 4629 conventus
1200 4565 1390 4630 monasterii
1406 4565 1508 4629 sancti

378 4669 536 4754 Stephani
552 4673 791 4755 protomartiris
817 4673 856 4738 de
875 4673 1094 4755 promontorio
1110 4671 1320 4736 Waradierrsi
1337 4725 1344 4736 .
1362 4723 1368 4735 .
1390 4671 1508 4756 signifi·
