3138 5462
367 463 431 524 158
716 476 903 523 ustonnosr
920 463 1134 522 ouulurrln.

362 638 533 722 angulares
549 637 678 702 habitas
694 637 786 703 iuxta
801 641 893 718 viam,
918 660 981 722 que
1004 640 1093 704 venit
1116 638 1156 704 de
1176 637 1406 714 Castroferreo,
1430 659 1481 718 que

264 763 267 771 ’
361 746 464 828 ipsam
479 753 600 812 terram
616 745 752 810 Kechen
777 747 819 811 ad
844 746 1011 811 meridiem
1038 753 1168 829 separat
1193 767 1213 810 a
1238 745 1481 829 possessionibus

361 850 445 938 Gely
461 853 553 918 Kald
569 861 601 918 et
616 854 730 938 Puohg
755 855 884 933 vocatis,
910 861 943 920 ct
968 856 1014 919 sic
1037 861 1122 919 mete
1148 855 1368 938 predictarum
1392 860 1480 918 terra·

361 983 432 1026 rum
448 984 506 1027 seu
521 963 757 1045 possessionum
775 963 888 1048 Zuayk
899 970 932 1028 et
941 963 1077 1028 Keoheu
1093 969 1280 1028 vocatarum
1297 971 1481 1027 concursant

360 1077 393 1134 ct
408 1071 633 1135 terminantur.
658 1071 703 1135 Et
719 1073 796 1154 quia
811 1071 1028 1156 prenominati
1054 1072 1199 1136 homines
1224 1071 1313 1153 regie
1330 1071 1477 1152 maguitu-

360 1177 444 1243 dinis
469 1185 502 1242 et
526 1185 645 1262 noster,
668 1183 833 1263 pretaotas
859 1176 1075 1262 possessiones
1101 1200 1156 1243 seu
1181 1185 1286 1243 terras
1312 1177 1431 1260 Zwayk
1452 1185 1479 1241 et

362 1285 498 1350 Kecheu
514 1293 648 1352 vocatas
674 1287 734 1370 ipsi
761 1287 918 1370 magistro
944 1285 1078 1370 Ohenyk
1094 1287 1215 1368 absque
1233 1285 1476 1350 contradiccione

293 1395 296 1403 ‘
363 1393 500 1476 aliquali
517 1415 551 1458 se
577 1393 728 1460 statuisse
744 1401 781 1458 ut
796 1396 998 1476 premittitur
1024 1402 1057 1460 et
1081 1415 1248 1479 separasse
1273 1399 1478 1471 asseruerunt,

358 1501 430 1567 ideo
446 1523 503 1568 uos
519 1508 685 1586 presentes
701 1501 815 1566 literas
831 1508 958 1566 nostras
968 1501 1186 1584 privilegiales
1197 1501 1296 1584 sigilli
1311 1499 1414 1565 nostri
1430 1521 1477 1564 au·

357 1612 469 1676 teutici
485 1617 519 1675 et
543 1610 712 1693 pendentis
737 1611 958 1684 communitas,
983 1609 1086 1674 eidem
1111 1608 1267 1692 magistro
1292 1607 1423 1692 Oheuyk
1445 1608 1478 1670 ed

357 1719 531 1782 instantem
555 1719 747 1803 peticionem
771 1719 913 1783 eiusdem
947 1719 1096 1783 duximus
1122 1717 1353 1794 concedendas,
1388 1737 1473 1799 super

357 1827 535 1891 statucioue
552 1833 585 1891 et
601 1829 807 1912 separacione
822 1828 1057 1912 possessionum
1074 1828 1268 1892 earumdem.
1292 1825 1415 1890 Datum
1429 1845 1477 1908 per

357 1956 471 1999 manus
496 1935 626 2001 discreti
651 1936 711 2000 viri
735 1936 883 2018 magistri
898 1935 1061 2000 Johaunis
1086 1935 1214 2000 lectoris
1230 1933 1363 1999 ecclesie
1380 1940 1475 1996 nostre

358 2042 391 2106 in
408 2041 489 2108 festo
505 2042 592 2108 beati
608 2041 741 2108 Andree
767 2044 914 2126 apostoli,
940 2065 1024 2108 anuo
1046 2043 1166 2108 domini
1183 2043 1236 2108 Μο
1261 2039 1360 2110 000⁰
1384 2039 1476 2104 ΧΙιΜΟ

356 2151 492 2233 septimo
502 2157 646 2234 utsupra
656 2200 663 2215 .
674 2200 680 2214 .
692 2151 843 2215 Johaune
859 2201 866 2216 .
883 2201 890 2214 .
907 2150 1008 2216 electo
1019 2149 1208 2215 confirmato
1219 2149 1475 2226 ecolesie‘uostra

356 2258 429 2322 aule
461 2260 569 2342 regine
601 2259 794 2323 cancellario
819 2259 852 2323 iu
869 2261 938 2323 iure
963 2259 1141 2336 licenciam,
1167 2258 1283 2324 comite
1308 2256 1426 2339 capelle
1448 2261 1475 2316 et

356 2367 529 2430 secretario
546 2367 739 2432 cancellario
750 2368 870 2431 domiui
886 2368 987 2432 nostri
1004 2368 1089 2450 regis
1105 2365 1267 2449 prenotati
1285 2414 1291 2429 .
1310 2414 1316 2428 .
1333 2364 1472 2427 Johaune

356 2475 527 2556 preposito,
552 2473 744 2540 Sebastiano
770 2480 900 2540 cantore
935 2483 967 2540 et
1001 2474 1165 2560 Stephano
1197 2473 1328 2539 custode
1354 2469 1471 2534 ecclesie

355 2589 464 2646 nostre
481 2583 698 2648 existentibus.

463 2746 546 2795 Veres
559 2746 587 2796 es
600 2746 663 2796 zelo
677 2746 910 2809 selyemzsinbrou
923 2747 1032 2810 frtggott
1045 2745 1137 2808 pecset
1156 2745 1334 2808 uyomaival;
1354 2740 1470 2802 eredetije

355 2849 387 2884 aa
401 2849 470 2884 orsz.
484 2837 627 2887 1t.ktncst.
642 2842 709 2886 osnt.
732 2837 765 2886 N.
776 2837 809 2886 R.
824 2835 856 2886 A.
873 2841 949 2886 1⁷11.
964 2841 988 2885 9.
1011 2835 1033 2884 Ι.
1047 2835 1130 2898 Lajos
1142 2835 1234 2896 kirtly
1257 2831 1470 2895 adomanyteveb

354 2940 381 2974 u.
395 2940 419 2974 o.
433 2925 520 2974 tutan
533 2927 556 2974 is
569 2941 685 2990 magram
708 2925 741 2974 N.
754 2927 789 2974 R.
803 2925 835 2974 Α.
852 2931 928 2975 1508.
943 2930 984 2974 53.
1008 2923 1165 2972 Mindkettb
1188 2922 1269 2986 perlig
1295 2939 1311 2971 a
1333 2922 1468 2984 diploszt.

359 3019 436 3064 3933.
450 3014 478 3063 es
492 3019 570 3064 3934.
584 3030 621 3064 sz.
634 3030 658 3064 a.
673 3015 811 3064 oriztetik.

839 3229 999 3236 ιαμ-...ι

798 3485 811 3507 ,
894 3433 944 3494 71.

356 3591 447 3655 1347.
464 3615 531 3654 που.
549 3592 600 3654 30.
618 3589 784 3676 Arttanpt
799 3602 926 3656 convent
937 3591 1006 3654 etto
1026 3589 1204 3676 Veazprc'mi
1215 3589 1299 3652 Balce
1312 3588 1468 3674 egpcuridt

363 3699 580 3784 Veszprrlmbeo
605 3701 635 3762 e's
650 3701 700 3763 lre't
716 3697 903 3783 tobtfobter
927 3722 948 3761 o
975 3699 1146 3783 ceszprema'
1170 3697 1386 3782 topratantmt·
1402 3696 1470 3757 clod.

462 3861 531 3927 Nos
547 3868 722 3928 conventus
743 3860 928 3926 monasterii
944 3860 1156 3945 Tykoniensis
1175 3907 1181 3922 .
1198 3908 1204 3922 .
1222 3857 1469 3941 significamus..

352 3969 437 4052 quod
453 3970 542 4036 Beke
562 3970 648 4035 filius
665 3969 803 4034 Markus
819 3969 858 4032 de
875 3969 1073 4054 Wesprimio
1090 3949 1197 4032 coram
1224 3966 1316 4032 nobis
1332 3985 1468 4050 persona·

351 4076 426 4140 liter
451 4077 672 4161 competenda,
696 4077 858 4142 confessus
883 4078 1031 4142 exstitit.
1048 4125 1054 4140 .
1072 4075 1158 4158 quotl
1183 4076 1251 4158 ipse
1277 4075 1468 4139 medietatem

352 4185 518 4250 cuiusdam
535 4186 684 4250 sessionis
701 4206 756 4250 seu
774 4185 864 4250 fundi
893 4185 988 4264 curie,
1013 4205 1109 4267 quam
1127 4185 1159 4247 iu
1175 4181 1373 4266 Wesprirnio
1396 4181 1471 4244 circa

350 4299 481 4374 puteum
507 4292 699 4358 Kamakuta
725 4299 872 4358 vocatum
904 4293 1079 4374 habuisset,
1112 4291 1203 4355 ouius
1235 4290 1383 4354 sessionis
1414 4288 1469 4351 alia

350 4401 506 4465 medietas
523 4401 658 4484 capituli
675 4399 807 4464 ecclesie
823 4399 1073 4484 Vesprimiensis
1093 4399 1186 4480 foret,
1211 4419 1283 4463 cum
1300 4399 1364 4463 suis
1379 4394 1467 4460 domi·

349 4508 409 4572 bus
425 4515 457 4572 et
473 4509 605 4572 edificiis
616 4497 770 4572 in‘eadem
787 4507 960 4572 medietate
976 4506 1067 4571 fundi
1085 4507 1172 4570 curie
1190 4505 1313 4570 scilicet
1332 4505 1470 4595 porcione

350 4637 409 4680 sua
433 4616 563 4697 habitis,
590 4623 719 4680 etcum
746 4614 938 4698 quibusdam
970 4613 1092 4678 duobus
1125 4613 1290 4696 iugeribus
1322 4619 1468 4676 terrarum
