3226 5462
332 451 373 512 42
684 466 869 514 aasorrsoar
888 453 1101 526 centraria.

332 634 424 710 runt,
449 629 533 710 quod
550 629 611 712 ipsi
627 630 661 694 in
677 630 764 695 dicta
780 629 860 695 feria
876 637 967 696 sexta
984 633 1132 716 proxima
1156 630 1190 695 in
1215 632 1330 698 vestris
1354 631 1462 696 literis

332 742 490 815 contenta,
515 738 619 822 primo
646 741 826 804 convocatis
852 741 1078 806 commetaneis
1095 747 1128 805 et
1142 740 1255 805 vicinis
1272 740 1356 805 dicte
1373 745 1462 804 terre

330 844 479 927 litigiose,
495 844 662 911 adfaciem
679 847 821 912 eiusdem
838 849 1046 914 accessissent
1056 853 1089 912 et
1105 848 1240 914 eandem
1256 847 1462 932 presentibus

331 951 409 1034 ipsis
426 955 652 1018 commetaneis
669 961 702 1020 et
717 955 837 1036 ricinis,
848 962 879 1020 et
895 955 1099 1040 presentibus
1109 957 1258 1040 religioso
1274 957 1343 1020 viro
1360 955 1462 1020 fratre

333 1057 489 1125 Ladislao
506 1083 657 1127 converso
673 1063 795 1129 ordinis
811 1064 949 1130 fratrum
966 1065 1213 1148 predicatorum,
1228 1064 1375 1148 legitimo
1391 1084 1463 1148 pro-

333 1175 481 1234 curatore
512 1171 729 1253 predictarum
755 1173 1048 1238 sanctimonialium
1066 1223 1071 1233 .
1089 1222 1095 1238 .
1112 1188 1171 1258 pro
1197 1173 1317 1238 eisdem
1343 1171 1463 1238 sancti-

332 1277 534 1355 monialibus,
551 1285 584 1342 et
600 1286 749 1360 presente
766 1279 904 1345 discreto
930 1281 997 1345 viro
1022 1282 1178 1364 magistro
1204 1279 1342 1346 Nicolao
1368 1301 1462 1344 cano-

333 1385 405 1448 nico
416 1384 577 1450 etdecano
588 1387 719 1452 ecclesie
736 1385 1088 1470 Quinqueecclesiensis
1099 1389 1242 1472 legitimo
1253 1393 1464 1472 procuratore

333 1514 392 1575 pro
423 1492 533 1560 eodem
564 1496 763 1578 capitulo..
795 1495 948 1560 inibidem
980 1496 1192 1578 personaliter
1223 1494 1464 1572 adherentibus

334 1602 426 1666 iuxta
457 1608 584 1669 tenores
609 1605 706 1668 trium
737 1604 907 1668 literarum
938 1605 1123 1687 patencium
1148 1605 1379 1688 predictarum,
1405 1623 1464 1688 per

335 1711 471 1775 eundem
487 1713 679 1794 magistrum
696 1711 868 1778 Nicolaum
894 1712 1048 1776 inibidem
1064 1714 1096 1777 in
1113 1714 1219 1797 specie
1236 1711 1464 1792 exhibitarum,

334 1839 394 1903 per
409 1825 512 1885 metas
522 1822 556 1884 in
565 1821 686 1886 eisdem
695 1822 798 1886 literis
815 1827 982 1886 contentas
1000 1821 1133 1887 eandem
1151 1829 1273 1886 terram
1289 1821 1464 1904 litigiosam

335 1927 600 2008 reambulassent,
617 1928 767 2010 factaque
784 1927 1049 2008 rcambulacione,
1075 1928 1150 1993 dum
1174 1949 1271 2013 super
1296 1949 1362 1992 una
1377 1932 1464 1992 meta

335 2041 422 2099 terre
453 2035 592 2119 litigiose
617 2038 707 2103 iuxta
741 2037 991 2102 adiudicativam
1017 2037 1213 2102 sentenciam
1238 2041 1376 2101 vestram
1403 2033 1466 2099 duo

341 2145 486 2209 canonici
503 2167 574 2209 curn
592 2149 809 2211 commetaneo
828 2147 1053 2230 propinquiori
1079 2151 1110 2210 et
1135 2144 1207 2210 aliis
1233 2143 1394 2208 nobilibus
1412 2143 1467 2206 ho·

337 2252 477 2317 minibus
491 2253 643 2335 vigesimo
660 2259 776 2336 quarto
793 2275 826 2320 se
837 2254 978 2332 inclusis,
987 2255 1079 2318 iuxta
1089 2254 1180 2337 regni
1191 2251 1460 2328 consuetudinem,

337 2366 433 2444 prout
448 2363 546 2428 moris
556 2369 605 2427 est
613 2363 720 2427 iurare
737 2369 973 2446 superterram,
988 2364 1206 2428 iuramentum
1223 2359 1468 2428 sacramentalis

337 2471 548 2554 deposicionis
565 2471 724 2556 deponere
749 2471 924 2538 voluissent
949 2478 982 2536 et
1005 2473 1070 2536 iarn
1095 2473 1128 2538 in
1154 2477 1228 2536 actu
1253 2469 1468 2553 deposicionis

338 2579 484 2659 fuissent,
494 2579 587 2663 probi
598 2587 630 2645 et
641 2580 762 2646 nobiles
779 2583 840 2646 viri
858 2582 1068 2665 quamplures
1079 2581 1234 2646 inibidem
1251 2579 1469 2664 personaliter

339 2687 539 2766 adherentes,
571 2689 699 2754 eosdem
724 2691 833 2754 iurare
864 2713 926 2754 non
952 2690 1183 2773 permisissent,
1207 2688 1264 2752 sed
1289 2686 1470 2771 sepedictas

337 2801 447 2876 partes
463 2800 632 2876 tamquam
647 2796 804 2862 zelatores
819 2799 916 2880 pacis,
943 2819 1038 2881 super
1053 2798 1124 2880 ipsa
1149 2796 1291 2880 litigiosa
1307 2793 1470 2879 particula

338 2911 423 2966 terre
440 2903 480 2966 ad
497 2903 737 2987 infrascriptam
753 2905 841 2988 pacis
858 2911 890 2968 et
905 2909 1060 2988 perpetue
1087 2904 1256 2969 concordie
1272 2906 1422 2968 unionem
1439 2951 1445 2965 .
1464 2954 1470 2966 .

338 3031 445 3075 coram
477 3011 556 3094 ipsis
587 3011 794 3078 deduxissent
819 3019 851 3077 et
867 3012 1087 3094 deduxerunt3
1120 3013 1167 3076 ita
1191 3011 1349 3093 videlicet,
1381 3009 1468 3092 quod

339 3124 466 3184 centurn
481 3125 515 3184 ct
530 3121 737 3204 septuaginta
752 3123 865 3204 iugera
890 3127 976 3186 terre
992 3144 1064 3186 cum
1080 3121 1182 3205 regali
1208 3141 1360 3186 mensura
1383 3141 1470 3184 men-

338 3227 481 3292 surando
505 3229 590 3292 inter
614 3231 717 3294 metas
742 3230 775 3293 in
800 3229 964 3294 tenoribus
989 3229 1150 3295 dictarum
1176 3230 1274 3294 trium
1299 3229 1472 3292 literarum

338 3339 515 3412 contentae,
526 3341 562 3400 ut
572 3336 764 3401 inviolabilis
779 3357 844 3418 pax
854 3341 887 3402 et
897 3337 1068 3402 concordia
1086 3342 1124 3400 nt
1134 3343 1182 3402 est
1192 3341 1375 3420 protectum
1385 3336 1471 3399 inter

338 3445 426 3526 ipsas
441 3449 551 3528 partes
567 3445 685 3528 iugiter
700 3466 905 3528 perseverare
920 3448 1023 3529 possit
1050 3453 1083 3510 et
1107 3451 1298 3530 perseveret,
1320 3443 1472 3528 sepefatis

342 3551 638 3618 sanctimonialibus
654 3553 694 3618 de
709 3553 825 3619 Insula
834 3553 994 3639 Leporum
1013 3554 1055 3619 ad
1071 3555 1233 3639 predictas
1255 3553 1471 3638 possessiones

342 3661 528 3727 earumdem
545 3663 693 3747 superius
710 3667 903 3728 memoratas
920 3663 1123 3747 applicando,
1139 3663 1209 3728 iure
1223 3687 1253 3727 a.
1270 3660 1472 3726 irrevocabili

359 3820 365 3834 .
383 3770 574 3836 statuissent
589 3772 712 3855 pluries
729 3773 893 3837 annotatis
907 3776 1064 3856 perpetuo
1074 3769 1275 3854 possidenda,
1293 3819 1299 3833 .
1316 3819 1323 3832 .
1341 3769 1471 3835 etdicta

342 3885 470 3944 centurn
487 3885 518 3944 et
534 3881 741 3964 septuaginta
757 3880 870 3962 iugera
894 3885 979 3944 terre
1005 3900 1062 3963 per
1087 3878 1270 3962 predictum
1294 3877 1473 3960 capitulum

342 3989 421 4070 ipsis
438 3987 737 4052 sanctimonialibus
756 3988 877 4052 tradita
893 3992 926 4052 et
942 3988 1116 4071 assignata,
1133 3985 1348 4070 infrascriptis
1373 3987 1474 4070 signis

342 4093 513 4160 metalibus
538 4095 625 4176 ipsas
651 4101 791 4175 quatuor
820 4095 1034 4176 possessiones
1060 4093 1267 4176 pretitulatas
1282 4093 1323 4158 ab
1340 4094 1474 4158 invicem

344 4203 566 4268 distinxissent
583 4255 588 4266 .
607 4255 612 4267 .
629 4209 785 4287 perpetue
802 4203 986 4268 duraturis:
1010 4203 1115 4285 prima
1131 4204 1317 4287 metaipsas
1334 4207 1474 4284 quatuor

342 4312 557 4395 possessiones
573 4311 721 4393 superius
746 4312 927 4376 nominatas
953 4308 994 4374 ab
1020 4311 1155 4375 invicem
1181 4331 1334 4394 separans
1360 4310 1476 4394 incipit

344 4422 429 4485 circa
445 4441 543 4484 unam
571 4439 689 4500 aquam
715 4419 906 4502 paludosam
931 4417 1067 4482 Malaka
1092 4424 1247 4496 vocatam,
1273 4420 1363 4484 cuius
1389 4440 1474 4499 aque

344 4527 499 4609 paludoso
514 4547 597 4591 nnus
622 4527 694 4592 finis
719 4526 882 4611 protendit
898 4547 932 4590 se
948 4546 1050 4606 usque
1067 4526 1108 4590 ad
1126 4524 1273 4609 Hydvyg,
1290 4525 1373 4590 alter
1399 4546 1474 4590 vero

344 4656 445 4722 usque
462 4634 504 4700 ad
520 4635 706 4720 Kwhyrich‚
726 4637 812 4702 circa
829 4655 925 4715 quam
945 4653 1064 4715 aquarn
1081 4632 1270 4718 paludosam
1296 4633 1473 4700 erexissent
