3192 5466
557 449 651 516 1348.
669 471 739 516 oor.
757 449 809 516 21.

639 746 711 806 121.

109 885 203 948 1348.
220 885 413 970 Eazteryom,
429 893 483 948 oct.
501 885 554 947 21.
580 883 706 950 Csoadd
723 889 900 966 eazterpomi
916 887 1003 950 e'rselc
1019 911 1040 951 a
1058 886 1153 971 Liptd
1167 891 1238 951 oda·

107 995 226 1077 orreyyei
251 992 400 1055 lellcdazelc
424 991 581 1057 dolandos
606 994 786 1079 eppesoletet
803 995 1003 1080 jdvdlrappja
1029 997 1060 1058 e'a
1086 995 1238 1059 Iciodltsu‘-

500 1101 618 1186 gothol
635 1100 839 1185 rabdaaafel.

216 1261 427 1328 Chanadinus
467 1313 473 1326 .
500 1317 506 1330 .
547 1263 808 1348 archiepiscopus
845 1263 1075 1347 Strigouiensis
1114 1264 1240 1348 locique

107 1371 252 1437 eiusdem
269 1393 373 1438 comes
401 1379 584 1455 perpetuus,
611 1370 757 1436 omnibus
783 1371 906 1438 Christi
931 1371 1080 1437 fidelibus
1104 1394 1237 1455 presens

105 1481 264 1562 scriptum
290 1481 483 1563 inspecturis
514 1479 652 1544 salutem
683 1481 716 1543 in
748 1481 877 1544 domino
909 1480 1132 1546 benediccione
1164 1503 1238 1546 oum

104 1593 254 1670 paterna.
277 1588 339 1652 Pia
355 1594 388 1652 et
403 1587 490 1653 alma
505 1595 610 1652 mater
626 1587 761 1654 ecclesia
776 1589 816 1652 de
832 1590 1014 1654 animarum
1031 1590 1135 1654 salute
1153 1589 1240 1654 solli-

105 1697 169 1760 cita
185 1697 359 1762 devocione
375 1695 485 1762 fideles
511 1695 633 1762 Christi
659 1698 699 1762 ad
728 1699 809 1762 viam
837 1698 954 1763 salutis
980 1705 1012 1762 et
1037 1699 1241 1764 devocionem

105 1827 162 1888 per
179 1806 322 1888 quedam
338 1827 472 1870 munera
492 1805 685 1890 spiritualia,
701 1806 851 1871 videlicet
875 1806 1153 1888 indulgenciarum
1178 1808 1242 1871 lar·

105 1913 288 1996 gicionibus
303 1914 440 1977 invitare
456 1914 624 1991 conaverit,
644 1919 680 1978 ut
697 1919 818 1995 quanto
844 1913 992 1979 devocius
1018 1914 1162 1980 crebrius
1179 1915 1240 1998 ipsi

106 2019 230 2086 Christi
247 2021 358 2085 fideles
383 2022 571 2098 invitantur,
596 2027 689 2086 tanto
715 2020 877 2086 salubrius
902 2028 935 2086 et
960 2021 1108 2087 devocius
1133 2023 1192 2087 deo
1210 2030 1242 2088 et

107 2130 171 2194 suis
198 2130 301 2194 sacris
327 2129 439 2194 edibus
464 2150 536 2193 cnm
563 2150 672 2192 eorum
698 2129 760 2211 piis
786 2127 936 2212 operibus
961 2131 1027 2194 sint
1052 2130 1187 2208 astricti,
1203 2137 1240 2194 ut

105 2239 277 2302 salvatoris
294 2236 502 2302 clemenciam
511 2235 660 2320 precibus
669 2236 880 2320 implorando,
898 2236 1089 2303 delictorum
1106 2260 1237 2304 suorum

107 2347 244 2428 veniam,
260 2351 294 2410 et
309 2345 444 2429 gloriam
461 2345 553 2429 regni
569 2345 694 2410 celestis
720 2340 1073 2428 consequi-'mereantur
1088 2353 1241 2413 eternam.

105 2454 194 2519 Hinc
210 2460 268 2532 est,
286 2453 371 2537 quod
387 2475 460 2518 cunr
475 2453 509 2516 in
526 2453 653 2517 nomine
670 2452 790 2517 domiui
810 2453 1017 2538 eiusdemque
1034 2461 1144 2520 sancte
1160 2456 1240 2520 indi·

104 2562 275 2627 viduitatis
305 2562 497 2627 universitas
536 2559 756 2644 plebanorum,
788 2561 995 2628 ecclesiarum
1027 2569 1167 2628 rectores
1198 2563 1238 2628 de

103 2672 276 2756 Lypthow,
292 2672 440 2736 invocata
456 2671 588 2754 spiritus
605 2669 709 2736 saneti
726 2671 836 2753 gracia
852 2672 885 2734 in
901 2693 1000 2735 unum
1018 2672 1239 2738 convenissent

104 2787 135 2843 et
151 2799 191 2844 ea
216 2801 280 2862 que
305 2779 419 2844 salutis
444 2785 519 2844 sunt
543 2777 806 2862 pertractassent,
829 2785 863 2842 et
887 2779 972 2844 inter
998 2801 1051 2845 eos
1077 2779 1240 2862 quandam

94 2885 403 2951 confraternitatem
427 2887 605 2970 vulgariter
630 2886 790 2952 kalandus
806 2887 1014 2964 nominatam,
1040 2887 1131 2952 iuxta
1157 2887 1237 2952 illud

104 2994 189 3058 sacri
205 2993 326 3077 eloquii
337 2995 483 3059 veritatis
499 2994 701 3076 preconium:
721 2997 824 3058 estote
840 2992 1055 3058 fraternitatis
1070 3002 1238 3078 amatores,

104 3109 136 3166 et
150 3103 235 3167 illud
252 3109 400 3168 mutuam
410 3103 443 3166 in
453 3101 609 3167 vobismet
619 3101 696 3185 ipsis
708 3101 892 3166 continuam
912 3101 1105 3167 charitatem
1121 3102 1239 3167 haben-

103 3219 160 3289 tes,
186 3212 264 3294 quia
288 3211 411 3275 karitas
436 3211 540 3294 operit
564 3209 805 3274 multitudinem
832 3214 1048 3293 peccatorum,
1074 3211 1239 3294 cumipse

103 3319 248 3384 salvator
264 3325 373 3384 noster
389 3319 477 3384 solus
492 3317 681 3400 sit'lraritas,
708 3318 814 3402 etqui
840 3317 872 3380 in
899 3317 1038 3382 karitate
1063 3325 1181 3396 manet,
1206 3319 1239 3382 in

103 3430 175 3512 ipso
192 3435 356 3508 manet—
368 3427 543 3492 edidissent
561 3433 594 3491 et
610 3425 822 3504 ordinassent,
832 3449 930 3510 quam
940 3426 1239 3492 confraternitatem

101 3539 137 3602 in
153 3557 239 3602 auno
256 3537 307 3602 bis
323 3534 549 3600 celebrandam
565 3537 770 3616 statuissent3
787 3535 919 3600 tandem
935 3537 1100 3618 cupientes
1117 3555 1183 3618 nos,
1200 3543 1236 3600 ut

101 3648 174 3730 ipsa
190 3645 438 3711 confraternitas
454 3644 540 3708 inter
555 3645 642 3726 ipsos
658 3643 746 3708 edita
772 3666 829 3727 per
845 3643 1123 3726 indulgenciarum
1141 3644 1239 3726 largi-

102 3755 251 3821 cionibus
276 3753 454 3831 decoretur,
488 3749 634 3816 volumus
659 3753 759 3835 igitur
784 3757 821 3816 ut
845 3753 1031 3834 quicunque
1063 3752 1237 3816 christiane

101 3863 179 3928 fidei
205 3861 371 3945 religionis
396 3859 500 3926 cultor
525 3859 558 3923 in
584 3858 739 3941 predictis
764 3859 888 3924 duobus
919 3858 1065 3923 terminis
1091 3858 1237 3942 predicte

102 3971 383 4038 confraternitatis
409 3968 639 4034 celebracionis
655 3968 723 4032 illic
738 3968 850 4032 devote
869 3966 994 4032 oraturi
1011 3966 1239 4032 admissorum

101 4081 260 4147 solemnia
276 4086 310 4144 et
326 4077 469 4161 quelibet
485 4077 550 4142 alia
567 4077 676 4142 diviua
692 4077 844 4141 audiendi
864 4076 1059 4141 accesserint
1075 4081 1108 4140 et
1124 4075 1239 4142 clemo-

101 4191 190 4255 sinas
216 4211 291 4253 suas
317 4187 512 4270 elargierint‚
543 4186 708 4252 acaciam
734 4207 792 4268 pro
818 4191 928 4251 nostra
954 4183 1059 4249 salute
1085 4184 1180 4248 deum
1207 4191 1240 4249 et

102 4305 241 4363 matrem
258 4297 366 4380 gracie
382 4295 634 4378 imploraverint,
650 4295 689 4358 de
706 4294 935 4378 omnipotentis
951 4292 1003 4356 dei
1019 4292 1239 4358 misericordia

102 4407 340 4488 beatorumque
356 4405 448 4470 Petri
474 4410 506 4468 et
530 4404 626 4468 Pauli
652 4401 871 4485 apostolorum
896 4404 972 4479 eius,
1003 4421 1127 4466 necnon
1152 4400 1239 4465 beati

103 4515 280 4582 Adalberti
289 4515 435 4579 martiris
445 4511 574 4597 patroni
584 4511 687 4576 nostri
698 4510 946 4576 auctoritatibus
962 4507 1081 4587 confisi,
1093 4508 1239 4574 omnibus

102 4645 176 4689 vere
193 4621 412 4708 penitentibus
423 4626 456 4686 et
474 4620 626 4686 confessis
643 4618 861 4703 quadraginta
878 4618 1003 4682 dierum
1018 4615 1239 4698 indulgencias

1082 4741 1131 4794 ro*
