3138 5462
514 469 607 531 1347.
624 487 693 532 111.
713 471 763 531 11.
1160 469 1198 529 91

79 655 104 714 et
126 648 323 712 vicecomitis
349 669 387 713 ae
411 648 552 713 indicum
579 647 732 714 nobilium
757 649 796 712 de
822 648 976 712 comitatu
1001 646 1040 710 de
1058 645 1199 710 Wolkou

80 757 342 838 inquisicionales,
367 758 400 820 in
425 755 542 840 quibus
567 757 703 822 vidimus
729 757 895 834 contineri,
921 761 957 822 11
982 755 1058 820 dum
1082 754 1144 839 ipsi
1168 754 1202 820 in

80 865 210 949 propriis
227 865 480 948 possessionibus
497 887 606 930 eorum
632 867 665 930 in
690 865 785 930 fluvio
801 864 993 929 Wolhouize
1019 861 1203 929 molendina

82 973 224 1038 edificare
239 974 422 1053 voluissent,
440 979 471 1036 01
487 972 526 1037 10
543 973 603 1038 hee
628 973 709 1038 certi
735 995 798 1038 non
823 952 959 1038 fuissent
984 976 1093 1037 utrum
1117 971 1203 1053 ipsos

82 1082 175 1164 uliqni
191 1083 475 1166 comprovinciales
491 1083 675 1147 eorumdem
692 1081 733 1146 ab
749 1081 952 1148 edificacione
963 1080 1122 1145 dictorum
1138 1099 1203 1144 mo·

80 1190 273 1255 lendinorum
300 1190 508 1274 prohiberent
532 1212 590 1256 100
616 1212 674 1270 10,
699 1192 830 1256 tandem
855 1192 917 1274 ipsi
943 1189 1003 1254 snb
1018 1189 1201 1254 testimonio

80 1299 147 1363 dieti
173 1299 308 1382 capituli
334 1299 496 1365 Simonem
521 1299 623 1364 filium
650 1299 807 1383 Stephani
832 1299 871 1364 de
897 1298 1017 1364 Sancto
1034 1297 1202 1363 Salvatore

81 1408 233 1471 hominem
252 1413 396 1472 nostrum
416 1407 457 1472 01
482 1407 640 1492 premissa
665 1407 853 1490 exequenda
879 1405 1146 1481 transcurrissent,
1170 1409 1203 1468 et

83 1517 153 1580 feria
182 1515 298 1600 quinte
323 1515 469 1600 proxima
495 1522 570 1582 ante
595 1516 712 1582 festum
737 1516 840 1580 001011
856 1513 994 1580 Μο11111
1013 1513 1202 1579 confessoris

84 1645 158 1688 anne
168 1625 312 1706 proxime
323 1625 487 1707 preterito,
498 1625 531 1688 in
542 1625 795 1708 congregacione
812 1622 963 1706 generali,
981 1643 1078 1704 quam
1096 1641 1202 1686 cemes

81 1739 108 1796 01
129 1733 250 1798 indices
272 1732 427 1797 nobilium
451 1733 490 1796 de
516 1732 626 1796 eodem
652 1733 808 1798 comitatu
833 1731 873 1796 de
898 1729 1041 1794 Wolkou
1066 1727 1202 1794 invilla

81 1839 259 1904 ll'ollrowar
275 1841 430 1904 universis
446 1839 605 1905 nobilibus
622 1847 655 1906 01
670 1841 742 1906 aliis
759 1838 957 1923 quibuslibet
971 1836 1153 1903 hominibus
1169 1837 1201 1900 in

85 1949 185 2013 eodem
219 1949 375 2014 comitutu
407 1949 617 2014 existentibus
652 1949 864 2027 celebrarunt,
895 1955 963 2013 tam
993 1947 1077 2012 idem
1107 1944 1202 2009 homo

83 2063 190 2134 100101,
215 2079 314 2140 quam
331 2057 466 2140 predicti
484 2058 657 2124 vicecomes
674 2064 706 2123 et
722 2057 843 2122 indices
869 2056 1024 2122 nobilium
1040 2057 1073 2120 in
1090 2053 1201 2118 eadem

84 2167 324 2250 congregacione
340 2166 468 2250 publice
484 2169 746 2250 interrogassent,
763 2169 790 2232 si
806 2166 907 2250 aliqui
924 2165 1002 2250 ipsis
1018 2162 1201 2229 Laureneio

85 2275 142 2338 lilio
157 2273 332 2339 Laureneii
348 2281 380 2340 et
396 2274 564 2359 Stephano
589 2275 655 2340 filie
671 2276 762 2340 Petri
778 2277 812 2340 in
828 2273 1032 2339 edificacione
1057 2273 1199 2356 ipsorum

86 2382 331 2448 molendinorum
348 2383 606 2449 contradicerent
621 2391 652 2449 01
668 2383 710 2449 ab
720 2381 928 2449 edificacione
938 2377 1122 2446 eorumdem
1137 2401 1202 2442 mo·

84 2489 272 2554 lendinorum
299 2491 507 2573 prohiberent
532 2513 590 2557 nec
616 2513 665 2570 uc,
689 2493 818 2575 penitus
843 2490 924 2555 nulli
949 2487 1202 2554 contradictores

85 2598 215 2674 luissent,
231 2604 264 2662 01
280 2599 387 2663 nullus
412 2598 454 2664 ab
470 2598 674 2666 edificacione
700 2602 843 2684 ipsorum
867 2597 1123 2662 molendinorum
1148 2616 1202 2660 000

85 2705 299 2788 prohibuisset,
324 2706 389 2770 imo
413 2706 454 2772 ad
480 2707 583 2772 tocius
608 2708 709 2790 ipsius
734 2707 905 2772 comitatus
931 2704 1106 2770 utilitatem
1132 2703 1203 2786 1100

86 2813 256 2878 molendina
273 2834 331 2896 per
347 2815 431 2898 ipses
448 2815 664 2880 Laureneium
682 2823 713 2880 et
723 2815 923 2898 Stephanum
942 2812 1120 2878 edificanda
1135 2810 1202 2874 sere

87 2922 296 2999 asseruissent,
312 2929 344 2987 et
362 2923 440 3006 quia
455 2925 516 2989 hoc
531 2924 627 2989 modo
644 2923 777 3008 deipsis
802 2921 993 2987 molendinis
1020 2919 1202 2984 exstitimus

86 3031 244 3101 informati.
260 3039 297 3097 11
313 3031 433 3097 nemini
449 3031 611 3098 edificacio
631 3033 773 3116 ipserum
790 3029 1044 3096 molendinorum
1061 3026 1201 3111 preiudi·

87 3141 160 3204 cium
176 3147 354 3223 generaret,
370 3139 441 3204 ideo
466 3143 637 3206 annuimus
654 3149 686 3206 01
702 3140 927 3216 commisimus
952 3145 989 3203 ut
1004 3137 1100 3202 iidem
1116 3136 1202 3201 Lau·

86 3247 540 3314 1010110111110110110101101
566 3247 752 3333 Stephanus
777 3247 862 3313 filius
888 3247 979 3312 Petri
1004 3247 1036 3310 iu
1063 3243 1202 3330 propriis

88 3357 217 3438 ipserum
234 3355 488 3440 possessionibus
504 3358 538 3422 in
554 3358 664 3422 eodem
681 3357 776 3422 fluvio
792 3355 1007 3420 Wolkouuize
1018 3351 1201 3418 molendina

88 3461 223 3528 edificare
239 3469 272 3528 01
288 3463 431 3529 edificari
449 3465 554 3530 faeere
571 3464 706 3530 liberam
722 3463 880 3529 haberent
894 3461 1088 3527 facultatem.
1112 3458 1199 3558 Qua·

88 3580 205 3656 propter
219 3572 307 3638 vobis
324 3573 480 3638 universis
503 3573 665 3639 nobilibus
691 3579 723 3638 01
748 3569 993 3656 possessioeutis
1017 3567 1200 3634 hominibus

88 3701 120 3745 ae
133 3681 200 3746 aliis
216 3679 413 3763 quibuslibet
433 3681 560 3764 populis
576 3679 610 3746 in
626 3681 792 3748 vicinitate
817 3680 1052 3764 possessionum
1077 3697 1201 3742 eorum-

88 3789 148 3854 dem
172 3789 341 3854 Laureneii
367 3795 400 3853 01
425 3787 584 3872 Stephani
609 3789 820 3855 existentibus
845 3787 1041 3872 precipimus
1067 3835 1097 3850 ..
1124 3806 1202 3868 qua-

87 3903 168 3961 tenns
196 3898 279 3962 sient
303 3897 336 3960 in
353 3896 499 3980 predicta
515 3898 765 3982 congregacione
781 3903 903 3962 vosmet
918 3896 979 3980 ipsi
1005 3893 1192 3960 affirmastis

90 4011 116 4068 et
129 4005 304 4082 admisistis,
328 4012 365 4070 ut
380 4005 442 4089 ipsi
458 4004 659 4072 Laureneius
676 4013 709 4070 et
726 4006 911 4088 Stephanus
936 4003 1121 4070 molendina
1136 4001 1201 4066 edi-

88 4111 172 4178 ficare
195 4115 227 4178 in
251 4115 391 4198 propriis
423 4114 674 4197 possessionibus
705 4116 849 4198 ipserum
878 4113 1013 4178 liberam
1044 4112 1202 4177 haberent

89 4221 270 4301 facultatem,
294 4221 404 4314 eodem
421 4223 515 4288 modo
531 4245 616 4289 nunc
633 4223 717 4307 ipsos
733 4222 842 4288 nullus
858 4226 999 4286 vestrum
1016 4221 1057 4285 ab
1074 4219 1201 4284 edifica·

89 4329 166 4394 cione
181 4331 363 4396 eorumdem
388 4331 642 4397 molendinorum
669 4330 838 4414 prohibere
860 4329 978 4394 001001
993 4329 1043 4393 vel
1059 4349 1202 4412 presum-

87 4444 146 4502 mat
159 4439 388 4522 qnoquomode,
412 4440 468 4505 sed
484 4439 517 4504 iu
534 4437 731 4522 quibuslibet
745 4437 823 4503 locis
842 4437 897 4504 nbi
913 4439 947 4501 in
963 4435 1103 4521 propriis
1119 4437 1201 4518 ipso-

88 4567 149 4611 rum
171 4547 421 4631 possessionibus
455 4550 488 4612 in
523 4547 633 4612 eedem
666 4547 761 4612 111110
795 4545 986 4611 Welkeuize
1017 4543 1201 4611 molendina

89 4653 223 4721 edificare
239 4653 409 4734 voluerint,
431 4653 568 4722 liberam
593 4676 689 4740 super
705 4657 766 4721 hec
782 4656 860 4742 ipsis
879 4655 1075 4741 permittatis
1091 4655 1200 4720 volun-
