3180 5470
315 563 381 625 450
666 577 853 622 aurouuosr
870 563 1084 622 ouulurrla.

315 738 487 806 Nicolaum
519 747 551 805 et
582 738 806 822 Georgium..
841 739 947 804 forent
987 737 1114 803 nomine
1155 758 1286 803 suorum
1318 734 1457 820 privile-

315 851 451 932 giorum,
467 870 529 932 que
546 849 695 914 videlicet
711 848 752 914 ab
768 849 814 913 eis
830 849 1043 931 requirerent,
1058 846 1233 929 prohibita,
1250 847 1402 928 ipsosque
1412 851 1457 910 ut

313 963 363 1022 est
378 957 593 1040 prehabitum,
610 956 720 1021 eadem
737 956 800 1022 duo
825 956 993 1048 privilegia
1009 956 1041 1018 in
1059 954 1150 1018 nullo
1168 953 1207 1020 de
1223 953 1292 1018 iure
1309 955 1460 1036 attinge·

315 1072 396 1130 rent.
421 1065 555 1130 Etcum
573 1087 630 1130 uos
647 1066 751 1148 ipsam
776 1086 907 1130 causam
933 1064 974 1128 ad
1003 1063 1271 1128 deliberacionem
1290 1062 1457 1126 baronum

314 1179 448 1257 propter
464 1174 564 1256 ipsius
581 1195 676 1238 cause
693 1172 897 1252 arduitatem,
908 1195 946 1238 ac
962 1173 1064 1237 eciam
1074 1192 1133 1256 pro
1143 1192 1180 1236 eo
1190 1191 1230 1234 ne
1241 1172 1274 1234 in
1284 1169 1456 1234 reddenda

314 1281 442 1346 iusticia
460 1281 567 1346 festini
584 1280 651 1346 fore
667 1280 857 1357 videremur,
883 1285 916 1345 et
941 1281 1154 1362 inposterum
1181 1301 1238 1360 per
1264 1278 1457 1360 quempiam

315 1387 433 1453 iudicio
450 1395 561 1454 nostro
577 1391 678 1472 possit
694 1387 854 1471 derogari,
870 1387 911 1453 ad
928 1388 1064 1452 tercium
1090 1387 1174 1452 diem
1204 1386 1457 1453 distulissemus,

314 1497 445 1562 tandem
461 1518 534 1562 cum
552 1519 607 1562 uos
624 1518 760 1560 unacum
785 1495 965 1579 magnificis
990 1497 1066 1559 viris
1086 1492 1222 1560 Nicolao
1246 1493 1339 1576 regui
1355 1492 1456 1558 Hun-

315 1604 403 1686 garie
428 1605 582 1688 palatine,
608 1605 713 1669 Paulo
739 1604 778 1668 de
801 1604 887 1687 Vgal
913 1603 1076 1686 quondam
1107 1603 1209 1666 tocius
1226 1599 1395 1667 Sclavenie
1419 1607 1456 1666 et

313 1713 447 1799 Groacie
462 1711 556 1788 bano,
571 1711 708 1777 Nicolao
724 1711 790 1776 filio
807 1711 949 1776 Peteuch
974 1710 1136 1792 quondam
1152 1709 1286 1776 roivoda
1303 1709 1454 1776 Transil-

314 1841 405 1898 vano,
422 1841 460 1885 ao
476 1821 633 1902 magistro
650 1819 787 1884 Nicolao
802 1819 1047 1904 prothonotario
1072 1817 1192 1882 domini
1212 1816 1343 1883 Nicolai
1360 1818 1456 1900 pala·

315 1928 385 2004 tini,
401 1948 460 1992 nee
476 1949 539 1992 non
556 1928 630 1993 aliis
646 1925 891 2010 quampluribus
917 1925 1076 1990 nobilibus
1102 1925 1203 2008 regni,
1227 1923 1268 1990 ad
1293 1923 1456 1990 diffinien-

315 2033 389 2118 dam
415 2035 604 2116 premissam
636 2055 766 2100 causam
798 2032 1061 2110 consedissemus,
1098 2034 1262 2116 predictus
1294 2032 1455 2098 Nicolaus

315 2142 419 2206 dietus
451 2141 596 2224 Obynige
627 2163 685 2225 pro
719 2162 753 2204 se
787 2141 1002 2224 personaliter
1027 2148 1060 2205 ct
1086 2163 1144 2224 pro
1170 2141 1315 2225 predicto
1350 2141 1453 2206 fratre

315 2269 372 2314 sno
389 2298 419 2313 ..
444 2248 484 2313 ab
515 2271 588 2326 uua,
621 2271 658 2314 ae
689 2246 851 2331 Georgius
882 2255 915 2312 et
944 2249 1067 2314 Paulus
1098 2247 1156 2314 filii
1201 2249 1289 2326 Isalr,
1323 2269 1452 2314 necnon

316 2357 506 2422 Dominicus
531 2355 617 2421 filius
634 2355 751 2421 Danch
770 2357 984 2440 personaliter
1009 2362 1101 2440 parte
1125 2356 1166 2421 ab
1197 2356 1302 2422 altera
1327 2357 1370 2422 ad
1396 2375 1454 2421 no·

315 2471 416 2530 stram
441 2465 652 2548 personaliter
686 2464 839 2529 veniendo
869 2466 1077 2548 presenciam,
1108 2466 1193 2530 sicut
1217 2466 1307 2548 prius
1341 2467 1388 2530 sic
1421 2471 1455 2528 et

316 2593 400 2636 nunc
431 2593 526 2655 super
557 2573 721 2656 premissis
762 2574 854 2637 iuxta
894 2572 1010 2638 seriem
1033 2577 1066 2636 et
1101 2572 1338 2638 continenciam
1379 2594 1453 2656 pre-

317 2678 533 2745 exhibitarum
558 2679 726 2746 literarum
757 2680 835 2763 ipsis
860 2678 956 2744 finem
981 2680 1155 2744 decisirum
1180 2687 1278 2762 atque
1303 2679 1454 2746 debitum

317 2808 456 2870 pernes
482 2789 601 2872 imponi
627 2789 841 2871 postularunt.
874 2786 1021 2872 Quarum
1047 2787 1177 2870 quidem
1198 2788 1369 2854 literarum
1394 2809 1456 2872 per

317 2896 403 2979 ipsas
420 2903 529 2979 partes
546 2898 579 2961 in
605 2895 800 2962 alterutrum
826 2896 1043 2962 exhibitarum
1066 2897 1142 2961 visis
1158 2903 1192 2961 et
1206 2897 1357 2979 perlectis
1378 2918 1456 2963 con-

318 3003 474 3082 tinenciis,
491 3026 529 3070 ac
545 3004 730 3070 earumdem
756 3004 901 3088 parcium
927 3003 1179 3088 allegacionibus
1195 3003 1316 3071 auditis
1332 3013 1367 3071 et
1380 3025 1456 3090 per·

319 3112 429 3197 ceptis,
446 3133 518 3176 cum
535 3133 592 3176 nos
609 3111 771 3195 prefatum
787 3111 960 3177 Nicolaum
975 3112 1099 3176 dictum
1115 3110 1259 3196 Ohynige
1278 3113 1311 3176 iu
1336 3134 1398 3178 sua
1421 3121 1456 3178 et

317 3221 396 3286 dicti
410 3218 544 3304 Georgii
560 3219 672 3286 fratris
689 3221 738 3284 sui
754 3242 900 3304 persona,
910 3221 1016 3306 primo
1025 3241 1123 3304 super
1133 3241 1179 3299 en,
1189 3227 1298 3286 utrum
1308 3220 1455 3305 predicte

318 3327 379 3393 due
394 3327 487 3392 litere
503 3327 720 3412 privilegiales
744 3327 1006 3411 capitulorum..
1030 3327 1261 3412 Strigoniensis
1293 3335 1325 3393 et
1351 3325 1453 3412 Agri-

319 3435 404 3500 eusis
420 3436 634 3513 ecelesiarum,
652 3455 801 3521 quasper
816 3457 873 3502 nos
890 3436 958 3521 ipse
984 3443 1016 3502 et
1040 3437 1144 3502 dictus
1170 3433 1332 3520 Georgius
1348 3435 1456 3500 frater

319 3565 395 3609 suus
411 3543 557 3608 fecerunt
582 3544 719 3608 detineri
744 3545 887 3628 ipsorum
911 3551 1017 3610 essent
1042 3550 1072 3609 et
1099 3544 1235 3610 fuissent
1251 3565 1400 3622 necnon,
1426 3545 1456 3608 si

319 3671 379 3734 pro
394 3650 473 3732 ipsis
489 3650 706 3731 loquerentur,
723 3652 879 3716 acaciam
896 3652 922 3715 si
938 3652 1007 3736 ipse
1032 3651 1095 3716 due
1121 3651 1214 3716 litere
1233 3650 1456 3735 privilegiales

320 3778 417 3842 super
433 3755 695 3840 possessionibus,
712 3757 855 3840 ipsorum
871 3764 1017 3823 emanate
1034 3759 1098 3822 siut
1110 3765 1141 3822 et
1155 3758 1305 3836 existant,
1314 3759 1456 3840 requisi-

319 3871 390 3929 tum
406 3865 494 3930 trina
510 3865 577 3928 rice
594 3869 690 3946 prout
707 3871 817 3930 nostro
833 3865 990 3932 incumbit
1006 3864 1110 3932 officio
1130 3865 1361 3948 habuissemus,
1376 3885 1457 3932 mox

194 3997 199 4006 .
320 3971 405 4036 idem
419 3971 577 4038 Nicolaus
593 3971 697 4037 dictus
714 3969 859 4056 Ohynige
874 3993 933 4055 pro
950 3993 984 4036 se
1000 3971 1213 4055 personaliter
1229 3979 1261 4036 et
1279 3992 1337 4056 pro
1348 3969 1457 4038 Geor·

320 4081 372 4162 gio
388 4079 489 4144 fratre
506 4101 563 4144 suo
580 4129 586 4143 .
604 4128 611 4143 .
635 4080 781 4163 predicta
796 4080 859 4145 duo
876 4080 1045 4164 privilegia
1060 4103 1124 4146 non
1140 4101 1200 4146 sua
1215 4101 1274 4145 uec
1289 4079 1368 4145 dicti
1386 4077 1457 4146 Ge·

320 4187 402 4270 orgii
417 4186 528 4252 fratris
544 4189 594 4252 sui
610 4209 679 4252 esse
700 4193 731 4252 et
747 4187 854 4266 fuisse,
880 4210 938 4253 nec
962 4209 1059 4272 super
1089 4186 1344 4271 possessionibus
1368 4189 1457 4272 ipso·

319 4317 392 4359 rum
422 4293 568 4360 confecta
600 4295 667 4359 fore
693 4293 877 4378 affirmavit,
912 4294 968 4360 sed
1002 4295 1148 4378 predicta
1183 4295 1246 4361 duo
1280 4296 1457 4381 privilegia

320 4425 377 4485 per
402 4401 564 4487 prefatum
590 4401 741 4470 Oozmam
772 4403 874 4468 filium
894 4403 1058 4469 Herbordi
1085 4405 1164 4488 ipsis
1189 4404 1232 4469 ad
1257 4406 1455 4470 serrandum

320 4510 397 4576 data
412 4511 555 4590 fuissent,
572 4517 605 4576 et
621 4511 666 4577 sic
682 4512 721 4577 de
738 4511 872 4579 ecelesia
885 4519 995 4578 sancte
1011 4513 1191 4594 Elisabeth,
1202 4519 1239 4578 ut
1255 4518 1304 4578 est
1318 4515 1458 4597 premis-

321 4639 400 4700 sum,
417 4621 487 4703 ipsa
504 4619 567 4684 duo
582 4619 751 4702 privilegia
767 4643 839 4686 cum
855 4621 927 4686 aliis
944 4621 1085 4704 ipsorum
1096 4623 1318 4686 instrumentis
1333 4621 1458 4688 furtive

320 4726 432 4790 ablata
448 4729 646 4809 extitisseut3
663 4735 696 4790 et
712 4735 787 4793 tune
803 4731 835 4793 in
860 4731 993 4793 instanti
1010 4731 1115 4813 ipsum
1132 4728 1282 4794 Oozrnam
1299 4749 1458 4812 persona·
