3188 5470
530 531 623 592 1349.
642 532 713 592 nde.
733 532 782 592 18.
1150 527 1214 594 279

94 709 173 774 dicta
189 710 387 792 possessione
404 707 502 791 Myrlr
518 727 603 772 nunc
628 729 706 791 erga
733 707 815 774 lilios
831 705 958 773 Abram
976 708 1035 773 lilii
1053 709 1076 772 J
1079 708 1215 774 ohannis

92 823 125 882 ut
138 816 255 882 dicitur
271 816 390 895 habite,
416 816 545 881 amodo
562 822 594 881 et
610 817 758 901 deinceps
786 839 823 882 ac
849 817 882 881 in
907 823 1101 901 perpetuum
1128 822 1214 882 stare

93 925 149 990 frui
164 931 263 1008 atque
279 925 415 1009 pacifice
440 926 600 1009 gratulari
626 925 832 1008 dimisissent,
859 934 891 991 et
916 926 1014 992 iidem
1040 927 1213 993 Ladislaus

93 1034 275 1098 Dominicus
303 1039 336 1098 et
360 1032 516 1100 Nicoleus
542 1033 734 1099 dimiserunt
759 1055 868 1099 coram
893 1034 1002 1116 nobis;
1027 1055 1212 1100 econverso

93 1143 186 1206 eriam
211 1143 426 1224 prenominati
451 1142 620 1207 ‹lohannes
645 1146 677 1205 ct
701 1140 845 1206 Jacobus
870 1143 957 1225 ipsas
983 1143 1215 1226 possessionem

93 1250 269 1335 Kyseheley
301 1256 334 1314 et
357 1251 542 1333 porcionem
575 1249 861 1334 possessiouariam
889 1252 919 1315 in
947 1249 1037 1316 Mirk
1062 1251 1216 1327 habitam,

93 1359 154 1422 sine
169 1359 348 1443 preiudicio
374 1361 453 1426 iuris
469 1359 575 1437 alieni,
601 1357 754 1444 predictis
771 1359 849 1425 filiis
866 1360 1040 1443 Pangracii
1057 1365 1215 1424 eteorum

94 1465 259 1531 heredibus
271 1466 502 1551 perpetuando,
513 1468 640 1534 eosdem
650 1467 735 1534 filios
746 1469 920 1553 Paugracii
931 1475 964 1533 et
974 1468 1117 1552 ipsorum
1127 1468 1217 1533 herc·

92 1575 142 1638 des
164 1575 198 1638 in
223 1575 365 1640 dominio
390 1577 627 1659 possessionum
653 1599 787 1644 suarum
812 1577 1019 1662 propriarum
1044 1597 1106 1657 que
1132 1575 1216 1640 dicte

91 1683 231 1748 divisioni
263 1684 378 1750 subiici
403 1685 590 1769 potuissent,
616 1685 766 1751 videlicet
798 1684 994 1770 Nogcheley,
1019 1685 1114 1762 Boos,
1140 1683 1214 1748 Fel-

92 1791 448 1877 medyazcuOlbathya,
458 1793 610 1858 Belteluk
620 1800 653 1857 et
663 1793 773 1878 Bykus
785 1794 825 1857 ad
837 1793 971 1858 eandem
982 1793 1214 1876 possessionem

91 1897 270 1984 Nogcbeley
280 1901 482 1984 pertinentis,
498 1902 647 1966 similiter
656 1901 792 1984 pacifice
803 1901 961 1985 gratulari
979 1907 1010 1965 ct
1027 1899 1216 1985 eternaliter

91 2010 206 2092 perfrui
240 2010 433 2075 dimiserunt
463 2031 572 2076 eorem
603 2011 702 2076 nobis.
733 2009 956 2076 Notilicarunt
981 2010 1082 2074 eciam
1108 2013 1217 2093 partes

91 2118 281 2200 supradicte,
298 2118 383 2200 rpuod
399 2119 462 2202 ipsi
478 2125 510 2184 et
525 2119 587 2184 lilii
602 2119 750 2185 Ladislai
768 2119 830 2184 filii
841 2115 1026 2183 Alexandri
1042 2117 1082 2181 de
1093 2117 1216 2183 Monak

90 2228 213 2293 racione
233 2229 318 2292 linee
344 2229 531 2313 propaginis
558 2229 723 2294 universas
747 2225 974 2314 possessiones,
990 2227 1133 2308 ipsorum
1151 2225 1217 2289 ubi-

90 2334 163 2399 libet
178 2336 354 2400 existentes
370 2335 496 2401 trifarie
512 2339 599 2402 inter
615 2360 648 2403 se
665 2337 806 2403 dividere
834 2335 988 2401 deberent
1007 2334 1138 2400 iusticia
1154 2353 1218 2398 me-

91 2439 204 2520 diante,
220 2449 254 2507 et
269 2445 297 2508 si
314 2449 458 2527 tempore
474 2447 676 2528 progressive
701 2445 763 2529 ipsi
779 2465 852 2509 cum
868 2443 962 2510 dictis
978 2442 1055 2507 liliis
1072 2441 1217 2507 Ladislai

91 2573 287 2616 communem
313 2551 500 2618 divisionem
516 2553 550 2617 in
575 2554 640 2618 suis
666 2553 922 2637 possessionibus
941 2550 1061 2616 habere
1086 2556 1217 2634 possent

91 2682 124 2724 ac
139 2661 343 2745 investigare,
367 2661 488 2726 factum
504 2662 647 2746 predicte
665 2661 830 2727 divisionis
846 2682 884 2726 ac
900 2659 1115 2725 ordinacionis
1134 2679 1218 2723 nunc

88 2771 169 2834 inter
184 2771 272 2853 ipsos
288 2769 408 2847 habite,
424 2791 461 2834 eo
477 2775 553 2849 toto,
578 2777 655 2836 tunc
671 2770 755 2835 sicut
781 2791 866 2836 nunc
892 2768 1100 2833 immobiliter
1125 2773 1212 2832 stare

90 2879 312 2961 permitterent
327 2883 360 2943 et
374 2877 566 2944 dimiserunt
582 2900 691 2944 coram
710 2878 810 2943 nobis.
836 2879 881 2943 Et
892 2885 928 2943 ut
938 2875 1059 2942 factum
1073 2876 1217 2960 predicte

89 2986 273 3052 divisionis.
291 3037 297 3051 .
315 2987 398 3051 inter
414 2987 500 3070 ipsos
521 2985 618 3052 robur
637 2991 791 3071 perpetue
816 2985 983 3052 firmitatis
997 2983 1148 3051 'obtinere
1166 3006 1218 3049 va·

90 3093 176 3170 leret,
201 3093 313 3158 eedem
339 3101 449 3178 partes
466 3115 499 3158 se
516 3145 521 3158 .
540 3148 546 3161 .
563 3094 605 3159 ed
630 3094 691 3160 hoc
715 3092 924 3177 obligarunt.
942 3099 1002 3160 ,ut
1028 3113 1219 3176 quecunque

90 3223 197 3266 earum
214 3208 359 3285 tempore
378 3203 578 3286 progressivo
594 3252 600 3265 .
618 3255 625 3268 .
642 3203 675 3265 in
692 3201 811 3266 iudicio
837 3207 895 3266 aut
920 3207 1012 3266 extra
1037 3206 1219 3284 presentem

89 3311 326 3376 ordinacionem
343 3317 519 3376 retractare
535 3311 777 3376 machinaretur
793 3362 799 3376 .
818 3359 823 3374 .
841 3331 917 3394 pars
933 3309 992 3375 bec
1008 3309 1129 3374 faciens
1146 3331 1219 3375 con-

90 3426 140 3485 tra
157 3426 284 3503 partem
309 3420 413 3503 ipsam
438 3419 677 3485 ordinacionem
703 3439 759 3483 seu
785 3417 973 3484 divisionem
998 3418 1218 3484 observantem

90 3530 120 3592 in
137 3527 306 3594 succubitu
331 3528 431 3592 duelli
457 3527 535 3592 facti
560 3526 748 3612 potencialis
777 3528 1019 3593 convinceretur
1038 3528 1108 3610 ipso
1125 3526 1220 3592 facto.

90 3637 128 3702 Iu
144 3637 238 3703 cuius
254 3639 301 3703 rei
317 3639 537 3703 testimonium
553 3691 559 3704 .
577 3690 582 3703 .
601 3643 764 3721 presentes
791 3636 985 3702 contulimus
1001 3635 1099 3720 sigilli
1116 3636 1217 3702 nostri

90 3746 244 3810 autentici
261 3752 294 3810 et
309 3745 479 3828 pendentis
498 3745 675 3810 munimine
690 3743 859 3810 roboratas
876 3765 914 3809 ac
930 3744 1106 3827 alphabeto
1123 3744 1219 3809 inter·

89 3855 189 3936 cisus3
215 3853 418 3936 presentibus
434 3860 542 3918 tamen
567 3853 705 3919 Nicolao
722 3855 893 3936 preposito,
919 3853 1073 3919 Johanne
1089 3853 1219 3930 lectore,

89 3961 279 4027 Alexandro
296 3969 435 4043 cantore,
452 3961 477 4027 J
478 3963 604 4027 ohanne
621 3961 750 4026 custode
766 3962 912 4040 dominis,
929 3963 1007 4027 item
1017 3960 1042 4026 J
1044 3961 1169 4026 ohanne
1180 3960 1219 4024 de

90 4071 225 4148 Borsod‚
241 4071 349 4136 David
365 4071 405 4135 de
416 4069 580 4149 Zabouch,
596 4070 694 4135 Petro
711 4068 750 4134 de
767 4070 884 4147 Heves,
901 4069 1072 4134 Dominieo
1089 4067 1220 4134 (1οΒ01-

90 4201 155 4254 sue,
172 4177 310 4244 Andrea
325 4179 364 4243 de
381 4179 540 4256 Panlrata
566 4173 708 4261 Georgio
734 4177 773 4241 de
799 4177 937 4255 Tarcha
963 4175 1119 4242 Ladislao
1135 4175 1221 4241 dicto

90 4288 204 4354 Katou
230 4288 269 4352 de
295 4285 403 4352 Patba
429 4285 662 4351 archidiaconis
681 4285 851 4351 ..Datum
876 4285 958 4350 feria
983 4283 1124 4350 secunda
1149 4305 1221 4369 pro-

91 4399 177 4462 xima
193 4403 269 4461 ente
280 4395 398 4460 festum
409 4393 618 4460 Ascensionis
635 4393 763 4473 domini,
782 4415 866 4458 anno
877 4393 1021 4458 eiusdem
1031 4393 1084 4458 Μο
1100 4391 1220 4462 OOO¹¹¹⁰

91 4505 196 4571 1111ῐιιο
212 4526 315 4586 non0;
347 4509 503 4587 regnante
527 4502 687 4568 Lodovico
706 4554 712 4567 .
728 4554 734 4568 .
752 4523 826 4586 rege
844 4553 849 4566 .
868 4550 874 4564 .
900 4502 1092 4569 Obanedino
1117 4501 1221 4567 archi-

91 4615 240 4698 episcopo
265 4611 488 4696 Strigoniensi,
514 4610 681 4680 Ooloceusi
707 4611 782 4675 sede
807 4616 941 4676 vacante
958 4615 990 4674 et
1007 4661 1012 4674 .
1032 4659 1038 4672 .
1056 4607 1222 4695 N(icolao)

90 4723 240 4808 episcopo
256 4722 411 4807 Agriensi
428 4721 646 4786 existentibus.
