3188 5470
371 453 372 456 Ὺ
490 533 492 538 -
529 503 623 566 1349.
644 519 713 566 scr.
731 505 782 568 30.
877 493 884 500 “
1170 507 1232 569 sor

106 677 243 744 latorum
269 679 475 746 denariorum
505 682 735 760 viennensium,
760 705 902 750 marcam
919 683 1100 766 quamlibet
1124 683 1236 749 decem

106 787 212 870 pensis
243 788 459 871 computando
484 837 515 854 ..
541 797 698 873 perpetuo
723 841 753 856 ..
779 791 1005 874 possidendam
1031 841 1060 858 ..
1086 793 1147 859 hoc
1171 814 1235 858 non

105 897 319 978 pretermisso,
344 897 428 979 quod
453 896 564 962 literas
589 946 620 963 ..
646 897 731 963 idem
755 898 931 966 Farcasius
956 920 1060 982 quas.
1078 899 1236 966 baberet

104 1023 201 1086 super
227 1003 314 1068 dicta
339 1005 538 1087 possessione
563 1005 828 1071 Bodolcwfeuldu
844 1013 966 1084 vocate,
992 1028 1100 1072 cassas
1117 1058 1123 1072 .
1141 1057 1147 1071 .
1165 1007 1235 1072 red·

104 1109 187 1175 didit
213 1111 392 1178 ..Datum
418 1114 450 1178 in
476 1113 557 1178 festo
584 1113 753 1180 beatorum
778 1115 870 1180 Petri
897 1121 931 1180 et
955 1115 1052 1181 Pauli
1077 1116 1235 1201 apostolo-

104 1240 185 1298 rum,
210 1239 295 1286 anno
320 1221 440 1287 domini
471 1221 523 1286 Μο
547 1220 669 1289 0001110
688 1222 793 1288 ΧΙι1110
819 1244 921 1304 non03
944 1223 1081 1290 dominis
1107 1223 1235 1290 Briccio

104 1329 276 1411 preposito,
301 1328 431 1396 Mathia
444 1330 574 1408 lectore,
600 1327 742 1413 Georgia
766 1337 897 1396 cantore
922 1338 955 1395 et
980 1333 1080 1396 Petro
1105 1331 1237 1396 custode

104 1433 238 1501 ecclesie
255 1443 363 1502 nostre
379 1437 598 1504 existentibus.

210 1600 236 1649 A
249 1601 341 1664 peccet
353 1601 416 1650 zbld
428 1601 456 1651 es
479 1603 559 1652 verus
583 1599 817 1665 selyemsodraton
840 1603 915 1668 ittgg,
935 1619 951 1652 a
964 1604 1189 1669 chyrographum
1201 1617 1234 1652 aa

103 1688 213 1738 olrleve'l
227 1690 287 1739 also
300 1690 391 1741 stelen
405 1705 467 1740 van.
486 1691 625 1756 Eredetije
638 1707 670 1741 az
694 1706 762 1742 orsu.
776 1693 807 1741 lt.
822 1692 921 1742 kincst.
935 1699 1002 1744 oszt.
1017 1694 1050 1744 N.
1060 1694 1094 1743 R.
1108 1693 1140 1742 A.
1159 1697 1234 1742 1509.

101 1784 125 1827 4.
139 1777 209 1841 dipl.
223 1785 293 1828 osz't.
304 1785 382 1829 4056.
402 1780 497 1829 szli:
519 1781 627 1831 Kovtcs
640 1783 673 1831 N.

633 2109 706 2169 158.

103 2266 199 2328 1340.
208 2267 284 2370 jora.
301 2265 353 2330 30.
371 2263 400 2328 Α
418 2263 516 2330 bedar·
539 2266 694 2352 lodptoloa
719 2266 788 2331 aba
806 2267 924 2332 Heocal
946 2269 1032 2332 zaidd
1054 2273 1119 2355 aeje
1136 2269 1235 2351 Sabo,

249 2371 408 2437 O-Badria
424 2397 479 2460 epy
495 2375 587 2438 bdzat
604 2373 714 2440 Simon
730 2375 994 2462 kocsiqydrtdaalc
1010 2375 1089 2441 elad.

211 2533 401 2617 Capitulum
417 2536 578 2602 Budensis
604 2537 735 2602 ecclesie
752 2587 758 2600 .
775 2586 782 2600 .
799 2538 841 2602 ad
866 2539 1087 2604 universorum
1104 2591 1110 2604 .
1128 2588 1134 2602 .
1152 2541 1233 2604 noti-

100 2644 184 2708 ciam
213 2693 245 2707 ..
271 2645 416 2708 volumus
450 2644 627 2726 pervenire,
664 2645 749 2726 quod
778 2644 865 2711 Saba
889 2645 1007 2711 mulier
1030 2647 1128 2711 iudea
1153 2669 1233 2712 uxor
1337 2665 1344 2680 ·

99 2752 229 2816 Heccul
265 2751 360 2828 iudei,
384 2750 452 2816 filia
476 2751 626 2818 videlicet
659 2752 785 2817 Mossul
820 2753 969 2818 similiter
993 2753 1089 2832 iudei,
1116 2775 1175 2838 pro
1202 2775 1235 2819 se

98 2859 326 2943 personaliter,
342 2861 409 2926 vice
424 2866 458 2924 et
473 2861 601 2925 nomine
617 2861 694 2926 dicti
711 2863 818 2927 mariti
836 2863 885 2926 sui
896 2863 938 2927 ab
949 2885 1022 2942 uua,
1039 2868 1072 2927 et
1081 2864 1236 2946 magister

98 2968 216 3034 Simon
242 2969 466 3052 carpentarius
496 2976 589 3052 parte
618 2969 660 3034 ab
685 2970 788 3034 altera
818 2991 926 3036 coram
956 2970 1049 3036 nobis
1075 2972 1236 3049 consituti,

97 3077 217 3142 eadem
232 3076 321 3142 Saba
346 3077 463 3141 mulier
486 3077 581 3142 iudea
597 3099 656 3160 pro
672 3099 706 3142 se
732 3078 951 3160 personaliter,
976 3079 1044 3142 vice
1060 3085 1094 3142 et
1109 3078 1236 3142 nomine

97 3185 262 3270 sepedicti
287 3187 396 3250 mariti
412 3188 461 3251 sui
479 3237 486 3252 .
502 3237 509 3252 .
526 3193 576 3252 est
600 3186 745 3252 confessa
770 3206 807 3250 eo
833 3186 934 3264 modo,
959 3187 1046 3270 quod
1072 3187 1236 3269 quandem

96 3293 234 3360 domum
250 3294 413 3377 lapideam
422 3315 494 3360 cum
505 3295 645 3360 sessione
661 3295 824 3376 quondam
840 3292 975 3378 Georgii
991 3294 1071 3360 dicti
1082 3293 1235 3372 Zakalus,

97 3401 323 3467 mediantibus
339 3402 412 3466 aliis
437 3403 540 3468 literis
565 3405 684 3468 nostris
704 3404 832 3486 pignori
858 3403 1042 3486 obligatam,
1068 3409 1101 3467 et
1124 3404 1235 3468 multis

95 3509 303 3594 temporibus
319 3529 377 3593 per
392 3531 564 3575 usurarum
580 3509 887 3594 augmentecionem,
903 3511 1107 3594 postmodum
1123 3510 1235 3576 ordine

96 3619 181 3682 iuris
199 3617 263 3681 sibi
279 3622 312 3680 et
328 3617 415 3682 dicto
430 3619 549 3682 marito
566 3639 624 3682 suo
649 3625 804 3702 perpetuo
830 3617 1021 3696 devolutam,
1047 3623 1085 3682 ut
1101 3618 1160 3684 heo
1177 3617 1236 3682 Ni·

95 3727 214 3790 oolaus
241 3731 275 3790 et
300 3724 449 3790 Paulban
466 3732 543 3792 tuno
566 3726 666 3790 iurati
692 3732 760 3791 tam
784 3725 998 3809 personaliter
1023 3726 1237 3808 comparendo

95 3853 202 3914 quam
218 3833 323 3898 eciam
347 3833 562 3898 mediantibus
586 3833 689 3898 literis
714 3854 825 3898 eorum
851 3833 924 3898 inde
950 3833 1104 3898 coniectis
1128 3853 1237 3898 coram

95 3942 195 4008 uobis
212 3941 430 4020 declararunt,
446 3944 479 4006 in
495 3941 608 4010 Veteri
624 3942 721 4008 Buda
740 3943 773 4007 in
797 3943 963 4007 vicinitate
980 3941 1093 4006 domus
1109 3939 1236 4006 domine

95 4051 216 4117 relicte
242 4039 388 4114 Emerici
414 4051 611 4128 existentem,
632 4071 704 4115 cum
729 4050 878 4115 omnibus
903 4051 969 4114 suis
995 4049 1179 4114 attinenciis
1205 4055 1237 4112 et

94 4157 239 4225 edificiis
255 4157 289 4221 in
305 4157 387 4222 facie
403 4155 546 4223 eiusdem
570 4158 720 4223 sessionis
745 4157 967 4240 existentibus,
992 4157 1088 4223 salvis
1113 4155 1237 4221 iuribus

94 4269 244 4334 aliorum
261 4266 511 4343 remanentibus,
529 4273 562 4330 et
577 4265 719 4349 undique
738 4265 780 4330 ad
796 4266 930 4330 eandem
949 4264 988 4329 de
1004 4267 1074 4330 inre
1091 4271 1236 4347 spectan-

95 4374 199 4451 tibus,
216 4373 365 4456 predicto
381 4373 539 4456 magistro
556 4373 679 4438 Simoni
696 4373 900 4456 carpentario
916 4380 949 4436 et
964 4393 1022 4455 per
1039 4392 1237 4454 consequens

94 4483 232 4547 domine
257 4479 471 4564 Margaretbe
496 4482 590 4545 uxori
606 4487 639 4545 et
654 4478 750 4546 Olare
765 4479 831 4544 filie
849 4479 992 4544 eiusdem
1007 4501 1067 4564 pro
1084 4487 1237 4562 quatuor-

95 4591 205 4656 decim
231 4587 365 4653 florenis
390 4590 496 4654 aureis
522 4638 528 4653 .
546 4638 553 4652 .
578 4587 818 4654 vendidisset..
836 4589 1060 4671 possidendam
1077 4637 1084 4652 .
1101 4638 1108 4653 .
1125 4588 1237 4652 literas

94 4705 210 4764 autern
237 4703 367 4762 nostras
393 4696 667 4779 impignoraticias
683 4703 944 4779 prememoratas,
971 4718 1010 4760 ex
1026 4717 1072 4776 eo,
1096 4696 1174 4777 quia
1201 4701 1237 4760 ut

1081 4821 1133 4874 19*
