3138 5462
497 478 592 546 1347.
610 500 680 545 nnc.
700 477 749 546 16.
1134 479 1196 548 163

82 657 258 742 asserebant,
284 681 343 744 pro
367 661 482 744 viginti
512 662 629 727 marcis
656 661 863 726 denariorum
887 662 1118 731 wiennensium
1134 666 1198 730 sin-

84 771 154 855 gulis
178 771 286 834 decem
312 770 419 852 pensis
445 771 639 852 computatis
665 769 706 835 ab
731 769 850 834 eisdem
875 791 914 834 ex
939 771 1064 855 integro
1079 773 1199 840 habitis

82 887 108 944 et
121 877 258 960 receptis,
274 883 344 963 tam
360 877 446 961 ipsos
463 897 561 958 quam
578 899 776 943 successores
793 898 867 942 suos
892 878 962 942 iure
979 886 1135 964 perpetuo
1151 882 1198 946 di-

81 989 220 1051 miserunt
235 985 377 1067 quitatos
387 980 468 1069 (igy)
484 985 603 1051 liberos
620 1007 745 1070 semper
756 991 790 1050 et
799 986 973 1069 expeditos,
990 988 1190 1054 excludendo

81 1096 149 1160 aiios
163 1096 188 1159 si
203 1095 259 1174 qui
275 1093 383 1175 plures
400 1112 497 1173 quam
522 1095 738 1177 prenominati
764 1094 797 1158 in
823 1093 976 1178 prelibati
992 1097 1096 1179 patris
1113 1098 1196 1180 ipso-

80 1225 140 1267 rum
155 1209 252 1266 morte
268 1203 333 1265 sint
350 1207 510 1280 nocentes,
526 1208 563 1266 ut
586 1207 732 1284 tempore
757 1209 789 1267 et
813 1202 883 1267 looo
908 1205 1097 1288 opportunis
1122 1227 1194 1270 cum
1217 1190 1227 1268 ¹,

78 1313 146 1395 ipsis
155 1309 287 1374 facultas
303 1315 454 1394 suppetat
463 1309 532 1374 iure
542 1311 748 1374 conveniendi
759 1331 821 1388 eos,
837 1309 979 1376 habeant
990 1318 1192 1396 potestatem.

78 1421 254 1503 Obligantes
270 1439 304 1482 se
320 1417 406 1501 quod
427 1419 454 1482 si
470 1419 532 1501 ipsi
546 1418 596 1482 vel
613 1421 756 1502 ipsorum
782 1418 899 1503 aliquis
916 1469 922 1482 .
940 1471 946 1484 .
964 1421 1094 1484 racione
1110 1421 1194 1485 dicte

78 1529 177 1593 nortis
192 1531 305 1591 contra
322 1575 328 1588 .
345 1575 352 1588 .
369 1547 426 1609 pre
443 1547 610 1609 expressos
626 1526 730 1591 denuo
746 1525 836 1590 litem
853 1527 1055 1606 suscitarent,
1075 1534 1192 1592 extunc

77 1645 228 1719 tamquam
237 1633 314 1699 vieti
331 1633 405 1698 ..in
422 1634 529 1699 duello
545 1641 658 1700 contra
669 1637 755 1719 ipsos
766 1687 772 1700 .
783 1684 790 1699 .
802 1641 991 1700 remaneant
1006 1685 1031 1699 ..
1048 1657 1084 1700 eo
1095 1635 1190 1700 iacto.

77 1745 186 1809 Datum
210 1743 346 1808 sabbato
361 1744 508 1827 proximo
526 1743 726 1828 postsestum
741 1743 829 1809 beati
846 1743 880 1810 N
881 1744 975 1809 icolai
991 1743 1190 1820 confessoris,

78 1873 152 1916 anno
166 1851 284 1916 domini
301 1850 353 1915 Μ0
379 1849 477 1919 000ο
502 1852 607 1916 XL¹¹¹⁰
624 1851 768 1935 septimo.

170 2015 235 2064 zold
249 2015 278 2064 es
291 2017 372 2063 noros
386 2017 489 2078 selyem
502 2015 607 2066 kriczon
621 2017 731 2080 foggort
753 2015 845 2078 penset
866 2017 1044 2079 nyonraiva13
1064 2013 1194 2078 eredetije

75 2105 130 2154 aN.
144 2107 332 2156 Muaeumben.

75 2665 160 2726 1347.
175 2663 235 2728 dec.
254 2663 304 2724 16.
322 2661 431 2726 [stacta
446 2663 589 2728 100100εαὶ
604 2663 701 2745 aaa,
714 2663 847 2750 Soroopy
862 2663 980 2730 Gitrzor
990 2669 1021 2728 e‘a
1034 2665 1192 2750 Bararryc

204 2772 384 2857 odrrnepyei
399 2770 548 2834 birtokait
563 2772 814 2836 crirrokorraiaok
830 2771 1049 2858 ajdnde'kozza.

169 2933 355 3016 Stephanus
381 2981 410 2996 ..
436 2932 696 3017 archiepiscopus
721 2932 904 3000 Oolocensis
939 2935 1075 3018 aulaque
1102 2937 1189 3018 regie

70 3041 281 3134 cancellarius,
297 3039 514 3124 significamus
532 3091 561 3105 ..
588 3041 673 3123 quod
699 3063 756 3106 nos
782 3042 947 3106 universas
972 3045 1188 3124 possessiones

70 3157 187 3214 nostras
201 3147 347 3213 emtioias
363 3148 486 3213 scilicet
502 3154 534 3212 et
554 3149 665 3231 quovis
690 3148 755 3213 alio
771 3147 877 3243 colore
903 3155 934 3212 et
960 3150 1053 3215 modo
1078 3152 1185 3233 acqui·

67 3260 149 3334 sitas,
174 3259 205 3323 in
230 3256 437 3322 comitatibus
463 3256 646 3340 simigiensi
673 3255 888 3322 Gwmuriensi
914 3257 1009 3322 etde
1035 3257 1189 3341 Baranya

68 3367 197 3446 habitas,
212 3367 400 3431 donavimus
418 3365 526 3430 comiti
542 3365 678 3431 Nicolao
689 3366 755 3431 filio
772 3366 869 3431 Pauli
885 3365 980 3431 fratri
999 3373 1107 3431 nostro
1121 3373 1190 3431 ute-

65 3477 130 3539 rino
146 3482 178 3540 et
192 3475 218 3540 J
218 3475 337 3539 ohanni
353 3473 420 3538 filio
437 3473 580 3538 eiusdem
596 3495 634 3538 ac
650 3475 804 3556 magistro
821 3471 920 3539 Gallo
936 3473 1002 3537 filio
1018 3473 1188 3539 Benedicti

65 3583 206 3647 similiter
229 3582 325 3646 fratri
350 3587 469 3663 nostro,
492 3581 571 3664 ipsis
597 3583 817 3664 communiter,
848 3603 957 3646 amore
982 3581 1124 3646 fraterne
1144 3582 1190 3645 di-

64 3691 206 3755 leccionis
222 3688 417 3767 eorumdem,
433 3689 466 3754 in
482 3687 566 3754 filios
582 3687 722 3753 filiorum
747 3711 877 3754 suorum
896 3695 1052 3772 perpetuo
1070 3738 1075 3752 .
1093 3740 1099 3753 .
1116 3711 1187 3773 pos·

64 3798 209 3863 sidendaa
226 3847 233 3862 .
251 3849 257 3860 .
275 3797 315 3861 In
332 3797 422 3862 cuius
442 3796 627 3862 donacionis
650 3797 748 3862 robur
767 3803 959 3880 perpetuum
984 3797 1188 3879 presentibus

61 3907 178 3970 eislem
204 3903 348 3986 sigillum
373 3911 519 3969 nostrum
545 3903 744 3968 autenticum
775 3903 924 3968 duximus
949 3903 1186 3987 apponendum.

60 4011 183 4077 Datum
199 4012 301 4091 Bude,
317 4011 447 4077 infesto
463 4013 566 4078 saneti
583 4011 739 4096 Stephani
755 4012 1004 4098 protomartiris
1030 4033 1113 4076 anno
1130 4013 1185 4076 do-

60 4121 133 4183 01101
149 4119 228 4182 ΜΙηο
244 4116 471 4184 000““’ΧΙ1110
487 4121 631 4204 septimo

158 4283 202 4332 Aa
214 4282 247 4344 ep
258 4283 349 4344 penset
359 4281 422 4330 ziild
432 4284 534 4344 eelyem
547 4282 679 4333 ezaiakon
690 4283 765 4346 stigg.
776 4281 952 4345 Eredetijeaz
964 4283 1071 4331 orauit.
1081 4282 1183 4331 kincst.

58 4380 119 4418 osai„
135 4373 167 4420 N,
182 4373 217 4420 R.
232 4373 264 4422 Α.
280 4378 339 4422 944.
354 4378 377 4421 7.
390 4373 456 4433 dipl.
471 4377 541 4434 osyt.
555 4377 632 4420 3959.
647 4372 745 4422 Kozli:
766 4373 874 4422 Kovtcs
884 4373 918 4422 N.

541 4585 701 4594 a*
