3138 5462
347 450 391 512 84
696 465 884 512 1110111111
900 451 1114 512 ouutrsrrlu.

342 649 460 708 corum,
476 627 592 693 deinde
608 630 670 692 iret
686 627 728 692 ad
744 649 862 712 aquam
881 626 974 712 Sayo,
991 602 1023 692 et
1038 629 1211 693 iuxtaeam
1222 626 1276 692 ubi
1286 625 1472 692 flecteretur

340 737 385 801 ibi
400 742 485 800 esset
500 741 595 815 meta,
612 735 685 801 inde
702 735 950 819 progrederetur
975 739 1066 801 iuxta
1082 737 1218 800 eundem
1234 734 1366 800 flauum
1382 734 1469 819 Saye

341 845 487 928 superius
504 851 537 909 et
552 845 676 910 reniret
692 844 733 909 ad
748 843 880 909 fluuium
898 843 1089 924 Zeohuiche,
1105 851 1139 909 et
1155 842 1471 910 caderetinfluvium

341 951 434 1036 Saye,
450 953 524 1017 iude
540 959 648 1018 autem
664 953 891 1036 regrederetur
906 956 1054 1035 superius
1071 955 1161 1018 iuxta
1186 953 1320 1018 eandem
1347 972 1470 1035 aquam

342 1058 533 1138 Zechniohe,
549 1082 611 1143 que
637 1066 804 1144 separaret
821 1066 954 1151 'terram
969 1059 1167 1143 Vingualow‚
1184 1066 1217 1124 et
1233 1080 1348 1142 parum
1364 1079 1474 1144 proce·

343 1167 448 1232 dendo
464 1167 593 1232 caderet
609 1168 641 1231 in
658 1189 776 1251 uquam
793 1166 932 1249 Rekche,
959 1173 992 1232 et
1008 1167 1099 1232 iuxta
1115 1167 1225 1232 villam
1242 1165 1375 1249 Oupech
1390 1173 1476 1232 esset

342 1282 430 1341 meta
446 1277 681 1342 conterminata
690 1282 776 1341 terre
786 1275 905 1356 danus,
920 1276 994 1340 inde
1005 1277 1137 1352 caderet
1147 1275 1188 1340 ad
1198 1275 1333 1339 eandem
1342 1274 1477 1340 Rehohe

342 1390 375 1448 et
390 1384 454 1448 iret
469 1384 602 1449 iuferius
619 1384 660 1448 ad
676 1385 817 1468 priorem
833 1391 961 1459 metam,
980 1385 1036 1448 ubi
1052 1383 1199 1466 prefatus
1219 1383 1341 1450 rivulus
1357 1383 1477 1448 Kezeu·

344 1491 377 1554 in
393 1491 526 1556 Rekohe
543 1491 680 1556 caderet.
705 1490 853 1575 Quarum
869 1491 998 1574 quidem
1013 1491 1184 1556 literarum
1201 1492 1320 1556 domini
1342 1490 1477 1556 Andree

345 1600 431 1682 regis
457 1600 593 1682 predicti
610 1621 648 1664 ac
664 1600 807 1664 iamdicti
832 1599 968 1683 capituli
999 1600 1131 1664 ecclesie
1155 1597 1325 1682 Agriensis
1350 1599 1479 1683 privile-

345 1707 476 1789 gialium
494 1709 660 1773 tenoribus
671 1707 818 1790 partibus
828 1728 885 1772 suo
896 1708 989 1772 modo
1006 1708 1157 1792 perlectis
1173 1715 1206 1773 et
1221 1707 1391 1791 expositis,
1402 1707 1479 1790 quia

343 1815 376 1878 in
393 1815 486 1880 dictis
503 1816 606 1879 literis
622 1815 875 1898 privilegialibus
892 1815 992 1899 ipsius
1008 1816 1126 1880 domini
1144 1814 1276 1880 Andree
1292 1816 1378 1898 regis
1395 1821 1479 1880 mete

344 1924 444 2006 ipsius
461 1923 670 2007 possessionis
687 1923 815 1989 Nicolai
832 1925 910 1988 dieti
926 1923 1054 2007 Cynege
1071 1923 1189 1988 Kezeu
1205 1929 1316 1988 uocate
1334 1925 1478 1990 seriatim

346 2033 601 2112 continebantur,
626 2033 787 2098 acaciam
812 2031 949 2114 quedam
982 2038 1071 2097 terro
1096 2032 1350 2097 oduaruieorum
1376 2033 1479 2098 eidem

344 2141 537 2223 possessioni
562 2141 661 2206 Kezw
685 2147 797 2206 vocate
822 2141 926 2206 vicina
958 2141 1026 2205 fore
1051 2141 1284 2224 reperiebatur,
1309 2141 1341 2205 in
1367 2148 1479 2206 tenore

346 2254 453 2312 autem
468 2248 628 2333 privilegii
645 2249 792 2332 superius
816 2249 974 2313 nominati
999 2248 1132 2331 capituli
1157 2247 1289 2312 ecclesie
1305 2247 1479 2331 Agriensis

344 2379 402 2440 per
427 2363 678 2440 prememoratus
705 2357 906 2440 Stephanum
931 2363 964 2422 et
989 2356 1178 2422 Lorandum
1209 2355 1291 2420 filios
1317 2354 1478 2441 Stephani

345 2463 404 2529 filii
421 2464 529 2530 Tehrrs
545 2466 579 2530 in
595 2465 678 2530 filios
695 2466 835 2530 filiorum
851 2465 1036 2530 eorumdem
1061 2471 1248 2548 prenotatos
1264 2473 1478 2532 memoratam

344 2574 577 2655 possessionem
593 2572 785 2640 Warfeulde
800 2579 947 2639 vocatam
973 2574 1099 2639 nomine
1125 2573 1204 2638 iuris
1229 2574 1373 2658 ipsorum
1388 2574 1480 2638 here·

346 2681 455 2746 ditarii
472 2681 598 2745 domine
614 2681 727 2746 matris
744 2681 886 2746 eiusdem
902 2682 928 2745 J
929 2682 1065 2747 ohannis
1081 2680 1276 2746 filiiNicolai
1293 2681 1389 2747 simul
1405 2703 1477 2747 oum

345 2789 543 2870 possessione
573 2787 766 2871 Nogrekche
798 2796 911 2854 vocata
942 2811 1001 2873 pro
1032 2790 1214 2854 omnimoda
1255 2790 1479 2856 satisfaccione

346 2901 462 2978 quarte
478 2895 586 2961 filialis
605 2895 731 2961 domine
756 2903 933 2962 memorate
949 2898 1027 2962 dota
1043 2904 1076 2961 et
1092 2898 1222 2976 collata,
1240 2899 1408 2984 ipsamque
1426 2898 1480 2962 do

345 3005 465 3069 minam
481 3003 628 3069 relictam
643 3003 771 3070 Nicolai
787 3027 825 3070 ac
840 3006 1003 3089 prefatum
1018 3007 1044 3070 J
1045 3007 1204 3072 ohannem
1220 3005 1321 3071 filium
1337 3007 1478 3072 eiusdem

346 3111 475 3177 Nioolai
490 3111 532 3176 ab
547 3111 694 3177 omnibus
718 3114 847 3178 racione
874 3113 1034 3178 dictarum
1059 3114 1296 3198 possessionum
1320 3114 1479 3197 impetito-

346 3220 435 3285 ribus
452 3226 484 3284 et
500 3220 672 3285 molestare
692 3221 871 3286 volentibus
896 3221 1037 3287 liberare
1053 3228 1087 3287 et
1102 3221 1251 3305 expedire
1268 3273 1274 3286 .
1292 3273 1298 3286 .
1316 3243 1355 3287 ao
1370 3222 1403 3286 in
1420 3223 1478 3286 eis-

348 3329 421 3394 dem
436 3326 568 3412 pacifice
593 3349 783 3394 conservare
800 3329 998 3412 assumsisse,
1023 3335 1080 3395 aut
1105 3329 1132 3394 si
1157 3330 1292 3395 eandem
1316 3328 1479 3397 dominam

347 3443 380 3500 et
395 3437 501 3519 ipsum
516 3436 541 3502 J
543 3437 702 3502 ohannem
717 3436 817 3502 filium
834 3459 927 3502 suum
943 3459 1039 3523 super
1047 3437 1212 3522 premissis
1228 3437 1479 3521 possessionibus

347 3543 486 3610 liberare
503 3551 535 3609 et
551 3545 701 3628 expedire
716 3552 749 3610 et
764 3546 798 3610 111
813 3545 933 3610 eisdem
949 3566 1138 3611 conservare
1163 3568 1227 3611 nou
1250 3547 1405 3624 valerent,
1428 3567 1480 3611 err-

347 3658 425 3716 tuno
442 3651 546 3717 eidem
572 3651 699 3718 domine
718 3659 750 3716 et
766 3652 852 3718 dicto
877 3652 1023 3718 Johanni
1047 3653 1113 3718 filio
1138 3674 1194 3719 suo
1220 3653 1422 3720 tantumdem
1448 3663 1481 3719 et

347 3759 482 3832 totidem
498 3759 531 3824 in
547 3760 785 3844 expedicionem
801 3761 886 3826 diote
903 3767 1019 3844 quarte
1044 3761 1151 3826 filialis
1167 3760 1207 3825 de
1222 3761 1293 3826 aliis
1309 3763 1480 3845 passessio-

349 3865 444 3930 nibus
460 3866 604 3948 ipsorum
620 3867 723 3933 eidem
742 3868 869 3933 domine
894 3891 933 3933 ao
956 3869 1043 3935 dicto
1068 3868 1213 3934 Johanni
1237 3868 1303 3934 fflio
1328 3892 1386 3934 suo
1402 3871 1481 3936 dare

348 3981 381 4040 et
397 3975 562 4058 assignare
578 3975 704 4056 debere,
732 3977 818 4061 ipsos
834 3977 917 4043 filios
937 3978 1096 4062 Stephani
1121 3977 1180 4042 filii
1205 3977 1314 4044 Tekus
1339 3984 1372 4043 et
1396 3979 1481 4046 filios

348 4081 533 4146 eorumdem
543 4082 702 4166 obligasse
711 4085 965 4167 reperiebantur,
984 4105 1106 4168 nosque
1116 4083 1237 4167 absque
1253 4085 1482 4154 interesseuoia

347 4189 534 4254 eorumdem
558 4188 699 4256 filiorum
716 4189 874 4275 Stephani
890 4191 948 4256 filii
965 4193 1073 4258 Telrus
1090 4198 1122 4256 et
1137 4191 1277 4258 filiorum
1293 4197 1481 4262 eorumdem

349 4295 611 4380 supradictorum
630 4298 663 4361 in
673 4319 772 4364 causa
788 4301 934 4384 superius
951 4300 1115 4366 declarata
1131 4322 1310 4384 congruens
1326 4303 1481 4368 iudicium

348 4404 455 4469 facere
471 4423 535 4469 non
552 4411 746 4487 poteramus,
770 4407 842 4472 ideo
859 4406 1015 4473 baronum
1031 4407 1187 4491 regnique
1202 4407 1359 4474 nobilium
1374 4409 1484 4476 mode-

347 4512 454 4576 rativa
470 4511 703 4579 deliberacione
729 4515 866 4580 consulti
881 4515 1150 4597 commiseramus,
1166 4523 1203 4582 ut
1218 4516 1362 4582 homiues
1378 4521 1484 4584 nostri

349 4619 550 4704 presentibus
568 4621 757 4687 testimoniis
774 4623 906 4704 capituli
932 4623 1063 4689 ecclesie
1078 4624 1269 4705 Waciensis,
1285 4626 1435 4710 partibus
1452 4680 1459 4696 .
1478 4679 1485 4694 .
