3226 5462
368 486 408 549 36
717 486 1134 550 unroononr'onulnrrlu.

282 725 285 741 ,
367 665 468 748 giensi
494 665 693 746 existentem,
721 685 741 728 a
765 663 971 747 porcionibus
1003 664 1262 748 possessionariis
1293 665 1437 748 ipsorum
1462 665 1502 727 in

366 772 477 838 eodem
503 771 624 839 Sancto
649 772 804 838 ladislao
828 772 1015 857 probabitis,
1033 774 1171 838 termino
1189 772 1414 856 preassignato
1439 793 1503 856 per

366 888 469 956 metas
486 901 583 947 novas
600 883 818 974 accumulatas
835 889 1040 967 separassent
1056 889 1088 947 et
1103 883 1333 948 distinxissent.
1349 879 1501 965 Quarum

367 990 497 1070 quidem
514 991 698 1074 pernionum
715 992 1038 1074 posscssionariarum
1054 989 1298 1076 prehabitarum
1313 1010 1392 1054 nore
1414 996 1502 1054 mete

366 1099 412 1163 sic
436 1097 677 1181 distinguntur:
710 1099 797 1180 quod
828 1098 919 1164 iuxta
950 1097 1114 1180 quandam
1138 1101 1224 1164 viam
1250 1119 1313 1180 qne
1338 1097 1427 1164 ducit
1455 1097 1502 1162 ad

366 1203 518 1272 Kairand
548 1229 568 1272 a
597 1212 690 1291 parte
722 1207 883 1288 aquilonis
913 1206 1094 1291 incipiendo
1119 1207 1195 1272 hinc
1220 1214 1250 1272 ct
1277 1208 1351 1272 hinc
1376 1206 1502 1272 directe

367 1312 450 1399 (igy)
477 1321 583 1380 essent
608 1315 670 1381 dne
694 1322 779 1380 mete
804 1322 918 1392 terree,
945 1336 1084 1396 quarum
1109 1337 1174 1381 una
1200 1319 1330 1400 aparte
1346 1314 1502 1380 orientali

366 1431 533 1508 separaret
548 1445 608 1507 pro
632 1425 788 1508 magistro
813 1423 964 1501 Teuteus,
991 1424 1056 1488 alia
1072 1445 1146 1489 vero
1163 1446 1182 1490 a
1198 1431 1291 1508 parte
1307 1422 1502 1489 occidentali

367 1533 490 1598 Thome
515 1539 549 1597 et
573 1532 668 1598 alteri
695 1533 817 1598 Thome
842 1533 1029 1616 prenotatis,
1055 1533 1171 1598 dehinc
1187 1540 1295 1598 autern
1313 1533 1354 1596 ad
1370 1539 1501 1618 partem

367 1639 609 1706 meridionalem
634 1663 692 1726 per
718 1641 852 1706 eandem
885 1642 970 1706 riam
1005 1640 1225 1706 descendendo
1250 1662 1351 1726 prope
1376 1641 1502 1724 priores

366 1757 469 1814 metas
494 1755 601 1814 essent
625 1749 688 1814 due
712 1757 796 1815 mete
821 1757 915 1828 terre,
941 1770 1079 1831 quarum
1104 1771 1169 1815 una
1195 1771 1214 1814 a
1239 1757 1331 1832 parte
1348 1747 1502 1815 orientali

366 1860 523 1942 magistro
540 1857 692 1937 Teuteus,
708 1858 859 1924 aliavero
869 1880 889 1923 a
899 1864 992 1943 parte
1003 1857 1193 1924 occidentali
1210 1858 1334 1924 Thome
1351 1864 1384 1922 et
1401 1857 1501 1922 alteri

368 1967 491 2034 Thome
509 1966 689 2046 antedictis,
715 1967 822 2033 adhuc
838 1989 896 2052 per
913 1966 1047 2032 eandem
1063 1968 1148 2032 niem
1164 1967 1205 2032 ad
1221 1967 1356 2032 eandem
1366 1967 1500 2050 plagam

367 2075 609 2141 meridionalem
624 2075 813 2142 declinando
838 2076 1025 2161 pervenitur
1041 2075 1084 2140 ad
1099 2081 1164 2140 tres
1190 2074 1322 2141 arbores
1339 2076 1412 2160 piri,
1437 2073 1501 2139 sub

368 2183 484 2264 quibus
500 2192 607 2250 essent
633 2184 694 2249 due
719 2189 803 2250 mete
818 2190 932 2266 terreo,
963 2204 1104 2266 quarum
1119 2205 1184 2248 una
1201 2205 1221 2247 a
1236 2189 1330 2267 parte
1346 2182 1500 2248 orientali

367 2293 528 2375 sepedicto
552 2294 708 2376 magistro
734 2292 886 2370 Tenteua
912 2291 977 2358 alia
992 2313 1067 2357 vero
1085 2290 1126 2356 ab
1142 2291 1304 2356 occidente
1322 2291 1445 2357 Thome
1463 2299 1496 2355 et

366 2399 461 2492 alteri
477 2399 600 2466 Thome
616 2400 821 2484 supradictis,
847 2399 964 2465 abhinc
979 2421 1054 2464 vero
1069 2411 1128 2483 per
1143 2398 1285 2464 medium
1301 2399 1403 2480 ipsius
1419 2397 1496 2462 ville

368 2505 480 2573 Sancti
504 2507 652 2574 Ladislai
677 2507 853 2574 inflectitur
888 2516 919 2573 et
953 2507 1042 2572 vadit
1074 2507 1166 2572 iuxta
1192 2506 1359 2573 ecclesiam
1394 2507 1500 2571 sancti

367 2614 513 2680 Ladislai
529 2621 622 2681 extra
637 2616 839 2681 cimeterium
856 2614 1007 2694 eiusdem,
1033 2614 1089 2678 ubi
1104 2621 1180 2679 sunt
1196 2614 1258 2679 due
1274 2621 1358 2680 mete
1383 2621 1500 2694 terrae,
1541 2678 1545 2686 ,

367 2743 505 2804 quarum
539 2745 603 2788 una
628 2723 669 2788 ab
695 2725 818 2788 oriente
852 2729 1028 2787 memorato
1053 2722 1208 2804 magistro
1234 2722 1376 2787 'I'enteus
1407 2742 1500 2805 sepa-

366 2837 454 2894 raret
479 2837 511 2896 et
535 2831 733 2914 distingeret‚
759 2833 824 2895 alia
855 2851 931 2894 vero
966 2829 1089 2894 Thome
1114 2835 1147 2893 et
1173 2829 1267 2894 alteri
1294 2828 1417 2893 Thome
1442 2851 1501 2894 an-

366 2937 502 3017 tedictis,
528 2960 601 3003 cum
616 2945 792 3022 patronatu
808 2939 892 3003 dicte
910 2937 1042 3002 ecclesie
1058 2938 1162 3002 sancti
1182 2935 1326 3003 Ladislai
1348 2937 1501 3002 similiter

365 3049 450 3111 inter
484 3068 518 3113 se
553 3049 647 3131 ipsos,
681 3046 829 3112 videlicet
862 3048 968 3129 ipsum
1002 3047 1193 3130 magistrum
1229 3046 1381 3118 Teutens,
1412 3045 1501 3111 uho-

365 3176 452 3220 mam
477 3161 509 3219 et
534 3155 671 3219 alterum
698 3154 857 3232 Thomam
882 3155 1121 3238 prenominatos
1155 3155 1368 3219 communiter
1392 3153 1501 3236 dispo-

365 3263 469 3327 nendo
485 3312 492 3326 .
509 3311 515 3326 .
532 3261 657 3329 Datum
672 3261 753 3326 feria
768 3267 859 3327 sexta
874 3262 1021 3346 proxima
1037 3268 1111 3328 ante
1127 3269 1258 3327 octavas
1268 3262 1401 3342 Pasche.
1412 3283 1501 3328 anno

366 3371 485 3435 domini
501 3367 553 3434 Μο
577 3368 674 3436 000⁰
699 3369 803 3435 ΧΙι1110
819 3371 964 3454 septimo.

473 3516 497 3564 A
512 3514 583 3578 pessi
595 3514 786 3578 ktptalannak
803 3519 878 3564 1457.
901 3515 972 3577 april
986 3515 1049 3566 5-en
1064 3515 1250 3566 »lraurencius
1264 3516 1384 3566 Tharrias
1405 3515 1502 3566 (lictus

365 3605 398 3655 (le
411 3607 591 3656 Zentlrlaalo«
606 3604 757 3654 kerelnrere
779 3605 1059 3672 renumerantur,
1078 3607 1210 3669 inelynek
1232 3605 1363 3670 eredetije
1377 3621 1499 3672 inegram

369 3710 401 3746 az
415 3711 484 3744 orsz.
498 3697 530 3745 lt.
544 3695 643 3744 kinost.
657 3701 725 3744 oszt.
740 3701 763 3744 8.
781 3701 803 3744 1.
817 3695 883 3758 dipl.
898 3697 929 3744 lt.
945 3699 1022 3746 3898.
1036 3697 1135 3746 Kozli:
1150 3697 1258 3746 Kovacs
1271 3697 1304 3744 N.

850 3875 1010 3883 ——-----—-

907 4021 956 4083 19.

369 4181 464 4244 1347.
483 4179 577 4266 Epor,
595 4201 664 4265 apr.
686 4180 732 4244 11.
749 4177 986 4246 Jdnoaborcodi
993 4178 1342 4268 sdespcresdepitapdlui
1359 4181 1503 4246 vicarius

366 4312 386 4352 a
404 4289 510 4352 Zulrui
538 4287 665 4352 Scindor
674 4287 726 4371 fia
743 4287 848 4351 Peter·
868 4290 899 4352 cs
932 4291 1039 4355 Verezc‘
1064 4291 1170 4353 Ko'cdr
1194 4289 1370 4371 Milcldefiu
1395 4289 1502 4354 Jdnos

726 4395 809 4459 ltdzlt’
822 4405 917 4482 lippet
932 4395 1128 4482 eldudzszlp'u.

475 4557 545 4624 Nos
561 4559 716 4642 magister
731 4557 900 4624 lohannes
920 4557 1166 4624 archidiaconns
1176 4557 1398 4624 Borsodiensis
1414 4559 1502 4625 vica·
1604 4586 1605 4589 ¹

368 4665 502 4750 riusque
519 4718 525 4732 .
543 4718 549 4732 .
567 4666 695 4733 Nicolai
712 4717 719 4732 .
736 4717 743 4732 .
761 4668 901 4750 episcopi
926 4665 1098 4749 Agriensis
1114 4667 1147 4730 in
1165 4667 1387 4750 spiritualibus
1404 4688 1503 4752 gene-
