3192 5466
375 486 438 550 121
746 495 933 551 nnsonnonr
950 483 1163 551 ornlrrrln.

908 671 979 731 110.

377 813 559 896 13481119.
578 813 630 874 21.
648 808 678 874 A
689 810 882 896 persedradi
897 819 1026 873 convent
1040 809 1110 874 elta
1126 809 1222 874 Iloua
1237 831 1367 895 anezony
1381 809 1508 896 e'sfe'rje

375 919 546 998 Demoleos,
572 917 838 982 Polior-Nadasd
862 925 942 980 aava
961 915 1126 982 birtokdao
1151 940 1206 1002 epp
1228 915 1347 994 szdlldt,
1374 916 1507 1003 Geryely

516 1025 707 1112 praeparati
719 1024 898 1110 polqcirook
914 1026 1025 1088 ho'rom
1042 1023 1205 1088 andreaea
1221 1023 1366 1088 ehdnak.

483 1169 553 1235 Nos
579 1174 753 1234 conventus
778 1167 965 1232 monasterii
991 1167 1218 1232 Waradiensls
1243 1169 1396 1232 memorie
1419 1191 1503 1234 oom-

276 1323 278 1328 =
376 1280 566 1346 mandamus
584 1329 589 1342 .
608 1327 615 1342 .
632 1277 718 1361 quod
743 1276 873 1340 domina
897 1297 1026 1340 consors
1052 1275 1216 1340 Dominioi
1243 1278 1353 1358 generi
1376 1277 1507 1343 Anthus

376 1391 473 1455 Iloua
490 1393 611 1468 venata,
627 1405 767 1450 unaoum
783 1384 895 1449 eodem
911 1383 1083 1448 Dominioo
1108 1383 1236 1448 domiuo
1261 1391 1294 1448 et
1318 1387 1435 1451 marito
1450 1409 1508 1452 suo

377 1499 416 1563 de
432 1496 673 1564 Polrlusnadast
693 1494 735 1560 ab
751 1515 816 1559 una
840 1499 944 1577 parte,
970 1495 1048 1558 item
1074 1490 1233 1576 Gregorio
1258 1491 1324 1558 filio
1348 1494 1508 1559 Kelemen

376 1607 486 1690 magui
502 1605 541 1669 de
557 1603 687 1668 civitate
703 1601 913 1666 Waradiensi
930 1601 971 1666 ab
987 1600 1091 1666 altera
1117 1622 1225 1665 eoram
1250 1601 1342 1666 uobis
1358 1624 1507 1686 persona-

376 1715 451 1779 liter
469 1718 699 1796 comparentes
718 1710 830 1774 eadem
840 1709 971 1774 domina
987 1709 1081 1774 Iloua
1091 1714 1124 1772 et
1134 1709 1307 1775 iamdictus
1317 1711 1508 1776 Dominicns

377 1823 514 1888 maritus
531 1820 675 1886 eiusdem
700 1825 776 1884 suut
791 1817 927 1883 confessi
945 1867 951 1880 .
970 1869 975 1882 .
993 1818 1080 1899 quod
1104 1819 1167 1900 ipsi
1192 1818 1357 1898 quandam
1382 1820 1508 1884 vineam

377 1933 520 2016 ipsorum
534 1932 568 1994 in
583 1927 747 1994 territorio
763 1925 906 2008 predicte
921 1925 996 1991 ville
1012 1925 1260 1990 Poklusnadasd
1275 1926 1367 1990 iuxta
1383 1927 1508 1990 vineam

377 2039 520 2105 eiusdem
535 2036 687 2120 Gregorii
702 2057 722 2100 a
737 2041 831 2118 parte
856 2034 1007 2099 orientali
1024 2033 1223 2117 existentem,
1249 2034 1356 2099 eidem
1381 2034 1508 2100 domine

378 2147 472 2213 Iloua
488 2168 507 2210 a
523 2146 622 2210 Petro
638 2143 704 2208 filio
720 2143 862 2207 Emerioi
878 2141 937 2206 filii
954 2143 1060 2208 Blasii
1085 2143 1192 2226 priore
1208 2145 1327 2207 marito
1343 2164 1401 2208 suo
1417 2143 1510 2207 devo-

379 2258 493 2336 lutam,
511 2252 682 2318 habentem
697 2251 818 2314 vioinos
829 2256 862 2313 et
871 2247 1120 2315 conterminales
1130 2247 1302 2314 Nicolaum
1318 2249 1423 2314 filium
1439 2271 1510 2333 pre·

373 2365 438 2431 lati
453 2361 596 2429 Emerioi
621 2360 680 2424 filii
697 2359 801 2424 Blasii
817 2357 859 2422 ab
876 2356 1007 2436 oriente,
1033 2357 1196 2439 quandam
1213 2357 1361 2422 silvulam
1377 2357 1508 2424 Nicoloi

378 2473 436 2538 filii
452 2470 543 2537 Petri
559 2490 579 2533 a
594 2467 736 2548 meridie,
761 2465 897 2530 eundem
923 2461 1118 2548 Gregorium
1135 2471 1262 2547 aparte
1287 2466 1463 2531 oooideutis
1480 2474 1510 2529 et

378 2581 463 2644 viam
472 2573 899 2662 magnamaseptemtrione‚
909 2572 1094 2657 supradicto
1106 2570 1265 2656 Gregorio
1275 2572 1510 2638 filioKelemeu

379 2687 488 2770 magni
503 2707 562 2771 pro
578 2683 681 2749 tribus
697 2681 815 2747 mareis
828 2679 1035 2746 denariorum
1050 2679 1225 2758 banalium
1241 2702 1383 2746 maroam
1398 2701 1511 2762 quam·

379 2798 459 2862 libet
475 2817 547 2860 oum
563 2815 618 2860 sex
633 2791 741 2878 pensis
758 2789 981 2873 computando,
1001 2789 1094 2872 plene
1110 2788 1231 2854 habitis
1256 2795 1288 2853 et
1313 2790 1452 2872 receptis
1471 2789 1511 2853 ab

379 2905 499 2983 eodem,
515 2909 547 2968 et
567 2923 624 2985 per
649 2921 722 2964 eum
739 2898 804 2963 suis
829 2896 1003 2961 heredibus
1020 2947 1026 2960 .
1044 2947 1050 2962 .
1067 2895 1285 2961 vendidissent
1302 2946 1308 2960 .
1325 2947 1332 2960 .
1349 2897 1420 2960 iure
1436 2917 1510 2979 per-

379 3019 476 3098 petuo
501 3061 531 3076 ..
556 3007 781 3094 possidendam
806 3053 837 3068 ..
863 3005 987 3068 Datum
1014 3003 1095 3068 feria
1120 3004 1236 3085 quinta
1260 3005 1408 3087 proxima
1433 3013 1511 3068 aute

379 3128 507 3187 octavas
547 3117 620 3181 festi
652 3113 875 3179 Assumoionis
915 3113 1047 3194 virginis
1079 3112 1235 3194 gloriose,
1275 3133 1359 3176 anno
1390 3111 1514 3176 domiui

381 3227 433 3292 Μ0
457 3223 555 3294 000⁰
579 3223 684 3288 ΧΙιῐ110
701 3227 821 3286 octavo.

487 3371 513 3419 A
525 3365 684 3433 pecsvtradi
696 3363 870 3415 eonventnek
886 3369 962 3414 1358.
976 3363 1040 3427 maj.
1057 3364 1254 3414 10·tu»oomes
1274 3363 1425 3428 Gregorius
1439 3364 1515 3412 filins

380 3463 514 3512 Kelernen
526 3458 621 3523 magni
633 3456 716 3506 iudex
730 3454 763 3504 de
776 3454 890 3504 civitate
903 3457 937 3503 W
939 3453 1092 3504 smolensi«
1107 3453 1258 3503 kerelmere
1272 3453 1383 3503 kladott
1395 3453 1516 3502 etimta-

380 3547 717 3618 ool‚me1ynekeredetiJ'e
731 3561 848 3610 megvau
862 3561 894 3594 aa
908 3561 976 3594 orsz.
999 3547 1031 3594 lt.
1054 3544 1153 3593 kinest.
1177 3549 1244 3592 osnt.
1267 3544 1301 3592 N.
1316 3545 1349 3592 R.
1364 3543 1396 3591 Α.
1413 3549 1476 3592 605.
1494 3552 1515 3593 ῖ,

381 3643 447 3706 dipl.
461 3647 528 3692 oszt.
543 3645 619 3690 3683.
634 3637 733 3685 Kozli:
754 3635 862 3684 Koraos
875 3636 909 3684 N.

895 3798 1024 3806 ..μή-α.-

907 3944 978 4005 111.

383 4091 478 4156 1348.
494 4099 568 4176 sept.
585 4089 614 4153 7.
631 4089 660 4152 A
677 4088 792 4173 azopari
815 4086 970 4173 kdptaluu
986 4081 1132 4168 jeleatdse
1157 4080 1185 4144 Ι.
1215 4080 1310 4164 [ajoa
1334 4078 1518 4167 kirdlfirm,

381 4201 460 4284 liopy
476 4223 497 4261 a
511 4195 655 4263 Caetneki
668 4198 760 4260 Peter
771 4190 1276 4278 qurddodrmepyeialispdnoa
1292 4187 1395 4252 attor
1404 4191 1520 4255 midan

305 4325 309 4334 '
381 4331 437 4393 epp
463 4306 574 4390 toloajt
598 4304 774 4383 elzdratott,
800 4303 954 4367 Haeznosi
979 4300 1139 4364 Demoleos
1154 4299 1185 4360 ds
1197 4296 1243 4375 fia
1258 4295 1342 4360 altat
1357 4294 1520 4360 edcovetelt

569 4413 829 4478 aaralmaatodns
844 4411 1018 4476 rnibeale'tet
1033 4405 1310 4494 meqot’zsqdltotla.

490 4558 650 4624 Lodovioo
667 4607 674 4620 .
692 4607 698 4620 .
715 4557 783 4638 regi
799 4607 805 4622 .
823 4605 830 4619 .
846 4553 1022 4637 capitulum
1048 4551 1180 4616 ecclesie
1206 4547 1292 4612 beati
1317 4548 1461 4612 Martini
1478 4549 1521 4612 de

382 4665 505 4752 Soepns
523 4717 528 4730 .
547 4717 552 4730 .
569 4666 681 4729 literas
698 4673 799 4728 vestre
816 4663 999 4727 serenitatis
1016 4710 1023 4725 .
1039 4713 1045 4726 .
1064 4662 1241 4742 recepimus
1258 4659 1291 4722 in
1315 4658 1375 4722 heo
1391 4657 1519 4724 verba:
