<?xml version="1.0" encoding="UTF-8"?>
<!DOCTYPE html PUBLIC "-//W3C//DTD XHTML 1.0 Transitional//EN"
    "http://www.w3.org/TR/xhtml1/DTD/xhtml1-transitional.dtd">
<html xmlns="http://www.w3.org/1999/xhtml" xml:lang="en" lang="en">
 <head>
  <title>
</title>
<meta http-equiv="Content-Type" content="text/html;charset=utf-8" />
  <meta name='ocr-system' content='tesseract 3.04.00' />
  <meta name='ocr-capabilities' content='ocr_page ocr_carea ocr_par ocr_line ocrx_word'/>
</head>
<body>
  <div class='ocr_page' id='page_1' title='image "./codexdiplomatic06nagygoog_0505.png"; bbox 0 0 3180 5466; ppageno 0'>
   <div class='ocr_carea' id='block_1_1' title="bbox 312 511 1084 572">
    <p class='ocr_par' dir='ltr' id='par_1_1' title="bbox 312 511 1084 572">
     <span class='ocr_line' id='line_1_1' title="bbox 312 511 1084 572; baseline -0.004 -1"><span class='ocrx_word' id='word_1_1' title='bbox 312 513 377 572; x_wconf 83' lang='lat'>490</span> <span class='ocrx_word' id='word_1_2' title='bbox 666 525 852 571; x_wconf 77' lang='lat' dir='ltr'>aurouxoar</span> <span class='ocrx_word' id='word_1_3' title='bbox 870 511 1084 570; x_wconf 78' lang='lat' dir='ltr'>cunturrla.</span> 
     </span>
    </p>
   </div>
   <div class='ocr_carea' id='block_1_2' title="bbox 312 688 1450 991">
    <p class='ocr_par' dir='ltr' id='par_1_2' title="bbox 312 688 1450 991">
     <span class='ocr_line' id='line_1_2' title="bbox 312 688 1449 770; baseline -0.003 -17"><span class='ocrx_word' id='word_1_4' title='bbox 312 691 475 754; x_wconf 82' lang='lat' dir='ltr'>fruetuum</span> <span class='ocrx_word' id='word_1_5' title='bbox 501 695 533 753; x_wconf 90' lang='lat' dir='ltr'>ct</span> <span class='ocrx_word' id='word_1_6' title='bbox 559 688 742 754; x_wconf 73' lang='lat' dir='ltr'>utilitatum</span> <span class='ocrx_word' id='word_1_7' title='bbox 773 689 998 752; x_wconf 85' lang='lat' dir='ltr'>universarum</span> <span class='ocrx_word' id='word_1_8' title='bbox 1018 693 1274 768; x_wconf 89' lang='lat' dir='ltr'>cunctarumque</span> <span class='ocrx_word' id='word_1_9' title='bbox 1294 688 1449 770; x_wconf 88' lang='lat' dir='ltr'>possessi-</span> 
     </span>
     <span class='ocr_line' id='line_1_3' title="bbox 312 795 1450 880; baseline -0.003 -17"><span class='ocrx_word' id='word_1_10' title='bbox 312 820 410 863; x_wconf 87' lang='lat' dir='ltr'>onum</span> <span class='ocrx_word' id='word_1_11' title='bbox 426 817 537 862; x_wconf 90' lang='lat' dir='ltr'>eorum</span> <span class='ocrx_word' id='word_1_12' title='bbox 554 795 691 863; x_wconf 86' lang='lat' dir='ltr'>ubilibet</span> <span class='ocrx_word' id='word_1_13' title='bbox 706 795 916 860; x_wconf 90' lang='lat' dir='ltr'>existencium</span> <span class='ocrx_word' id='word_1_14' title='bbox 943 798 1049 880; x_wconf 90' lang='lat' dir='ltr'>ipsum</span> <span class='ocrx_word' id='word_1_15' title='bbox 1070 797 1140 860; x_wconf 90' lang='lat' dir='ltr'>iure</span> <span class='ocrx_word' id='word_1_16' title='bbox 1157 796 1288 879; x_wconf 91' lang='lat' dir='ltr'>proprio</span> <span class='ocrx_word' id='word_1_17' title='bbox 1313 801 1450 876; x_wconf 85' lang='lat' dir='ltr'>tangen-</span> 
     </span>
     <span class='ocr_line' id='line_1_4' title="bbox 312 903 1450 991; baseline -0.002 -19"><span class='ocrx_word' id='word_1_18' title='bbox 312 909 408 984; x_wconf 91' lang='lat' dir='ltr'>cium,</span> <span class='ocrx_word' id='word_1_19' title='bbox 426 904 609 991; x_wconf 81' lang='lat' dir='ltr'>specialiter</span> <span class='ocrx_word' id='word_1_20' title='bbox 634 905 871 990; x_wconf 86' lang='lat' dir='ltr'>possessionum</span> <span class='ocrx_word' id='word_1_21' title='bbox 896 904 1044 988; x_wconf 83' lang='lat' dir='ltr'>Hydueg</span> <span class='ocrx_word' id='word_1_22' title='bbox 1070 910 1103 968; x_wconf 89' lang='lat' dir='ltr'>et</span> <span class='ocrx_word' id='word_1_23' title='bbox 1126 903 1304 969; x_wconf 84' lang='lat' dir='ltr'>Juanfelde</span> <span class='ocrx_word' id='word_1_24' title='bbox 1320 910 1450 970; x_wconf 80' lang='lat' dir='ltr'>vocata-</span> 
     </span>
    </p>
   </div>
   <div class='ocr_carea' id='block_1_3' title="bbox 200 1010 1450 1098">
    <p class='ocr_par' dir='ltr' id='par_1_3' title="bbox 200 1010 1450 1098">
     <span class='ocr_line' id='line_1_5' title="bbox 200 1010 1450 1098; baseline -0.002 -20"><span class='ocrx_word' id='word_1_25' title='bbox 200 1037 202 1045; x_wconf 57' lang='lat'><em>*</em></span> <span class='ocrx_word' id='word_1_26' title='bbox 313 1037 387 1080; x_wconf 89' lang='lat' dir='ltr'>rum</span> <span class='ocrx_word' id='word_1_27' title='bbox 402 1013 611 1098; x_wconf 91' lang='lat' dir='ltr'>percepcione</span> <span class='ocrx_word' id='word_1_28' title='bbox 627 1011 777 1086; x_wconf 81' lang='lat' dir='ltr'>violenta,</span> <span class='ocrx_word' id='word_1_29' title='bbox 802 1012 884 1077; x_wconf 88' lang='lat' dir='ltr'>facie</span> <span class='ocrx_word' id='word_1_30' title='bbox 901 1010 942 1076; x_wconf 89' lang='lat' dir='ltr'>ad</span> <span class='ocrx_word' id='word_1_31' title='bbox 959 1011 1071 1077; x_wconf 86' lang='lat' dir='ltr'>faciem</span> <span class='ocrx_word' id='word_1_32' title='bbox 1092 1012 1311 1097; x_wconf 80' lang='lat' dir='ltr'>prohibuisset</span> <span class='ocrx_word' id='word_1_33' title='bbox 1326 1019 1360 1078; x_wconf 90' lang='lat' dir='ltr'>et</span> <span class='ocrx_word' id='word_1_34' title='bbox 1377 1034 1450 1078; x_wconf 92' lang='lat' dir='ltr'>con-</span> 
     </span>
    </p>
   </div>
   <div class='ocr_carea' id='block_1_4' title="bbox 313 1115 1456 4774">
    <p class='ocr_par' dir='ltr' id='par_1_4' title="bbox 313 1115 1456 4774">
     <span class='ocr_line' id='line_1_6' title="bbox 313 1115 1452 1207; baseline -0.004 -19"><span class='ocrx_word' id='word_1_35' title='bbox 313 1121 500 1188; x_wconf 85' lang='lat' dir='ltr'>tradixisset</span> <span class='ocrx_word' id='word_1_36' title='bbox 527 1119 736 1207; x_wconf 87' lang='lat' dir='ltr'>prohibendo.</span> <span class='ocrx_word' id='word_1_37' title='bbox 769 1118 917 1204; x_wconf 74' lang='lat' dir='ltr'>Quarum</span> <span class='ocrx_word' id='word_1_38' title='bbox 943 1120 1112 1186; x_wconf 89' lang='lat' dir='ltr'>literarum</span> <span class='ocrx_word' id='word_1_39' title='bbox 1140 1115 1216 1186; x_wconf 84' lang='lat' dir='ltr'>visis</span> <span class='ocrx_word' id='word_1_40' title='bbox 1242 1129 1275 1188; x_wconf 87' lang='lat' dir='ltr'>et</span> <span class='ocrx_word' id='word_1_41' title='bbox 1300 1120 1452 1206; x_wconf 84' lang='lat' dir='ltr'>perlectis</span> 
     </span>
     <span class='ocr_line' id='line_1_7' title="bbox 313 1227 1452 1312; baseline -0.003 -16"><span class='ocrx_word' id='word_1_42' title='bbox 313 1230 487 1307; x_wconf 89' lang='lat' dir='ltr'>tenoribus,</span> <span class='ocrx_word' id='word_1_43' title='bbox 504 1252 577 1295; x_wconf 92' lang='lat' dir='ltr'>cum</span> <span class='ocrx_word' id='word_1_44' title='bbox 593 1231 700 1312; x_wconf 89' lang='lat' dir='ltr'>ipsum</span> <span class='ocrx_word' id='word_1_45' title='bbox 717 1227 918 1312; x_wconf 81' lang='lat' dir='ltr'>Stephanum</span> <span class='ocrx_word' id='word_1_46' title='bbox 935 1228 1039 1294; x_wconf 88' lang='lat' dir='ltr'>filium</span> <span class='ocrx_word' id='word_1_47' title='bbox 1048 1229 1220 1296; x_wconf 80' lang='lat' dir='ltr'>Michaelis</span> <span class='ocrx_word' id='word_1_48' title='bbox 1231 1229 1271 1294; x_wconf 92' lang='lat' dir='ltr'>de</span> <span class='ocrx_word' id='word_1_49' title='bbox 1281 1250 1329 1312; x_wconf 90' lang='lat' dir='ltr'>eo,</span> <span class='ocrx_word' id='word_1_50' title='bbox 1339 1235 1452 1294; x_wconf 88' lang='lat' dir='ltr'>utrum</span> 
     </span>
     <span class='ocr_line' id='line_1_8' title="bbox 314 1335 1450 1422; baseline -0.002 -18"><span class='ocrx_word' id='word_1_51' title='bbox 314 1346 428 1404; x_wconf 90' lang='lat' dir='ltr'>contra</span> <span class='ocrx_word' id='word_1_52' title='bbox 445 1338 582 1402; x_wconf 84' lang='lat' dir='ltr'>sormam</span> <span class='ocrx_word' id='word_1_53' title='bbox 598 1336 759 1401; x_wconf 91' lang='lat' dir='ltr'>dictarum</span> <span class='ocrx_word' id='word_1_54' title='bbox 774 1335 944 1401; x_wconf 91' lang='lat' dir='ltr'>literarum</span> <span class='ocrx_word' id='word_1_55' title='bbox 961 1335 1199 1403; x_wconf 81' lang='lat' dir='ltr'>divisionalium</span> <span class='ocrx_word' id='word_1_56' title='bbox 1210 1341 1450 1422; x_wconf 82' lang='lat' dir='ltr'>etimpignora·</span> 
     </span>
     <span class='ocr_line' id='line_1_9' title="bbox 313 1444 1452 1530; baseline -0.001 -19"><span class='ocrx_word' id='word_1_57' title='bbox 313 1447 471 1516; x_wconf 89' lang='lat' dir='ltr'>toriarum</span> <span class='ocrx_word' id='word_1_58' title='bbox 488 1467 526 1511; x_wconf 88' lang='lat' dir='ltr'>ac</span> <span class='ocrx_word' id='word_1_59' title='bbox 542 1444 810 1528; x_wconf 82' lang='lat' dir='ltr'>obhgatoriarum</span> <span class='ocrx_word' id='word_1_60' title='bbox 826 1450 860 1510; x_wconf 92' lang='lat' dir='ltr'>et</span> <span class='ocrx_word' id='word_1_61' title='bbox 875 1444 1164 1528; x_wconf 89' lang='lat' dir='ltr'>prohibitoriarnm</span> <span class='ocrx_word' id='word_1_62' title='bbox 1174 1447 1209 1510; x_wconf 92' lang='lat' dir='ltr'>in</span> <span class='ocrx_word' id='word_1_63' title='bbox 1224 1447 1338 1530; x_wconf 91' lang='lat' dir='ltr'>aliquo</span> <span class='ocrx_word' id='word_1_64' title='bbox 1356 1445 1452 1510; x_wconf 82' lang='lat' dir='ltr'>vellet</span> 
     </span>
     <span class='ocr_line' id='line_1_10' title="bbox 313 1551 1449 1642; baseline -0.002 -22"><span class='ocrx_word' id='word_1_65' title='bbox 313 1551 443 1620; x_wconf 85' lang='lat' dir='ltr'>obviare</span> <span class='ocrx_word' id='word_1_66' title='bbox 459 1553 509 1618; x_wconf 85' lang='lat' dir='ltr'>vel</span> <span class='ocrx_word' id='word_1_67' title='bbox 524 1574 574 1632; x_wconf 91' lang='lat' dir='ltr'>ne,</span> <span class='ocrx_word' id='word_1_68' title='bbox 589 1553 727 1617; x_wconf 79' lang='lat' dir='ltr'>trinario</span> <span class='ocrx_word' id='word_1_69' title='bbox 743 1573 885 1631; x_wconf 90' lang='lat' dir='ltr'>numero,</span> <span class='ocrx_word' id='word_1_70' title='bbox 901 1561 939 1618; x_wconf 91' lang='lat' dir='ltr'>ut</span> <span class='ocrx_word' id='word_1_71' title='bbox 956 1558 1066 1642; x_wconf 86' lang='lat' dir='ltr'>nostro</span> <span class='ocrx_word' id='word_1_72' title='bbox 1082 1553 1242 1619; x_wconf 90' lang='lat' dir='ltr'>incumbit</span> <span class='ocrx_word' id='word_1_73' title='bbox 1258 1553 1377 1636; x_wconf 82' lang='lat' dir='ltr'>officio,</span> <span class='ocrx_word' id='word_1_74' title='bbox 1393 1553 1449 1618; x_wconf 91' lang='lat' dir='ltr'>ha·</span> 
     </span>
     <span class='ocr_line' id='line_1_11' title="bbox 316 1659 1453 1744; baseline -0.001 -18"><span class='ocrx_word' id='word_1_75' title='bbox 316 1661 489 1727; x_wconf 91' lang='lat' dir='ltr'>bueramus</span> <span class='ocrx_word' id='word_1_76' title='bbox 505 1661 708 1742; x_wconf 88' lang='lat' dir='ltr'>requisitum,</span> <span class='ocrx_word' id='word_1_77' title='bbox 724 1660 809 1725; x_wconf 90' lang='lat' dir='ltr'>idem</span> <span class='ocrx_word' id='word_1_78' title='bbox 825 1659 1010 1744; x_wconf 84' lang='lat' dir='ltr'>Stephanus</span> <span class='ocrx_word' id='word_1_79' title='bbox 1020 1661 1279 1728; x_wconf 82' lang='lat' dir='ltr'>eontrafornram</span> <span class='ocrx_word' id='word_1_80' title='bbox 1289 1662 1453 1728; x_wconf 87' lang='lat' dir='ltr'>dictarum</span> 
     </span>
     <span class='ocr_line' id='line_1_12' title="bbox 313 1769 1452 1856; baseline 0 -22"><span class='ocrx_word' id='word_1_81' title='bbox 313 1770 483 1836; x_wconf 90' lang='lat' dir='ltr'>literarum</span> <span class='ocrx_word' id='word_1_82' title='bbox 501 1769 740 1835; x_wconf 89' lang='lat' dir='ltr'>divisionalium</span> <span class='ocrx_word' id='word_1_83' title='bbox 750 1774 783 1834; x_wconf 90' lang='lat' dir='ltr'>et</span> <span class='ocrx_word' id='word_1_84' title='bbox 800 1769 948 1848; x_wconf 90' lang='lat' dir='ltr'>aliarum,</span> <span class='ocrx_word' id='word_1_85' title='bbox 958 1771 991 1834; x_wconf 94' lang='lat' dir='ltr'>in</span> <span class='ocrx_word' id='word_1_86' title='bbox 1002 1770 1301 1856; x_wconf 88' lang='lat' dir='ltr'>aliquopreterhoc</span> <span class='ocrx_word' id='word_1_87' title='bbox 1311 1777 1349 1836; x_wconf 91' lang='lat' dir='ltr'>ut</span> <span class='ocrx_word' id='word_1_88' title='bbox 1366 1777 1452 1835; x_wconf 84' lang='lat' dir='ltr'>terre</span> 
     </span>
     <span class='ocr_line' id='line_1_13' title="bbox 313 1877 1451 1965; baseline 0 -21"><span class='ocrx_word' id='word_1_89' title='bbox 313 1877 453 1946; x_wconf 88' lang='lat' dir='ltr'>arabiles</span> <span class='ocrx_word' id='word_1_90' title='bbox 468 1879 578 1944; x_wconf 83' lang='lat' dir='ltr'>limate</span> <span class='ocrx_word' id='word_1_91' title='bbox 603 1899 642 1944; x_wconf 87' lang='lat' dir='ltr'>ac</span> <span class='ocrx_word' id='word_1_92' title='bbox 657 1884 754 1960; x_wconf 89' lang='lat' dir='ltr'>prata</span> <span class='ocrx_word' id='word_1_93' title='bbox 778 1884 811 1943; x_wconf 93' lang='lat' dir='ltr'>et</span> <span class='ocrx_word' id='word_1_94' title='bbox 835 1885 1031 1965; x_wconf 85' lang='lat' dir='ltr'>campestres</span> <span class='ocrx_word' id='word_1_95' title='bbox 1051 1899 1111 1944; x_wconf 91' lang='lat' dir='ltr'>neo</span> <span class='ocrx_word' id='word_1_96' title='bbox 1129 1900 1192 1944; x_wconf 93' lang='lat' dir='ltr'>non</span> <span class='ocrx_word' id='word_1_97' title='bbox 1210 1880 1273 1944; x_wconf 90' lang='lat' dir='ltr'>alie</span> <span class='ocrx_word' id='word_1_98' title='bbox 1289 1879 1451 1945; x_wconf 79' lang='lat' dir='ltr'>utilitates</span> 
     </span>
     <span class='ocr_line' id='line_1_14' title="bbox 316 1985 1452 2069; baseline 0.001 -19"><span class='ocrx_word' id='word_1_99' title='bbox 316 1985 502 2052; x_wconf 89' lang='lat' dir='ltr'>earumdem</span> <span class='ocrx_word' id='word_1_100' title='bbox 528 1987 765 2069; x_wconf 88' lang='lat' dir='ltr'>possessionum</span> <span class='ocrx_word' id='word_1_101' title='bbox 797 1993 902 2052; x_wconf 87' lang='lat' dir='ltr'>essent</span> <span class='ocrx_word' id='word_1_102' title='bbox 933 1986 1068 2051; x_wconf 86' lang='lat' dir='ltr'>indiviae</span> <span class='ocrx_word' id='word_1_103' title='bbox 1093 2006 1127 2050; x_wconf 86' lang='lat' dir='ltr'>se</span> <span class='ocrx_word' id='word_1_104' title='bbox 1151 1985 1359 2052; x_wconf 87' lang='lat' dir='ltr'>obviaturum</span> <span class='ocrx_word' id='word_1_105' title='bbox 1384 1987 1452 2051; x_wconf 83' lang='lat' dir='ltr'>fore</span> 
     </span>
     <span class='ocr_line' id='line_1_15' title="bbox 316 2094 1452 2180; baseline 0 -20"><span class='ocrx_word' id='word_1_106' title='bbox 316 2095 485 2179; x_wconf 82' lang='lat' dir='ltr'>allegerat,</span> <span class='ocrx_word' id='word_1_107' title='bbox 495 2094 560 2160; x_wconf 91' lang='lat' dir='ltr'>imo</span> <span class='ocrx_word' id='word_1_108' title='bbox 570 2095 762 2178; x_wconf 83' lang='lat' dir='ltr'>premissam</span> <span class='ocrx_word' id='word_1_109' title='bbox 779 2094 966 2160; x_wconf 82' lang='lat' dir='ltr'>divisionem</span> <span class='ocrx_word' id='word_1_110' title='bbox 975 2100 1133 2180; x_wconf 89' lang='lat' dir='ltr'>perpetuo</span> <span class='ocrx_word' id='word_1_111' title='bbox 1143 2115 1177 2159; x_wconf 91' lang='lat' dir='ltr'>se</span> <span class='ocrx_word' id='word_1_112' title='bbox 1187 2094 1360 2160; x_wconf 84' lang='lat' dir='ltr'>observare</span> <span class='ocrx_word' id='word_1_113' title='bbox 1369 2095 1452 2160; x_wconf 87' lang='lat' dir='ltr'>velle</span> 
     </span>
     <span class='ocr_line' id='line_1_16' title="bbox 316 2201 1452 2287; baseline 0.002 -20"><span class='ocrx_word' id='word_1_114' title='bbox 316 2202 498 2270; x_wconf 87' lang='lat' dir='ltr'>affirmarat</span> <span class='ocrx_word' id='word_1_115' title='bbox 522 2223 630 2268; x_wconf 91' lang='lat' dir='ltr'>coram</span> <span class='ocrx_word' id='word_1_116' title='bbox 655 2202 756 2270; x_wconf 90' lang='lat' dir='ltr'>nobis.</span> <span class='ocrx_word' id='word_1_117' title='bbox 787 2203 882 2270; x_wconf 90' lang='lat' dir='ltr'>Unde</span> <span class='ocrx_word' id='word_1_118' title='bbox 909 2205 988 2287; x_wconf 93' lang='lat' dir='ltr'>quia</span> <span class='ocrx_word' id='word_1_119' title='bbox 1003 2211 1089 2269; x_wconf 89' lang='lat' dir='ltr'>terre</span> <span class='ocrx_word' id='word_1_120' title='bbox 1114 2202 1253 2269; x_wconf 89' lang='lat' dir='ltr'>arabiles</span> <span class='ocrx_word' id='word_1_121' title='bbox 1278 2201 1390 2270; x_wconf 87' lang='lat' dir='ltr'>firnate</span> <span class='ocrx_word' id='word_1_122' title='bbox 1413 2225 1452 2269; x_wconf 88' lang='lat' dir='ltr'>ac</span> 
     </span>
     <span class='ocr_line' id='line_1_17' title="bbox 314 2312 1450 2398; baseline 0.002 -22"><span class='ocrx_word' id='word_1_123' title='bbox 314 2319 412 2396; x_wconf 90' lang='lat' dir='ltr'>prata</span> <span class='ocrx_word' id='word_1_124' title='bbox 428 2321 461 2378; x_wconf 90' lang='lat' dir='ltr'>et</span> <span class='ocrx_word' id='word_1_125' title='bbox 476 2317 670 2395; x_wconf 87' lang='lat' dir='ltr'>campestres</span> <span class='ocrx_word' id='word_1_126' title='bbox 688 2332 824 2378; x_wconf 89' lang='lat' dir='ltr'>necnon</span> <span class='ocrx_word' id='word_1_127' title='bbox 841 2312 904 2378; x_wconf 86' lang='lat' dir='ltr'>alic</span> <span class='ocrx_word' id='word_1_128' title='bbox 922 2313 1083 2380; x_wconf 87' lang='lat' dir='ltr'>utilitates</span> <span class='ocrx_word' id='word_1_129' title='bbox 1092 2313 1314 2398; x_wconf 77' lang='lat' dir='ltr'>predictarum</span> <span class='ocrx_word' id='word_1_130' title='bbox 1324 2333 1450 2398; x_wconf 87' lang='lat' dir='ltr'>posses·</span> 
     </span>
     <span class='ocr_line' id='line_1_18' title="bbox 315 2418 1450 2505; baseline 0.002 -22"><span class='ocrx_word' id='word_1_131' title='bbox 315 2422 442 2484; x_wconf 87' lang='lat' dir='ltr'>sionum</span> <span class='ocrx_word' id='word_1_132' title='bbox 458 2418 592 2503; x_wconf 85' lang='lat' dir='ltr'>indivise</span> <span class='ocrx_word' id='word_1_133' title='bbox 619 2419 686 2484; x_wconf 87' lang='lat' dir='ltr'>lore</span> <span class='ocrx_word' id='word_1_134' title='bbox 712 2441 751 2483; x_wconf 88' lang='lat' dir='ltr'>ex</span> <span class='ocrx_word' id='word_1_135' title='bbox 776 2421 858 2485; x_wconf 90' lang='lat' dir='ltr'>serie</span> <span class='ocrx_word' id='word_1_136' title='bbox 878 2422 1109 2504; x_wconf 86' lang='lat' dir='ltr'>promissarum</span> <span class='ocrx_word' id='word_1_137' title='bbox 1124 2420 1295 2487; x_wconf 88' lang='lat' dir='ltr'>literarum</span> <span class='ocrx_word' id='word_1_138' title='bbox 1311 2420 1450 2505; x_wconf 90' lang='lat' dir='ltr'>capituli</span> 
     </span>
     <span class='ocr_line' id='line_1_19' title="bbox 315 2524 1452 2612; baseline 0.001 -20"><span class='ocrx_word' id='word_1_139' title='bbox 315 2526 447 2593; x_wconf 87' lang='lat' dir='ltr'>ecclesie</span> <span class='ocrx_word' id='word_1_140' title='bbox 463 2524 670 2592; x_wconf 80' lang='lat' dir='ltr'>Castriserrei</span> <span class='ocrx_word' id='word_1_141' title='bbox 686 2526 941 2612; x_wconf 86' lang='lat' dir='ltr'>reperiebantur,</span> <span class='ocrx_word' id='word_1_142' title='bbox 966 2526 1038 2592; x_wconf 92' lang='lat' dir='ltr'>ideo</span> <span class='ocrx_word' id='word_1_143' title='bbox 1060 2548 1199 2592; x_wconf 91' lang='lat' dir='ltr'>unacum</span> <span class='ocrx_word' id='word_1_144' title='bbox 1216 2526 1392 2592; x_wconf 87' lang='lat' dir='ltr'>baronibus</span> <span class='ocrx_word' id='word_1_145' title='bbox 1417 2537 1452 2594; x_wconf 90' lang='lat' dir='ltr'>et</span> 
     </span>
     <span class='ocr_line' id='line_1_20' title="bbox 315 2634 1452 2719; baseline 0.002 -19"><span class='ocrx_word' id='word_1_146' title='bbox 315 2634 476 2700; x_wconf 89' lang='lat' dir='ltr'>nobilibus</span> <span class='ocrx_word' id='word_1_147' title='bbox 492 2637 584 2719; x_wconf 81' lang='lat' dir='ltr'>regni</span> <span class='ocrx_word' id='word_1_148' title='bbox 599 2634 768 2700; x_wconf 90' lang='lat' dir='ltr'>nobiscum</span> <span class='ocrx_word' id='word_1_149' title='bbox 784 2635 817 2698; x_wconf 92' lang='lat' dir='ltr'>in</span> <span class='ocrx_word' id='word_1_150' title='bbox 841 2635 958 2701; x_wconf 89' lang='lat' dir='ltr'>iudicio</span> <span class='ocrx_word' id='word_1_151' title='bbox 984 2635 1200 2701; x_wconf 84' lang='lat' dir='ltr'>assidentibus</span> <span class='ocrx_word' id='word_1_152' title='bbox 1225 2635 1452 2702; x_wconf 89' lang='lat' dir='ltr'>adiudicantcs</span> 
     </span>
     <span class='ocr_line' id='line_1_21' title="bbox 315 2739 1452 2828; baseline -0.002 -18"><span class='ocrx_word' id='word_1_153' title='bbox 315 2746 587 2819; x_wconf 77' lang='lat' dir='ltr'>commiseramus,</span> <span class='ocrx_word' id='word_1_154' title='bbox 603 2741 691 2823; x_wconf 91' lang='lat' dir='ltr'>quod</span> <span class='ocrx_word' id='word_1_155' title='bbox 707 2739 893 2828; x_wconf 81' lang='lat' dir='ltr'>Stephanus</span> <span class='ocrx_word' id='word_1_156' title='bbox 909 2741 995 2808; x_wconf 90' lang='lat' dir='ltr'>filins</span> <span class='ocrx_word' id='word_1_157' title='bbox 1021 2743 1093 2807; x_wconf 88' lang='lat' dir='ltr'>Box</span> <span class='ocrx_word' id='word_1_158' title='bbox 1109 2744 1159 2808; x_wconf 89' lang='lat' dir='ltr'>vel</span> <span class='ocrx_word' id='word_1_159' title='bbox 1175 2743 1266 2808; x_wconf 91' lang='lat' dir='ltr'>Mese</span> <span class='ocrx_word' id='word_1_160' title='bbox 1285 2741 1372 2808; x_wconf 86' lang='lat' dir='ltr'>lilius</span> <span class='ocrx_word' id='word_1_161' title='bbox 1389 2743 1416 2808; x_wconf 86' lang='lat' dir='ltr'><strong>J</strong></span> <span class='ocrx_word' id='word_1_162' title='bbox 1417 2765 1452 2808; x_wconf 95' lang='lat' dir='ltr'>o-</span> 
     </span>
     <span class='ocr_line' id='line_1_22' title="bbox 315 2847 1452 2934; baseline 0.002 -18"><span class='ocrx_word' id='word_1_163' title='bbox 315 2852 432 2917; x_wconf 89' lang='lat' dir='ltr'>hannis</span> <span class='ocrx_word' id='word_1_164' title='bbox 448 2851 486 2915; x_wconf 91' lang='lat' dir='ltr'>de</span> <span class='ocrx_word' id='word_1_165' title='bbox 503 2850 650 2916; x_wconf 91' lang='lat' dir='ltr'>Beseneu</span> <span class='ocrx_word' id='word_1_166' title='bbox 675 2851 741 2914; x_wconf 87' lang='lat' dir='ltr'>sive</span> <span class='ocrx_word' id='word_1_167' title='bbox 765 2849 886 2934; x_wconf 86' lang='lat' dir='ltr'>Pctyth</span> <span class='ocrx_word' id='word_1_168' title='bbox 906 2870 948 2913; x_wconf 92' lang='lat' dir='ltr'>an</span> <span class='ocrx_word' id='word_1_169' title='bbox 964 2849 989 2914; x_wconf 86' lang='lat' dir='ltr'><strong>J</strong></span> <span class='ocrx_word' id='word_1_170' title='bbox 990 2849 1133 2916; x_wconf 86' lang='lat' dir='ltr'>ohannes</span> <span class='ocrx_word' id='word_1_171' title='bbox 1149 2850 1236 2917; x_wconf 89' lang='lat' dir='ltr'>filius</span> <span class='ocrx_word' id='word_1_172' title='bbox 1264 2847 1452 2918; x_wconf 85' lang='lat' dir='ltr'>Alexandri</span> 
     </span>
     <span class='ocr_line' id='line_1_23' title="bbox 314 2956 1452 3048; baseline 0.002 -25"><span class='ocrx_word' id='word_1_173' title='bbox 314 2959 354 3024; x_wconf 90' lang='lat' dir='ltr'>de</span> <span class='ocrx_word' id='word_1_174' title='bbox 369 2957 482 3024; x_wconf 90' lang='lat' dir='ltr'>eadem</span> <span class='ocrx_word' id='word_1_175' title='bbox 497 2957 644 3022; x_wconf 89' lang='lat' dir='ltr'>Beseneu</span> <span class='ocrx_word' id='word_1_176' title='bbox 661 2956 734 3024; x_wconf 91' lang='lat' dir='ltr'>aliis</span> <span class='ocrx_word' id='word_1_177' title='bbox 750 2956 937 3048; x_wconf 83' lang='lat' dir='ltr'>absentibus</span> <span class='ocrx_word' id='word_1_178' title='bbox 947 2957 1041 3022; x_wconf 87' lang='lat' dir='ltr'>horno</span> <span class='ocrx_word' id='word_1_179' title='bbox 1052 2957 1173 3023; x_wconf 91' lang='lat' dir='ltr'>domini</span> <span class='ocrx_word' id='word_1_180' title='bbox 1189 2959 1283 3042; x_wconf 83' lang='lat' dir='ltr'>regis,</span> <span class='ocrx_word' id='word_1_181' title='bbox 1299 2966 1452 3044; x_wconf 88' lang='lat' dir='ltr'>presente</span> 
     </span>
     <span class='ocr_line' id='line_1_24' title="bbox 315 3063 1452 3153; baseline 0 -21"><span class='ocrx_word' id='word_1_182' title='bbox 315 3067 499 3132; x_wconf 91' lang='lat' dir='ltr'>testimonio</span> <span class='ocrx_word' id='word_1_183' title='bbox 515 3067 593 3132; x_wconf 91' lang='lat' dir='ltr'>dicti</span> <span class='ocrx_word' id='word_1_184' title='bbox 609 3064 745 3151; x_wconf 89' lang='lat' dir='ltr'>capituli</span> <span class='ocrx_word' id='word_1_185' title='bbox 770 3067 901 3131; x_wconf 89' lang='lat' dir='ltr'>ecclesie</span> <span class='ocrx_word' id='word_1_186' title='bbox 927 3063 1143 3144; x_wconf 81' lang='lat' dir='ltr'>Oestriferrei,</span> <span class='ocrx_word' id='word_1_187' title='bbox 1164 3067 1251 3148; x_wconf 89' lang='lat' dir='ltr'>quod</span> <span class='ocrx_word' id='word_1_188' title='bbox 1268 3089 1326 3152; x_wconf 89' lang='lat' dir='ltr'>per</span> <span class='ocrx_word' id='word_1_189' title='bbox 1340 3068 1452 3153; x_wconf 86' lang='lat' dir='ltr'>ipsum</span> 
     </span>
     <span class='ocr_line' id='line_1_25' title="bbox 315 3173 1452 3259; baseline -0.001 -18"><span class='ocrx_word' id='word_1_190' title='bbox 315 3176 495 3259; x_wconf 89' lang='lat' dir='ltr'>capitulum</span> <span class='ocrx_word' id='word_1_191' title='bbox 512 3173 603 3240; x_wconf 89' lang='lat' dir='ltr'>adid</span> <span class='ocrx_word' id='word_1_192' title='bbox 620 3173 834 3239; x_wconf 87' lang='lat' dir='ltr'>amicabiliter</span> <span class='ocrx_word' id='word_1_193' title='bbox 857 3175 1037 3239; x_wconf 86' lang='lat' dir='ltr'>transmitti</span> <span class='ocrx_word' id='word_1_194' title='bbox 1062 3175 1287 3259; x_wconf 69' lang='lat' dir='ltr'>petiveramus</span> <span class='ocrx_word' id='word_1_195' title='bbox 1303 3175 1336 3239; x_wconf 93' lang='lat' dir='ltr'>in</span> <span class='ocrx_word' id='word_1_196' title='bbox 1353 3176 1452 3256; x_wconf 93' lang='lat' dir='ltr'>quin·</span> 
     </span>
     <span class='ocr_line' id='line_1_26' title="bbox 316 3279 1453 3368; baseline 0 -20"><span class='ocrx_word' id='word_1_197' title='bbox 316 3284 407 3348; x_wconf 90' lang='lat' dir='ltr'>denis</span> <span class='ocrx_word' id='word_1_198' title='bbox 423 3282 497 3348; x_wconf 87' lang='lat' dir='ltr'>festi</span> <span class='ocrx_word' id='word_1_199' title='bbox 513 3282 705 3349; x_wconf 80' lang='lat' dir='ltr'>Natiuitatis</span> <span class='ocrx_word' id='word_1_200' title='bbox 722 3279 815 3346; x_wconf 91' lang='lat' dir='ltr'>beate</span> <span class='ocrx_word' id='word_1_201' title='bbox 831 3282 965 3364; x_wconf 85' lang='lat' dir='ltr'>virginis</span> <span class='ocrx_word' id='word_1_202' title='bbox 982 3288 1059 3348; x_wconf 91' lang='lat' dir='ltr'>tunc</span> <span class='ocrx_word' id='word_1_203' title='bbox 1074 3283 1219 3368; x_wconf 85' lang='lat' dir='ltr'>proxime</span> <span class='ocrx_word' id='word_1_204' title='bbox 1234 3285 1388 3360; x_wconf 80' lang='lat' dir='ltr'>uenturis,</span> <span class='ocrx_word' id='word_1_205' title='bbox 1407 3284 1453 3348; x_wconf 88' lang='lat' dir='ltr'>ad</span> 
     </span>
     <span class='ocr_line' id='line_1_27' title="bbox 315 3371 1452 3475; baseline 0 -19"><span class='ocrx_word' id='word_1_206' title='bbox 315 3391 431 3456; x_wconf 86' lang='lat' dir='ltr'>faciem</span> <span class='ocrx_word' id='word_1_207' title='bbox 447 3389 666 3474; x_wconf 88' lang='lat' dir='ltr'>predictarum</span> <span class='ocrx_word' id='word_1_208' title='bbox 682 3371 917 3474; x_wconf 85' lang='lat' dir='ltr'>possessionum</span> <span class='ocrx_word' id='word_1_209' title='bbox 943 3389 1015 3455; x_wconf 75' lang='lat' dir='ltr'>nuk</span> <span class='ocrx_word' id='word_1_210' title='bbox 1031 3395 1063 3454; x_wconf 90' lang='lat' dir='ltr'>et</span> <span class='ocrx_word' id='word_1_211' title='bbox 1079 3387 1238 3454; x_wconf 82' lang='lat' dir='ltr'>Arulrlruz</span> <span class='ocrx_word' id='word_1_212' title='bbox 1264 3411 1303 3454; x_wconf 92' lang='lat' dir='ltr'>ac</span> <span class='ocrx_word' id='word_1_213' title='bbox 1318 3390 1452 3475; x_wconf 85' lang='lat' dir='ltr'>Myhal-</span> 
     </span>
     <span class='ocr_line' id='line_1_28' title="bbox 316 3495 1454 3580; baseline -0.001 -16"><span class='ocrx_word' id='word_1_214' title='bbox 316 3500 402 3564; x_wconf 84' lang='lat' dir='ltr'>folva</span> <span class='ocrx_word' id='word_1_215' title='bbox 441 3505 628 3563; x_wconf 84' lang='lat' dir='ltr'>vocatarum</span> <span class='ocrx_word' id='word_1_216' title='bbox 645 3545 675 3562; x_wconf 89' lang='lat'>..</span> <span class='ocrx_word' id='word_1_217' title='bbox 709 3497 898 3580; x_wconf 90' lang='lat' dir='ltr'>accedendo,</span> <span class='ocrx_word' id='word_1_218' title='bbox 938 3503 1043 3562; x_wconf 90' lang='lat' dir='ltr'>terras</span> <span class='ocrx_word' id='word_1_219' title='bbox 1082 3497 1221 3562; x_wconf 88' lang='lat' dir='ltr'>arabiles</span> <span class='ocrx_word' id='word_1_220' title='bbox 1255 3495 1385 3562; x_wconf 86' lang='lat' dir='ltr'>limatas</span> <span class='ocrx_word' id='word_1_221' title='bbox 1417 3506 1454 3564; x_wconf 86' lang='lat' dir='ltr'>et</span> 
     </span>
     <span class='ocr_line' id='line_1_29' title="bbox 316 3605 1452 3692; baseline 0 -20"><span class='ocrx_word' id='word_1_222' title='bbox 316 3614 511 3692; x_wconf 86' lang='lat' dir='ltr'>campestres</span> <span class='ocrx_word' id='word_1_223' title='bbox 527 3628 565 3672; x_wconf 91' lang='lat' dir='ltr'>ac</span> <span class='ocrx_word' id='word_1_224' title='bbox 581 3615 686 3692; x_wconf 89' lang='lat' dir='ltr'>prata,</span> <span class='ocrx_word' id='word_1_225' title='bbox 712 3628 771 3671; x_wconf 91' lang='lat' dir='ltr'>nco</span> <span class='ocrx_word' id='word_1_226' title='bbox 795 3627 859 3671; x_wconf 94' lang='lat' dir='ltr'>non</span> <span class='ocrx_word' id='word_1_227' title='bbox 876 3607 958 3671; x_wconf 88' lang='lat' dir='ltr'>alias</span> <span class='ocrx_word' id='word_1_228' title='bbox 978 3605 1138 3672; x_wconf 89' lang='lat' dir='ltr'>utilitates</span> <span class='ocrx_word' id='word_1_229' title='bbox 1163 3605 1360 3684; x_wconf 90' lang='lat' dir='ltr'>earumdem,</span> <span class='ocrx_word' id='word_1_230' title='bbox 1385 3628 1452 3689; x_wconf 88' lang='lat' dir='ltr'>que</span> 
     </span>
     <span class='ocr_line' id='line_1_30' title="bbox 317 3715 1452 3800; baseline -0.001 -21"><span class='ocrx_word' id='word_1_231' title='bbox 317 3715 404 3800; x_wconf 90' lang='lat' dir='ltr'>apud</span> <span class='ocrx_word' id='word_1_232' title='bbox 419 3735 534 3780; x_wconf 87' lang='lat' dir='ltr'>manus</span> <span class='ocrx_word' id='word_1_233' title='bbox 551 3715 719 3780; x_wconf 90' lang='lat' dir='ltr'>ambarum</span> <span class='ocrx_word' id='word_1_234' title='bbox 736 3717 882 3800; x_wconf 90' lang='lat' dir='ltr'>parcium</span> <span class='ocrx_word' id='word_1_235' title='bbox 898 3715 1033 3779; x_wconf 84' lang='lat' dir='ltr'>indivise</span> <span class='ocrx_word' id='word_1_236' title='bbox 1058 3717 1242 3792; x_wconf 87' lang='lat' dir='ltr'>existerent,</span> <span class='ocrx_word' id='word_1_237' title='bbox 1257 3722 1368 3799; x_wconf 86' lang='lat' dir='ltr'>preter</span> <span class='ocrx_word' id='word_1_238' title='bbox 1384 3735 1452 3779; x_wconf 89' lang='lat' dir='ltr'>em·</span> 
     </span>
     <span class='ocr_line' id='line_1_31' title="bbox 315 3822 1452 3908; baseline 0 -20"><span class='ocrx_word' id='word_1_239' title='bbox 315 3825 410 3889; x_wconf 88' lang='lat' dir='ltr'>ticias</span> <span class='ocrx_word' id='word_1_240' title='bbox 427 3874 434 3887; x_wconf 90' lang='lat'>.</span> <span class='ocrx_word' id='word_1_241' title='bbox 451 3872 458 3888; x_wconf 85' lang='lat'><strong>.</strong></span> <span class='ocrx_word' id='word_1_242' title='bbox 481 3824 515 3886; x_wconf 94' lang='lat' dir='ltr'>in</span> <span class='ocrx_word' id='word_1_243' title='bbox 531 3823 613 3888; x_wconf 87' lang='lat' dir='ltr'>duas</span> <span class='ocrx_word' id='word_1_244' title='bbox 629 3822 808 3888; x_wconf 85' lang='lat' dir='ltr'>dividerent</span> <span class='ocrx_word' id='word_1_245' title='bbox 822 3831 932 3908; x_wconf 89' lang='lat' dir='ltr'>partes</span> <span class='ocrx_word' id='word_1_246' title='bbox 948 3823 1126 3905; x_wconf 89' lang='lat' dir='ltr'>coequales,</span> <span class='ocrx_word' id='word_1_247' title='bbox 1137 3844 1277 3906; x_wconf 90' lang='lat' dir='ltr'>quarum</span> <span class='ocrx_word' id='word_1_248' title='bbox 1293 3823 1452 3888; x_wconf 87' lang='lat' dir='ltr'>medieta-</span> 
     </span>
     <span class='ocr_line' id='line_1_32' title="bbox 315 3928 1452 4016; baseline 0 -21"><span class='ocrx_word' id='word_1_249' title='bbox 315 3937 381 3995; x_wconf 91' lang='lat' dir='ltr'>tem</span> <span class='ocrx_word' id='word_1_250' title='bbox 396 3935 518 3996; x_wconf 90' lang='lat' dir='ltr'>rectam</span> <span class='ocrx_word' id='word_1_251' title='bbox 535 3931 680 4016; x_wconf 90' lang='lat' dir='ltr'>predicto</span> <span class='ocrx_word' id='word_1_252' title='bbox 691 3928 855 4016; x_wconf 85' lang='lat' dir='ltr'>Stephano</span> <span class='ocrx_word' id='word_1_253' title='bbox 865 3929 931 3995; x_wconf 91' lang='lat' dir='ltr'>filio</span> <span class='ocrx_word' id='word_1_254' title='bbox 941 3930 1122 4008; x_wconf 90' lang='lat' dir='ltr'>Michaelis,</span> <span class='ocrx_word' id='word_1_255' title='bbox 1132 3929 1231 3995; x_wconf 88' lang='lat' dir='ltr'>aliam</span> <span class='ocrx_word' id='word_1_256' title='bbox 1241 3951 1315 3994; x_wconf 83' lang='lat' dir='ltr'>vero</span> <span class='ocrx_word' id='word_1_257' title='bbox 1326 3937 1452 3995; x_wconf 86' lang='lat' dir='ltr'>rectam</span> 
     </span>
     <span class='ocr_line' id='line_1_33' title="bbox 316 4037 1452 4125; baseline 0.001 -21"><span class='ocrx_word' id='word_1_258' title='bbox 316 4039 550 4105; x_wconf 88' lang='lat' dir='ltr'>dimidietatem</span> <span class='ocrx_word' id='word_1_259' title='bbox 567 4039 753 4104; x_wconf 89' lang='lat' dir='ltr'>earumdem</span> <span class='ocrx_word' id='word_1_260' title='bbox 764 4039 917 4125; x_wconf 91' lang='lat' dir='ltr'>predictis</span> <span class='ocrx_word' id='word_1_261' title='bbox 934 4041 1097 4122; x_wconf 82' lang='lat' dir='ltr'>magistris</span> <span class='ocrx_word' id='word_1_262' title='bbox 1106 4038 1245 4104; x_wconf 88' lang='lat' dir='ltr'>Nicolao</span> <span class='ocrx_word' id='word_1_263' title='bbox 1254 4045 1287 4105; x_wconf 90' lang='lat' dir='ltr'>et</span> <span class='ocrx_word' id='word_1_264' title='bbox 1301 4037 1328 4104; x_wconf 84' lang='lat' dir='ltr'><strong>J</strong></span> <span class='ocrx_word' id='word_1_265' title='bbox 1329 4039 1452 4105; x_wconf 90' lang='lat' dir='ltr'>ohanni</span> 
     </span>
     <span class='ocr_line' id='line_1_34' title="bbox 315 4147 1452 4234; baseline 0.001 -22"><span class='ocrx_word' id='word_1_266' title='bbox 315 4147 382 4213; x_wconf 92' lang='lat' dir='ltr'>filio</span> <span class='ocrx_word' id='word_1_267' title='bbox 399 4170 457 4214; x_wconf 92' lang='lat' dir='ltr'>suo</span> <span class='ocrx_word' id='word_1_268' title='bbox 473 4153 631 4213; x_wconf 77' lang='lat' dir='ltr'>statueret</span> <span class='ocrx_word' id='word_1_269' title='bbox 647 4154 679 4213; x_wconf 93' lang='lat' dir='ltr'>et</span> <span class='ocrx_word' id='word_1_270' title='bbox 695 4147 891 4231; x_wconf 90' lang='lat' dir='ltr'>relinqueret</span> <span class='ocrx_word' id='word_1_271' title='bbox 916 4154 1071 4234; x_wconf 92' lang='lat' dir='ltr'>perpetuo</span> <span class='ocrx_word' id='word_1_272' title='bbox 1096 4147 1305 4233; x_wconf 88' lang='lat' dir='ltr'>possidendas</span> <span class='ocrx_word' id='word_1_273' title='bbox 1322 4195 1329 4208; x_wconf 90' lang='lat'><strong>.</strong></span> <span class='ocrx_word' id='word_1_274' title='bbox 1346 4197 1353 4211; x_wconf 94' lang='lat'><em>.</em></span> <span class='ocrx_word' id='word_1_275' title='bbox 1377 4170 1452 4234; x_wconf 90' lang='lat' dir='ltr'>pre·</span> 
     </span>
     <span class='ocr_line' id='line_1_35' title="bbox 316 4253 1452 4341; baseline 0 -19"><span class='ocrx_word' id='word_1_276' title='bbox 316 4257 421 4322; x_wconf 89' lang='lat' dir='ltr'>dictas</span> <span class='ocrx_word' id='word_1_277' title='bbox 438 4263 546 4321; x_wconf 89' lang='lat' dir='ltr'>autern</span> <span class='ocrx_word' id='word_1_278' title='bbox 563 4256 644 4320; x_wconf 89' lang='lat' dir='ltr'>duas</span> <span class='ocrx_word' id='word_1_279' title='bbox 662 4258 885 4341; x_wconf 88' lang='lat' dir='ltr'>possessiones,</span> <span class='ocrx_word' id='word_1_280' title='bbox 901 4253 1048 4339; x_wconf 82' lang='lat' dir='ltr'>Hydweg</span> <span class='ocrx_word' id='word_1_281' title='bbox 1073 4261 1106 4320; x_wconf 88' lang='lat' dir='ltr'>et</span> <span class='ocrx_word' id='word_1_282' title='bbox 1121 4253 1341 4321; x_wconf 80' lang='lat' dir='ltr'>doahunfelde</span> <span class='ocrx_word' id='word_1_283' title='bbox 1356 4277 1452 4322; x_wconf 84' lang='lat' dir='ltr'>voca·</span> 
     </span>
     <span class='ocr_line' id='line_1_36' title="bbox 316 4361 1454 4449; baseline -0.001 -20"><span class='ocrx_word' id='word_1_284' title='bbox 316 4372 376 4443; x_wconf 87' lang='lat' dir='ltr'>tas,</span> <span class='ocrx_word' id='word_1_285' title='bbox 393 4385 561 4448; x_wconf 91' lang='lat' dir='ltr'>quousque</span> <span class='ocrx_word' id='word_1_286' title='bbox 577 4363 661 4428; x_wconf 88' lang='lat' dir='ltr'>idem</span> <span class='ocrx_word' id='word_1_287' title='bbox 688 4361 873 4449; x_wconf 88' lang='lat' dir='ltr'>Stephanus</span> <span class='ocrx_word' id='word_1_288' title='bbox 897 4363 983 4429; x_wconf 89' lang='lat' dir='ltr'>filius</span> <span class='ocrx_word' id='word_1_289' title='bbox 1009 4363 1181 4429; x_wconf 89' lang='lat' dir='ltr'>Michaelis</span> <span class='ocrx_word' id='word_1_290' title='bbox 1197 4369 1230 4428; x_wconf 93' lang='lat' dir='ltr'>et</span> <span class='ocrx_word' id='word_1_291' title='bbox 1245 4365 1296 4429; x_wconf 88' lang='lat' dir='ltr'>sui</span> <span class='ocrx_word' id='word_1_292' title='bbox 1312 4366 1454 4449; x_wconf 87' lang='lat' dir='ltr'>posteri-</span> 
     </span>
     <span class='ocr_line' id='line_1_37' title="bbox 316 4471 1454 4558; baseline -0.002 -19"><span class='ocrx_word' id='word_1_293' title='bbox 316 4479 401 4539; x_wconf 89' lang='lat' dir='ltr'>tates</span> <span class='ocrx_word' id='word_1_294' title='bbox 425 4493 484 4557; x_wconf 95' lang='lat' dir='ltr'>pro</span> <span class='ocrx_word' id='word_1_295' title='bbox 509 4473 587 4558; x_wconf 88' lang='lat' dir='ltr'>ipsis</span> <span class='ocrx_word' id='word_1_296' title='bbox 613 4472 727 4555; x_wconf 82' lang='lat' dir='ltr'>viginti</span> <span class='ocrx_word' id='word_1_297' title='bbox 752 4471 878 4537; x_wconf 88' lang='lat' dir='ltr'>duabus</span> <span class='ocrx_word' id='word_1_298' title='bbox 904 4474 1020 4537; x_wconf 89' lang='lat' dir='ltr'>marcis</span> <span class='ocrx_word' id='word_1_299' title='bbox 1045 4471 1180 4558; x_wconf 91' lang='lat' dir='ltr'>promtis</span> <span class='ocrx_word' id='word_1_300' title='bbox 1205 4471 1347 4537; x_wconf 90' lang='lat' dir='ltr'>denariis</span> <span class='ocrx_word' id='word_1_301' title='bbox 1372 4471 1454 4538; x_wconf 89' lang='lat' dir='ltr'>latis</span> 
     </span>
     <span class='ocr_line' id='line_1_38' title="bbox 316 4577 1455 4666; baseline 0.002 -22"><span class='ocrx_word' id='word_1_302' title='bbox 316 4579 552 4658; x_wconf 75' lang='lat' dir='ltr'>viennensibus,</span> <span class='ocrx_word' id='word_1_303' title='bbox 568 4601 626 4666; x_wconf 90' lang='lat' dir='ltr'>pro</span> <span class='ocrx_word' id='word_1_304' title='bbox 643 4580 761 4663; x_wconf 91' lang='lat' dir='ltr'>quibus</span> <span class='ocrx_word' id='word_1_305' title='bbox 778 4579 881 4646; x_wconf 88' lang='lat' dir='ltr'>eidem</span> <span class='ocrx_word' id='word_1_306' title='bbox 897 4581 1053 4662; x_wconf 88' lang='lat' dir='ltr'>magistro</span> <span class='ocrx_word' id='word_1_307' title='bbox 1073 4577 1211 4645; x_wconf 87' lang='lat' dir='ltr'>Nicolao</span> <span class='ocrx_word' id='word_1_308' title='bbox 1230 4579 1455 4665; x_wconf 81' lang='lat' dir='ltr'>impignorata</span> 
     </span>
     <span class='ocr_line' id='line_1_39' title="bbox 318 4685 1456 4774; baseline 0.002 -22"><span class='ocrx_word' id='word_1_309' title='bbox 318 4695 350 4752; x_wconf 90' lang='lat' dir='ltr'>et</span> <span class='ocrx_word' id='word_1_310' title='bbox 366 4687 508 4770; x_wconf 85' lang='lat' dir='ltr'>obligata</span> <span class='ocrx_word' id='word_1_311' title='bbox 524 4691 678 4754; x_wconf 83' lang='lat' dir='ltr'>existeret</span> <span class='ocrx_word' id='word_1_312' title='bbox 694 4691 852 4754; x_wconf 89' lang='lat' dir='ltr'>redimere</span> <span class='ocrx_word' id='word_1_313' title='bbox 868 4697 976 4774; x_wconf 89' lang='lat' dir='ltr'>posset</span> <span class='ocrx_word' id='word_1_314' title='bbox 992 4688 1033 4753; x_wconf 91' lang='lat' dir='ltr'>ab</span> <span class='ocrx_word' id='word_1_315' title='bbox 1049 4686 1169 4766; x_wconf 89' lang='lat' dir='ltr'>eodem,</span> <span class='ocrx_word' id='word_1_316' title='bbox 1180 4685 1277 4754; x_wconf 92' lang='lat' dir='ltr'>iidem</span> <span class='ocrx_word' id='word_1_317' title='bbox 1293 4688 1456 4770; x_wconf 83' lang='lat' dir='ltr'>magister</span> 
     </span>
    </p>
   </div>
   <div class='ocr_carea' id='block_1_5' title="bbox 0 0 1597 5466">
    <p class='ocr_par' dir='ltr' id='par_1_5' title="bbox 0 0 1597 5466">
     <span class='ocr_line' id='line_1_40' title="bbox 0 0 1597 5466; baseline 0 0"><span class='ocrx_word' id='word_1_318' title='bbox 0 0 1597 5466; x_wconf 95' lang='lat' dir='ltr'> </span> 
     </span>
    </p>
   </div>
  </div>
 </body>
</html>
