3180 5470
591 477 685 538 1351.
703 494 775 538 aris.
794 481 822 539 3.
1193 477 1257 540 443

127 653 325 736 aecedentes,
337 655 541 740 presentibus
558 655 631 722 aliis
648 655 816 739 nobilibus,
833 655 1036 722 divisionem.
1055 707 1060 720 .
1078 655 1171 720 modo
1190 657 1263 727 sub·

128 764 250 847 scripto
266 761 419 830 fecissent
434 765 519 829 inter
535 769 643 847 partes
661 770 694 828 et
710 764 829 830 eisdem
846 765 1042 832 volentibus:
1069 767 1102 832 in
1128 765 1199 849 ipsa
1215 765 1261 831 di-

127 871 248 936 visione
265 873 412 938 cessisset
428 872 579 956 Haripan
596 872 742 956 superior
761 872 906 940 dohanni
917 874 1088 954 antedicto,
1105 876 1262 958 possessio

129 985 239 1046 autem
255 979 371 1045 Kczeu
387 986 419 1046 et
435 975 567 1046 Rechke
584 987 694 1046 vocate
710 1003 783 1046 cum
799 983 947 1049 omnibus
967 983 1077 1048 usibus
1094 985 1264 1048 cessissent

127 1087 267 1154 Nicolao
283 1088 456 1166 antedicto,
472 1089 630 1173 possessio
646 1111 720 1155 vero
746 1089 897 1174 Haripan
922 1091 1055 1156 inferior
1071 1113 1144 1156 oum
1162 1091 1264 1157 tercia

127 1201 221 1278 parte
232 1196 377 1262 omnium
387 1203 549 1262 terrarum
562 1197 784 1281 predictorum
794 1199 1030 1281 possessionum
1042 1219 1100 1281 pro
1111 1198 1262 1282 porcione

127 1303 249 1389 prefati
260 1304 376 1372 Oczme
386 1305 419 1369 in
431 1327 527 1372 manu
539 1305 680 1371 eiusdem
693 1307 838 1389 magistri
857 1307 1020 1372 Willermi
1030 1306 1203 1372 iudiciaria
1214 1327 1262 1370 re·

128 1409 310 1491 mansisset,
326 1414 427 1479 donec
441 1414 578 1499 predicti
594 1416 775 1499 potuissent
798 1416 955 1480 redimere
972 1415 1149 1482 secundum
1171 1415 1262 1498 regui

128 1520 323 1603 condignam
349 1522 607 1604 estimacionem3
631 1523 691 1588 hoc
720 1523 904 1606 specialiter
931 1524 1155 1607 exprimentes,
1180 1523 1265 1606 quod

127 1629 201 1695 licet
219 1629 324 1713 aliqui
340 1630 502 1714 predictas
518 1640 627 1714 partes
653 1632 692 1696 de
721 1633 793 1716 ipsa
818 1631 972 1697 divisione
994 1630 1143 1698 facienda
1159 1631 1265 1714 prohi-

128 1737 276 1802 buissent
302 1759 409 1804 coram
435 1739 545 1804 eodem
570 1741 725 1824 magistro
742 1740 924 1820 Willermo,
949 1748 1059 1806 tamen
1082 1741 1149 1824 ipse
1165 1759 1265 1804 annu-

128 1855 201 1912 ente
218 1847 357 1926 iusticia,
373 1850 561 1932 premissam
577 1849 704 1916 fecisset
729 1851 939 1935 particionem
961 1851 1047 1916 inter
1072 1857 1192 1935 partes.
1223 1848 1264 1912 In

128 1954 225 2020 litera
242 1962 352 2022 autem
378 1959 511 2041 capituli
538 1959 670 2024 ecclesie
697 1957 894 2043 Scepsiensis
920 1957 1153 2040 continebatur,
1178 1956 1264 2040 quod

128 2064 299 2128 constituti
316 2086 422 2130 coram
439 2067 550 2132 eodem
566 2067 707 2150 capitulo
732 2067 945 2150 personaliter
976 2087 1081 2132 comes
1106 2065 1264 2131 Nicolaus

129 2169 214 2235 tilius
229 2170 257 2236 J
257 2173 393 2237 ohannis
419 2183 567 2257 exparte
584 2199 658 2252 una,
672 2174 698 2239 J
699 2175 842 2240 ohannes
867 2173 952 2240 filius
978 2173 1077 2240 Isaak
1094 2195 1133 2240 ex
1149 2175 1267 2250 altera,

129 2279 260 2362 utrique
276 2281 316 2344 de
332 2278 447 2347 Malah
463 2283 616 2367 predicta,
627 2285 695 2348 vive
705 2285 792 2349 vocis
802 2284 932 2348 oraculo
943 2283 1077 2348 fuissent
1093 2281 1265 2348 confessi..

130 2387 217 2466 quod
235 2389 314 2470 quia
339 2392 554 2472 possessiones
579 2395 721 2476 ipsorum
746 2392 899 2476 Haripau
924 2398 957 2457 et
982 2392 1082 2456 Kenw
1105 2391 1266 2474 appellate

128 2497 358 2577 potencialiter
374 2505 406 2564 et
422 2501 490 2565 sine
505 2502 634 2565 iusticia
650 2501 691 2566 ab
708 2503 787 2584 ipsis
804 2500 939 2566 fuissent
955 2500 1062 2566 ablate
1079 2551 1086 2565 .
1104 2551 1109 2564 .
1135 2499 1263 2564 easdem

128 2600 296 2667 mediante
321 2605 448 2672 iusticia
473 2609 715 2692 proposuissent
746 2608 919 2691 requirere,
946 2605 1203 2690 quandocunque
1233 2628 1267 2672 se

128 2707 219 2773 locus
236 2710 367 2779 offerret
383 2721 440 2780 aut
456 2716 603 2796 facultas,
619 2718 666 2782 ita
692 2722 810 2796 tamen,
837 2716 922 2797 quod
947 2737 1074 2800 queque
1091 2735 1129 2779 ex
1145 2714 1266 2780 eisdem

127 2823 387 2900 possessionibus
402 2833 534 2908 possent
550 2825 705 2905 obtinere,
722 2824 883 2907 equaliter
899 2827 983 2890 inter
1003 2845 1036 2890 se
1062 2824 1202 2890 dividere
1218 2830 1268 2889 te-

129 2933 295 2994 nerentur.
328 2930 474 3016 Quarum
513 2936 641 3018 quidem
675 2935 842 2999 literarum
879 2933 1132 2999 exhibiciouibus
1165 2932 1267 3008 factis,

128 3022 230 3104 iidem
262 3039 418 3108 Nicolaus
443 3042 547 3108 dictus
578 3041 723 3127 (lhynige
757 3063 794 3107 ac
824 3042 985 3125 Georgius
1016 3040 1075 3106 filii
1105 3039 1268 3104 dohannis

128 3148 320 3214 obiecerunt
337 3170 373 3214 eo
388 3151 492 3232 modo,
511 3151 597 3234 quod
612 3153 673 3236 ipsi
693 3171 831 3217 unacum
856 3150 1008 3233 predictis
1034 3149 1149 3214 Donch
1174 3153 1271 3230 patre

128 3256 279 3320 eiusdem
302 3256 464 3322 Dominici
492 3279 529 3324 ac
554 3257 673 3324 Oonma
698 3257 764 3324 filio
779 3257 943 3324 Herbordi
968 3257 999 3322 in
1027 3276 1091 3320 una
1108 3255 1267 3338 generaci-

128 3366 203 3430 onis
219 3367 315 3445 linea,
325 3366 474 3432 videlicet
491 3367 529 3431 de
546 3388 660 3450 genere
672 3367 803 3450 Zagrab
821 3372 927 3432 essent
943 3370 975 3430 et
991 3365 1125 3430 fuissent
1141 3371 1174 3429 et
1184 3385 1268 3429 nunc

127 3475 318 3554 existerent,
332 3482 364 3540 et
380 3496 418 3540 ex
434 3498 471 3540 eo
487 3475 649 3559 predictas
665 3477 880 3559 possessiones
891 3473 1031 3557 Rachle,
1043 3472 1143 3538 Kenw
1153 3479 1187 3538 et
1196 3471 1265 3538 Ha·

128 3585 229 3669 ripan
245 3590 376 3650 vocatas
392 3583 607 3676 detinuissent
623 3591 656 3649 et
671 3605 756 3648 nnnc
771 3583 961 3660 detinerent,
986 3602 1044 3665 pro
1070 3600 1171 3664 eoque
1186 3579 1264 3644 iam·

128 3693 220 3758 dioto
236 3692 409 3757 Dominico
435 3698 578 3778 tempore
603 3693 757 3777 premisse
783 3689 1052 3756 reambulacionis
1068 3690 1102 3754 in
1117 3688 1202 3754 facto
1222 3686 1267 3752 di-

128 3808 259 3866 ctarum
284 3801 520 3884 possessionum
546 3799 797 3886 prohibicionem
823 3798 973 3865 fecissent
990 3797 1195 3863 antedictam.
1226 3794 1268 3860 In

128 3931 272 3996 quorum
288 3911 488 3974 contrarium
504 3909 588 3974 idem
604 3908 794 3974 Dominious
817 3906 903 3972 filius
919 3907 1036 3972 Donch
1053 3904 1198 3970 exhibuit
1213 3924 1270 3968 no-

128 4021 183 4086 bis
200 4017 396 4102 quamplura
412 4019 505 4102 paria
521 4018 700 4097 literarum,
719 4017 867 4082 videlicet
892 4014 1211 4099 protestacionalium
1237 4019 1270 4077 et

127 4126 440 4212 inquisicionalium,
458 4132 597 4210 quatuor
621 4124 768 4190 videlicet
790 4122 1086 4208 protestacionales,
1103 4127 1169 4187 tres
1186 4121 1269 4187 scili-

128 4245 186 4304 cet
201 4233 338 4320 capituli
355 4235 487 4301 ecclesie
503 4233 674 4318 Agriensis
699 4239 731 4298 et
755 4253 853 4298 unam
869 4233 995 4298 comitis
1012 4237 1044 4296 et
1059 4231 1199 4296 iudicum
1216 4251 1270 4296 no-

126 4344 249 4412 bilium
274 4343 449 4408 comitatus
481 4341 715 4409 Gnmuriensis.
746 4339 788 4405 In
823 4361 961 4424 quarum
993 4340 1088 4405 unius
1119 4338 1269 4404 videlicet

128 4452 273 4540 capituli
298 4449 469 4536 Agriensis
495 4451 529 4517 in
555 4473 639 4516 anno
664 4450 784 4516 domini
809 4447 884 4512 Μ1110
909 4446 1029 4516 000ωο
1047 4446 1152 4513 XL¹¹¹⁰
1169 4449 1269 4514 tercio

128 4562 281 4632 confecta
301 4566 413 4626 tenore
444 4559 632 4639 habebatur,
649 4558 735 4644 quod
750 4559 870 4625 Petrus
886 4555 971 4622 filius
987 4557 1079 4623 Petri
1099 4553 1157 4621 tilii
1173 4556 1272 4623 Ladi-

127 4674 207 4752 slai,
224 4672 393 4758 proximus
410 4671 575 4738 Dominici
601 4669 658 4738 filii
686 4667 802 4735 Donch
819 4666 858 4732 de
875 4667 999 4748 Malah,
1016 4665 1058 4737 ad
1083 4665 1159 4732 dicti
1185 4666 1270 4752 capi·
