3180 5470
538 479 633 539 1350.
650 479 762 538 nisus.
782 478 831 536 lo.
1184 477 1246 538 375

113 657 301 740 profecturi,
318 657 359 722 ad
374 665 504 721 octavas
520 655 593 719 festi
609 653 695 718 beati
717 653 851 738 Georgii
867 654 1012 719 martiris
1028 655 1061 718 iu
1078 655 1185 720 altera
1200 675 1249 718 re·

111 765 278 830 solucione
303 763 434 829 annuali
459 767 612 826 venturas
637 760 809 827 debeamus
835 783 1029 846 prorogare;
1053 761 1124 826 ideo
1149 763 1247 845 regiis

112 874 274 956 preceptis
290 872 482 952 obedientes,
490 871 531 936 ad
546 869 682 935 alteram
694 869 928 935 revolucionem
939 871 1112 937 annualem
1123 891 1247 935 earum-

113 982 184 1046 dem
212 989 399 1046 octavarum
424 979 498 1044 festi
523 978 610 1043 beati
636 975 770 1061 Georgii
795 979 938 1042 martiris
964 985 1052 1044 statu
1077 978 1109 1042 iu
1136 978 1246 1044 eodem

112 1091 266 1155 duximus
282 1088 529 1174 prorogandam.
551 1087 675 1151 Datum
700 1086 802 1169 Bude,
828 1094 940 1152 octavo
963 1087 1014 1152 die
1030 1088 1159 1152 termini
1175 1109 1246 1171 pre·

114 1200 227 1281 notati,
245 1221 330 1264 auno
356 1198 475 1262 domiui
496 1195 672 1262 Millesimo
689 1195 808 1262 COC¹¹¹'
825 1195 1100 1280 quinquagesimo.

218 1378 349 1442 Papiron,
363 1377 489 1427 ztrlatan
503 1374 595 1438 pecset
608 1374 811 1438 toredekeivel;
833 1375 964 1439 e1·edetije
978 1391 1010 1424 az
1024 1391 1093 1426 orsz.
1103 1377 1135 1426 lt.
1147 1375 1246 1426 kincst.

114 1476 180 1517 oszt.
195 1468 230 1518 N.
244 1470 279 1518 R.
292 1468 325 1518 A.
343 1473 418 1519 1509.
433 1472 457 1517 δ’.
470 1466 536 1531 dipl.
551 1470 618 1516 oszt.
632 1470 710 1515 4124.
730 1467 830 1517 Koali:
850 1465 958 1516 Kovdcs
971 1467 1004 1516 N.

113 1991 208 2055 1350.
236 1991 311 2074 rridj.
340 1991 390 2053 10.
414 1988 443 2053 A
456 1991 603 2075 pozscpoe'
626 1988 783 2074 kdptolon
808 1989 880 2054 elb'tt
905 1989 1098 2070 Vodokfiui,
1124 1987 1245 2054 Vorsou

337 2105 417 2160 acolt
434 2095 615 2161 birtokukut
629 2095 723 2160 Elius
730 2097 860 2178 fioinale
877 2096 1013 2181 eladjctt.

216 2259 287 2324 Nos
303 2258 479 2342 capitulum
504 2261 636 2324 ecclesie
661 2258 748 2324 beati
765 2259 856 2324 Petri
881 2259 921 2324 de
938 2260 1064 2342 Posega
1089 2261 1242 2324 memorie

108 2365 416 2432 commendamus..
438 2365 523 2448 quod
553 2365 710 2430 Kazimer
735 2372 768 2430 et
792 2365 932 2430 Habach
956 2365 1015 2429 filii
1041 2366 1160 2434 Vadak
1186 2365 1245 2432 filii

107 2478 294 2561 Dragizlow
311 2477 350 2541 de
367 2477 508 2542 Worsan
525 2476 565 2540 ab
582 2497 646 2540 nna
662 2482 765 2558 parte,
790 2476 909 2540 Petrus
935 2477 1077 2542 Thomas
1096 2483 1130 2542 et
1145 2477 1241 2543 Nico-

108 2588 181 2652 laus
197 2585 257 2650 filii
274 2585 356 2668 Elye
373 2583 430 2648 filii
447 2583 605 2666 Stephani
621 2604 661 2648 ex
676 2582 781 2648 altera
798 2605 905 2650 coram
923 2583 1014 2650 nobis
1030 2585 1245 2667 personaliter

111 2692 292 2770 constituti,
328 2692 424 2756 iidem
455 2691 610 2756 Kazimer
635 2698 668 2755 et
691 2690 830 2757 Habach
854 2692 988 2756 muscosi
1014 2699 1090 2756 sunt
1106 2741 1135 2758 ..
1160 2692 1245 2776 quod

111 2801 173 2885 ipsi
190 2801 310 2865 letales
326 2799 507 2882 particulas
524 2807 609 2864 terre
635 2819 744 2864 eorum
770 2800 848 2882 ipsis
873 2800 942 2864 iure
960 2799 1156 2865 hereditario
1172 2822 1244 2866 con·

113 2911 287 2992 tingentes,
303 2909 389 2972 inter
405 2907 631 2990 generaciones
644 2906 860 2990 predictorum
871 2907 1011 2972 liliorum
1023 2909 1105 2993 Elye
1117 2911 1149 2974 in
1160 2909 1242 2976 Vor-

108 3039 169 3084 san
187 3017 327 3092 habitas,
343 3017 422 3099 ipsis
438 3037 495 3099 per
511 3015 640 3080 modum
656 3015 820 3080 divisionis
836 3015 999 3094 deventas,
1010 3039 1082 3081 cum
1094 3016 1242 3082 omnibus

104 3126 314 3203 utilitatibus,
343 3124 490 3189 videlicet
515 3124 710 3190 sessionibus
735 3123 926 3189 molendinis
954 3123 1070 3189 tenetis
1099 3125 1186 3190 silvis
1210 3131 1243 3188 et

105 3235 205 3298 terris
222 3231 401 3297 arabilibus
427 3254 463 3298 ao
483 3231 647 3315 quibusvis
664 3231 857 3309 attinenciis,
881 3231 1117 3314 prenominatis
1143 3232 1243 3300 Petro

105 3340 232 3405 Thome
249 3347 283 3404 et
298 3339 436 3406 Nicolao
452 3337 527 3404 filiis
547 3340 625 3424 Elye
642 3359 699 3422 pro
716 3339 824 3404 decem
840 3339 958 3404 marcis
975 3345 1174 3422 promtorum
1190 3341 1243 3404 de·

103 3449 273 3512 uariorum
306 3447 551 3526 Veronensium,
587 3455 624 3512 ut
649 3447 801 3512 dixerunt
832 3447 872 3512 ab
907 3447 1027 3512 eisdem
1053 3449 1243 3532 receptio..

101 3555 327 3621 vendidissent
336 3557 406 3620 iure
416 3560 571 3639 perpetuo
592 3605 598 3618 .
619 3607 625 3620 .
644 3563 754 3620 tenere
765 3557 930 3639 peniteret
941 3555 1239 3634 habere;dixerunt

103 3664 210 3727 eciam
228 3662 324 3727 iidem
335 3661 684 3728 KazimeretHabach
703 3663 762 3726 filii
773 3662 900 3740 Vadak,
910 3662 996 3744 quod
1005 3668 1111 3727 ternas
1132 3681 1241 3727 eorum

101 3769 392 3853 impignoraticias
424 3790 486 3852 que
518 3770 604 3854 apud
639 3791 860 3853 quemcunque
894 3771 945 3834 vel
969 3769 1055 3852 apud
1087 3790 1243 3851 quoscun-

101 3900 167 3961 que
208 3899 276 3943 esse
307 3878 560 3955 dinoscerentnr,
585 3877 681 3944 iidem
713 3877 768 3944 filii
794 3879 867 3943 Elie
893 3877 1071 3942 redimendi
1102 3877 1237 3942 liberam

103 3995 139 4050 et
155 4006 303 4052 securam
319 3985 485 4050 habebunt
501 3985 698 4065 facultatem,
715 3993 881 4069 tamquam
892 3987 1023 4069 propria
1040 4007 1150 4050 eorum
1167 4008 1238 4050 cum

100 4116 245 4178 persona
262 4145 268 4158 .
286 4145 292 4158 .
316 4094 440 4160 Datum
466 4092 548 4158 feria
564 4094 703 4159 secunda
729 4096 876 4177 proxima
895 4100 968 4177 post
984 4093 1101 4159 festum
1117 4092 1242 4159 Ascen-

100 4202 205 4267 sionis
232 4201 362 4284 domini,
396 4222 481 4267 anno
512 4201 652 4266 eiusdem
685 4202 860 4267 Millesiuro
891 4202 1118 4268 trecentesimo
1150 4203 1242 4285 quin-

99 4310 302 4394 quagesima

213 4488 238 4536 A
261 4488 398 4551 pozsegai
424 4487 615 4549 kaptaiannak
643 4493 719 4538 1401.
758 4489 824 4538 febr.
850 4487 931 4538 ‘ll-en
967 4488 1139 4538 »Furcassius
1168 4489 1242 4538 filius

99 4579 212 4628 Thome
227 4576 278 4625 filii
291 4575 352 4624 Elio
365 4575 399 4624 de
412 4576 557 4626 Graduclr«
570 4577 693 4627 kertsere
704 4577 842 4626 kiallltotc
854 4577 1022 4640 dtiratab613
1037 4583 1164 4628 nevezett
1175 4579 1242 4628 Far-

98 4668 150 4716 kas
179 4662 331 4713 kereseusk
354 4665 558 4730 tamogatasara
583 4665 727 4731 elbadvan,
750 4669 824 4731 hogy
847 4683 879 4717 az
902 4668 970 4717 atirt
993 4668 1102 4718 oklevel
1118 4669 1242 4734 »infuga-
