3192 5466
572 495 666 570 lale.
683 507 756 569 uls.
773 494 826 568 nl.
1207 497 1269 565 195

132 681 215 754 inter
242 689 360 772 parton,
386 683 454 753 sine
480 685 658 771 preiudicio
685 685 764 752 iuris
789 683 898 762 alieni,
914 681 1026 750 durari
1051 683 1267 750 commisimus

132 796 312 882 patrocinio
328 797 530 879 presencium
546 793 709 859 mediante
727 845 733 858 .
751 846 756 858 .
773 791 898 858 Datum
923 792 1025 875 Eudo,
1042 793 1200 857 sedecimo
1217 792 1268 856 dio

132 905 261 970 termini
278 904 510 988 reportacionis
526 903 620 968 serici
637 907 816 987 prenotate,
832 909 916 966 anno
934 901 1055 966 domini
1071 901 1124 968 M⁰
1148 898 1269 966 0οΟῐῃο

135 1014 240 1080 XL¹¹¹⁰
257 1021 379 1078 octavo.

241 1142 283 1192 Az
297 1143 429 1192 elvcszett
451 1139 542 1204 peccet
569 1141 662 1206 sargus
684 1137 922 1202 selyemsodratou
945 1139 1075 1203 fuggom
1095 1137 1225 1201 credetije
1239 1154 1271 1188 az

134 1247 201 1282 orsz.
225 1235 257 1282 lt.
268 1233 367 1282 kincst.
382 1239 448 1282 oszt.
460 1233 535 1282 Mon.
549 1232 611 1281 Vct.
625 1229 694 1280 Bud.
718 1235 760 1280 31.
778 1235 817 1280 17.
832 1229 901 1292 dipl.
916 1235 983 1278 oszt.
998 1235 1076 1280 3989.
1097 1229 1196 1278 Kczn:
1217 1230 1271 1278 Ko-

140 1325 202 1374 raos
220 1324 257 1372 N.

626 1446 785 1454 ——--——

680 1594 732 1654 94.

143 1736 236 1798 1348.
255 1733 360 1811 Bada,
377 1736 452 1818 mdj
469 1735 521 1796 24.
548 1733 667 1796 Miletos
682 1732 784 1798 reddor
811 1729 1020 1796 Sadrazberck
1037 1733 1068 1795 c‘s
1085 1732 1176 1796 Simu
1191 1741 1272 1797 acuit

101 1839 103 1842 ’
139 1843 289 1906 Santram*
306 1843 486 1927 odrmepyei
501 1839 705 1904 birmkokdun
731 1839 968 1922 Ldszldfidoalc
983 1839 1152 1904 Janosnat
1168 1841 1274 1917 re'czo‘t,

137 1951 230 2030 azert,
247 1959 326 2013 mest
342 1973 411 2012 ezcn
429 1949 548 2030 Lacca,
568 1951 647 2012 mint
665 1950 767 2012 hunnis
779 1949 933 2034 penzucrd
949 1947 1078 2012 huddlra
1096 1948 1241 2026 iuliano,
1258 1969 1274 2010 s

140 2058 278 2124 &motui
300 2058 415 2121 Tameia
431 2057 493 2120 volt
511 2055 632 2142 erdlilyi
655 2056 819 2142 oajddaak
828 2055 1141 2142 adomdayoztattulc,
1159 2079 1179 2120 a
1196 2067 1275 2121 most

497 2175 631 2230 acoczctt
651 2165 830 2230 Tomdmmk
846 2165 921 2229 cell.

248 2309 319 2376 Nos
345 2309 501 2376 Nicolaus
519 2360 525 2374 .
543 2362 549 2375 .
566 2309 730 2394 palatinus
747 2359 777 2374 ..
804 2309 1022 2392 significamus
1039 2359 1045 2373 .
1063 2360 1069 2374 .
1087 2311 1173 2392 quod
1198 2311 1275 2376 dum

143 2440 200 2484 nos
217 2419 251 2482 in
268 2418 439 2502 quindenis
449 2417 525 2484 festi
534 2417 621 2484 beati
631 2417 802 2484 Michaelis
820 2415 1008 2500 archangeli
1022 2417 1086 2481 iam
1103 2420 1278 2502 preteritis,

144 2547 284 2592 unacum
299 2525 475 2592 baronibus
491 2533 524 2590 et
540 2529 633 2609 regni
658 2525 819 2591 nobilibus
843 2525 1012 2590 iudiciario
1038 2547 1097 2609 pro
1122 2525 1279 2592 tribunali

144 2635 362 2714 consedentes,
392 2637 557 2700 universas
583 2633 800 2718 quorumlibet
825 2655 934 2699 coram
959 2633 1050 2698 nobis
1075 2633 1279 2718 litigancium

145 2766 261 2810 causas
287 2766 346 2810 sua
370 2744 572 2810 moderativa
587 2745 782 2809 discussione
799 2743 960 2808 discutere
977 2745 1180 2828 cepissemus,
1195 2745 1280 2808 inter

146 2859 269 2918 ceteros
287 2851 467 2917 causidicos
484 2851 509 2917 J
510 2852 653 2918 ohannes
672 2851 758 2916 filius
775 2849 935 2934 Stephani
958 2872 1017 2934 pro
1043 2851 1196 2916 Johanne
1212 2851 1280 2918 filio

145 2960 294 3026 Ladislai
319 2959 358 3024 de
375 2959 601 3024 Zarrazberulr
617 3010 623 3024 .
642 3009 648 3024 .
665 2960 707 3024 ad
722 2965 866 3025 nostram
891 2959 1046 3024 accedens
1071 2962 1281 3044 presenciam,

146 3075 260 3134 eontra
285 3069 477 3152 magistrum
502 3067 687 3134 Johannem
722 3088 874 3150 magnum
902 3067 941 3130 de
965 3065 1094 3132 Ohahul
1123 3067 1280 3150 quasdam

147 3177 262 3242 literas
288 3225 295 3240 .
321 3229 327 3240 .
354 3183 527 3242 conventus
553 3177 658 3242 sancti
684 3175 842 3261 Stephani
883 3173 974 3240 nobis
1015 3175 1280 3257 rescripcionales

147 3275 362 3367 prese'ntarat,
385 3283 418 3348 in
435 3283 551 3366 quibus
567 3283 801 3368 reperieramus
818 3281 983 3361 contineri,
1000 3281 1085 3364 quod
1101 3283 1134 3346 in
1150 3304 1281 3367 congre-

149 3390 285 3474 gacione
310 3397 421 3454 nostra
447 3390 591 3472 generali
616 3389 822 3454 universitati
847 3388 1003 3454 nobilium
1020 3388 1059 3452 de
1075 3389 1233 3455 Zathmar
1250 3399 1283 3455 et

148 3499 187 3563 de
212 3497 354 3580 Vgacha
379 3499 592 3562 comitatuum
617 3498 758 3563 secunda
783 3498 864 3562 feria
889 3497 1036 3580 proxima
1061 3505 1134 3580 post
1166 3497 1283 3564 festum

149 3607 245 3670 beate
260 3603 449 3688 Margaretc
476 3605 607 3687 virginis
633 3611 666 3669 et
690 3605 835 3671 martiris
860 3625 960 3688 prope
984 3603 1094 3670 villam
1120 3603 1284 3689 Gelyenns

150 3711 326 3788 celebrata,
349 3710 517 3776 Johannes
542 3711 628 3776 filius
644 3711 792 3777 Ladislai
808 3711 847 3775 de
863 3711 1090 3777 Zarrazberuk
1115 3711 1154 3776 de
1180 3711 1284 3777 medio

149 3821 290 3884 aliorum
307 3820 491 3902 exurgendo
508 3827 720 3904 proposuerat
730 3841 767 3884 eo
777 3820 879 3902 modo,
897 3820 983 3904 quod
994 3821 1150 3904 magister
1159 3820 1184 3884 J
1185 3821 1284 3885 ohan-

151 3915 220 3993 nes
234 3948 371 4010 magnus
397 3927 436 3992 de
462 3926 591 3993 Ohahul
616 3929 902 4012 possessionariam
927 3927 1111 4011 porcionem
1136 3949 1228 3992 suam
1253 3931 1286 3994 in
1355 3985 1360 3995 .

151 4037 265 4101 eadem
283 4035 481 4118 possessione
497 4035 725 4101 Zarrazberuh
741 4036 887 4100 habitam
903 4035 1090 4119 occupando
1106 4035 1285 4118 detineret,
1325 4074 1330 4085 ι

150 4145 245 4209 cuius
262 4141 391 4226 quidem
407 4143 631 4226 occupacionis
647 4143 810 4208 racionem
826 4142 972 4207 voluerat
987 4142 1127 4224 experiri
1138 4163 1195 4226 per
1211 4165 1287 4208 cun-

151 4255 246 4333 dem;
271 4274 335 4334 quo
361 4252 472 4317 audito
497 4253 564 4336 ipse
582 4253 736 4335 magister
761 4251 930 4316 Johannes
956 4251 1170 4334 personaliter
1195 4271 1287 4316 exur-

23 4377 25 4412 =
52 4441 56 4448 Ι
152 4361 268 4444 gendo,
291 4359 412 4424 dictam
428 4361 660 4443 possessionem
677 4359 905 4424 Zarrazbcruk
921 4381 959 4423 cx
976 4359 1151 4424 collacione
1167 4359 1289 4425 domini

151 4471 280 4537 Thomc
296 4467 431 4532 condam
456 4469 594 4554 voyvode
610 4468 832 4534 Transsilvani
849 4469 969 4534 domini
989 4469 1038 4533 sui
1054 4491 1086 4536 se
1106 4477 1290 4535 asseruerat

150 4597 353 4657 conservare,
376 4577 460 4642 unde
487 4599 543 4641 nos
635 4577 756 4641 dictam
787 4577 1072 4659 possessionariam
1104 4579 1289 4662 porcionem

152 4685 258 4770 ipsius
269 4683 294 4748 J
295 4683 430 4749 ohannis
441 4685 499 4748 filii
510 4683 656 4750 Ladislai
673 4685 917 4750 decreveramus
928 4685 1133 4768 pereundam
1146 4687 1289 4768 legitime

1132 4811 1181 4862 13*
