3138 5462
537 481 631 544 1347.
648 497 717 540 ocr.
735 482 763 542 6.
1160 475 1222 536 137

102 661 218 736 dictum,
242 659 495 724 contradictores
512 658 627 722 verosi
645 658 699 740 qni
717 657 846 736 inerint,
872 657 949 720 citet
966 656 1092 720 eusdem
1110 661 1223 720 contra

102 769 249 852 prefatum
265 767 429 832 dominum
446 765 648 850 Stephanum
665 765 706 830 ad
723 772 867 830 nostram
883 765 1082 848 presenciam
1099 763 1140 828 ad
1157 769 1219 828 ter·

104 878 212 942 minum
227 881 469 959 competentem,
486 881 518 939 et
528 880 602 958 post
611 874 671 938 hec
687 925 693 938 .
712 921 718 935 .
736 873 851 938 seriem
868 873 969 937 toeius
986 870 1061 936 sacti
1079 871 1171 936 nobis
1188 923 1194 936 .
1212 921 1218 934 .

104 984 284 1052 rescribatis.
307 983 434 1048 Datum
453 983 556 1060 Bude,
581 982 663 1048 feria
688 983 805 1064 quinta
830 981 978 1064 proxima
1003 986 1080 1044 ante
1106 980 1221 1044 festum

103 1095 184 1159 beate
211 1091 422 1173 Margarethe
447 1091 589 1174 virginis,
615 1111 699 1154 anno
726 1089 844 1155 domini
878 1087 952 1152 Μ1110
980 1085 1100 1156 000ῐιιο
1117 1086 1222 1152 err

103 1203 233 1286 septimo.
257 1200 327 1266 Nos
345 1249 354 1264 .
369 1250 376 1264 .
393 1197 531 1264 unacuin
559 1198 702 1282 predicto
727 1197 860 1262 Inanka
877 1197 916 1260 de
933 1193 995 1260 Ws
1011 1195 1138 1261 homine
1155 1215 1223 1276 suu,

103 1312 251 1376 homiuem
268 1317 413 1375 nostrum
436 1359 466 1374 ..
492 1307 685 1374 Michaelem
712 1307 864 1374 clericum
890 1306 1050 1372 1111111111
1077 1310 1222 1370 nostrum

101 1421 283 1485 1111111111
308 1441 367 1502 pro
392 1417 574 1483 testimonio
591 1417 632 1481 ad
648 1416 873 1500 exequendum
899 1415 1056 1499 premissa
1072 1413 1220 1478 duximus

101 1527 381 1604 transmittendum,
405 1527 460 1610 qui
477 1577 483 1590 .
501 1573 507 1590 .
524 1526 675 1590 dixerunt
691 1525 781 1592 nobis
798 1575 805 1588 .
822 1573 828 1588 .
846 1524 931 1605 quod
948 1523 1007 1606 ipsi
1034 1521 1115 1588 feria
1131 1527 1223 1588 sexta

101 1635 235 1719 proxima
260 1641 333 1718 post
356 1634 474 1700 festum
490 1635 591 1700 sancti
605 1633 630 1700 J
631 1633 722 1698 aeobi
739 1633 875 1716 apostoli
891 1632 1035 1715 proxime
1052 1651 1136 1695 nnnc
1152 1651 1222 1714 pre-

100 1744 232 1820 teritum,
257 1743 438 1808 adfaciem
464 1743 651 1826 supradicte
681 1742 890 1826 possessionis
915 1740 1083 1806 Deveeher
1107 1745 1221 1804 uocate

100 1853 214 1936 pariter
229 1853 438 1918 accessissent
454 1859 486 1918 et
500 1851 544 1916 ibi
562 1851 708 1916 omnibus
734 1853 846 1918 vicinis
863 1859 894 1918 et
910 1849 1137 1916 commetaneis
1154 1849 1220 1912 suis

99 1959 372 2044 propinquioribus
398 1966 431 2026 et
455 1961 661 2042 immediatis,
686 1961 833 2026 uidelicet
853 1959 1033 2026 Laureneio
1051 1957 1118 2023 filiu
1133 1955 1221 2024 Abei

99 2071 134 2133 de
150 2069 311 2134 Devecher
327 2067 485 2151 superiori
501 2090 574 2133 eum
590 2068 664 2133 filiis
680 2069 755 2149 suis,
781 2069 856 2134 item
873 2069 1026 2134 «iohanne
1043 2074 1075 2132 et
1091 2066 1220 2133 Simone

98 2177 134 2240 de
158 2175 464 2256 Arouzenthmielos,
490 2176 568 2243 item
593 2199 632 2241 ex
656 2185 750 2261 parte
780 2177 928 2260 magistri
954 2175 1112 2260 Stephani
1143 2175 1220 2240 dicti

101 2287 214 2366 Pagae,
231 2281 329 2348 Gallo
344 2282 412 2348 filio
427 2283 590 2350 Johannis
609 2284 666 2350 filii
685 2285 773 2351 Both
789 2293 821 2350 et
845 2286 944 2350 Petro
969 2283 1034 2348 filiu
1050 2283 1159 2348 Jakoh
1176 2282 1221 2348 fa-

98 2391 186 2456 mnlis
201 2399 233 2456 et
248 2375 441 2457 officialibus
467 2414 588 2458 necnon
614 2394 767 2477 legitimis
792 2393 1054 2478 procuratoribus
1079 2391 1220 2456 eiusdem

97 2501 233 2583 magistri
252 2499 409 2584 Stephani
427 2500 505 2565 dicti
523 2502 646 2586 Pagae,
666 2503 743 2568 item
768 2503 922 2585 magistro
937 2500 1029 2566 Vosk
1045 2499 1220 2566 castellano

97 2609 132 2672 de
148 2607 321 2688 Baluanus,
348 2608 425 2672 item
442 2607 571 2674 Simone
593 2609 745 2674 dohanne
771 2617 802 2675 et
827 2609 964 2676 Nicuiao
980 2608 1055 2673 filiis
1072 2608 1161 2672 Petri
1179 2607 1218 2672 de

99 2715 313 2789 Chanartelke,
344 2716 421 2780 item
438 2715 574 2782 Nicolao
600 2725 632 2784 et
656 2718 810 2783 Ladisiao
837 2717 931 2784 dietis
958 2717 1036 2794 Vos,
1067 2716 1220 2780 dohanne

96 2825 175 2890 dieto
191 2823 291 2890 01111
308 2829 342 2890 11
357 2825 457 2890 Petro
483 2825 554 2890 rufo
580 2825 655 2892 filiis
681 2827 843 2892 d‘ohannis
860 2826 917 2892 filii
934 2825 1070 2902 Emnch,
1097 2846 1219 2890 necnon

95 2934 238 3000 dohanne
255 2932 322 2997 filio
339 2931 468 2998 Nicolai
484 2933 561 2999 dieti
578 2935 646 3002 Vos
663 2936 797 3000 senioris
814 2935 853 3000 de
869 2941 981 3000 saneto
998 2934 1125 3016 Egilio,
1142 2934 1219 2997 item

95 3041 114 3104 .J
119 3041 239 3106 ohanne
257 3039 424 3124 Stephano
440 3048 473 3106 et
490 3041 644 3108 Ladislao
664 3043 739 3108 tiliis
765 3043 888 3108 'thome
913 3043 972 3108 filii
997 3041 1163 3108 Ambrosii
1180 3041 1220 3106 de

98 3149 205 3214 Gench
221 3155 255 3212 11
271 3148 344 3213 aliis
361 3149 471 3216 multis
488 3149 565 3216 11111
582 3150 751 3234 nobilibus,
771 3152 881 3218 vicinis
898 3151 1126 3216 remocioribus
1143 3149 1219 3232 legi·

97 3257 167 3321 time
184 3258 366 3322 conuocatis
384 3263 417 3322 et
432 3258 645 3341 presentibus,
662 3261 825 3343 predictus
842 3259 974 3326 1111111
990 3259 1084 3324 homo
1100 3258 1220 3323 domini

94 3368 218 3450 regis..
236 3389 347 3432 eoram
364 3369 508 3452 predicto
523 3369 652 3435 homine
677 3377 786 3436 nostro
811 3371 1032 3454 supradictam
1048 3366 1220 3452 possessio·

94 3495 161 3538 nem
175 3474 344 3540 Derecher
359 3481 513 3554 11111111,
530 3498 593 3560 qne
609 3499 668 3560 pru
685 3478 866 3544 excessibus
891 3483 924 3543 et
948 3475 1075 3542 offensis
1092 3473 1219 3540 Nicolai

93 3582 146 3646 filii
163 3583 296 3648 Andree
323 3583 362 3647 de
387 3583 498 3648 eadem
523 3585 691 3652 Devecher
717 3587 834 3652 notorii
859 3585 1075 3651 malefactoris
1093 3583 1133 3648 ad
1150 3604 1218 3665 pre·

94 3689 209 3756 dictum
236 3690 438 3775 Stephanum
464 3694 636 3778 voyvodam
656 3702 823 3778 tamquam
849 3695 890 3760 ud
915 3695 1052 3759 iudicem
1069 3698 1152 3758 esset
1168 3691 1221 3756 de·

94 3805 184 3862 11111
199 3805 231 3864 11
246 3798 406 3876 devoluta,
428 3805 624 3882 perveteres
641 3809 674 3868 11
690 3804 844 3883 antiquas
864 3825 938 3867 snus
955 3809 1057 3866 metas
1074 3799 1221 3866 reambu-

92 3904 195 3982 iasset,
210 3904 395 3988 ubicunque
422 3915 639 3990 opportunum
664 3916 696 3974 et
721 3929 851 3974 necesse
874 3909 1044 3974 videbatur
1069 3909 1220 3991 antiquas

91 4019 190 4078 metas
206 4013 390 4078 renovando
407 4021 440 4079 et
460 4017 553 4082 iuxta
569 4037 623 4082 eas
640 4037 737 4082 novas
762 4017 921 4100 erigendo,
946 4019 1049 4102 ipsam
1067 4017 1220 4100 possesio·

92 4143 160 4184 nem
170 4121 338 4186 Deveeher
354 4129 499 4188 vocatam
509 4123 550 4188 ab
560 4123 707 4190 omnibus
722 4124 794 4189 aliis
810 4123 1063 4208 possessionibus
1077 4131 1109 4189 et
1125 4125 1220 4190 terris

92 4237 269 4314 separasset
294 4237 327 4294 et
353 4230 566 4312 distinxisset3
590 4237 623 4297 et
648 4232 724 4316 quia
749 4233 782 4296 in
808 4233 878 4315 ipsa
903 4231 1162 4299 reambulacione
1188 4239 1220 4298 et

91 4343 245 4404 metarum
256 4338 467 4420 antiquarum
479 4339 686 4406 renovaeione
697 4346 730 4405 11
740 4362 894 4406 novarum
912 4341 1074 4406 ereocione
1091 4341 1217 4424 publice

91 4451 120 4510 11
135 4445 304 4512 manifeste
320 4465 428 4512 eoram
445 4448 556 4513 vicinis
573 4455 607 4513 11
623 4449 849 4515 commetaneis
865 4449 953 4516 iacta
969 4449 1078 4516 nullus
1095 4455 1220 4516 contra·
1241 4463 1244 4468 '

90 4552 189 4618 ‹tictur
213 4553 399 4633 exstitisset,
424 4537 483 4621 nec
507 4555 618 4636 aliqua
642 4555 819 4640 prohibioio
845 4556 1012 4637 obviasset,
1037 4557 1107 4623 ideo
1133 4557 1217 4624 idem

91 4661 220 4727 Inanha
251 4663 348 4728 homo
373 4663 611 4749 domini'regia
644 4663 704 4730 sub
735 4665 916 4731 testimonio
947 4666 1085 4733 hominis
1117 4668 1219 4756 nostri
