3192 5466
560 473 655 540 1348.
676 495 764 538 serr.
784 473 811 540 7.
1199 477 1264 542 223

134 653 315 721 Lodovicus
331 707 338 720 .
357 705 363 718 .
380 677 436 721 rex
453 705 460 719 .
477 705 484 718 .
501 655 643 740 capitulo
669 655 801 721 ecclesie
827 655 1049 740 Scepusiensis
1065 705 1073 720 .
1089 705 1096 718 .
1114 656 1195 722 dicit
1210 678 1264 722 no-

136 764 183 828 bis
198 764 318 829 Petrus
335 763 374 829 de
390 761 563 847 Chythnek
578 765 753 830 vicecomes
763 763 1027 848 Neugradiensis,
1045 765 1131 847 quod
1140 765 1174 829 in
1184 763 1265 831 festo

132 870 354 936 Assumcionis
379 873 514 955 virginis
540 871 678 955 gloriose
702 894 789 936 nunc
814 874 958 957 proxime
983 874 1155 956 preterito,
1186 874 1263 938 visis

131 981 235 1045 literis
251 981 370 1045 nostris
387 988 420 1044 et
435 979 563 1044 domine
581 981 691 1062 regine
716 980 884 1063 genitricis
910 988 1019 1046 nostre
1044 983 1263 1064 preceptoriis,

132 1095 164 1152 et
194 1089 298 1152 eciam
330 1109 369 1152 ex
400 1089 589 1154 induccione
629 1087 740 1154 fratris
782 1089 932 1170 magistri
972 1087 1104 1154 Alberti
1145 1090 1264 1154 notarii

130 1197 273 1261 eiusdem
298 1196 425 1261 domine
451 1197 559 1280 regine
585 1197 749 1279 genitricis
773 1201 891 1274 nostre,
923 1198 956 1261 in
982 1195 1060 1264 villa
1083 1197 1185 1264 Veres
1210 1219 1261 1262 vo-

131 1310 203 1370 cate
242 1304 403 1388 quendam
428 1301 533 1368 furem
558 1303 670 1368 ordine
694 1303 773 1368 iuris
800 1305 993 1387 captivasset
1018 1310 1051 1370 et
1076 1312 1207 1388 captum
1223 1306 1265 1371 ad

131 1413 311 1495 hospicium
328 1434 422 1476 suum
437 1411 544 1494 ipsum
560 1413 663 1476 finem
680 1411 833 1491 duxisset,
854 1419 886 1476 et
911 1413 1101 1478 Dominicus
1126 1435 1263 1496 magnus

130 1520 215 1584 iilius
232 1520 397 1586 Dominici
413 1520 452 1584 de
468 1521 613 1599 Haznus,
630 1543 703 1586 cum
718 1519 786 1585 filio
802 1542 859 1586 suo
876 1521 1042 1604 Stephano
1058 1529 1091 1586 et
1107 1521 1180 1587 aliis
1196 1523 1263 1588 suis

129 1627 339 1712 complicibus
354 1628 579 1712 potencialiter
594 1628 743 1693 manibus
760 1630 886 1694 armitis
908 1629 950 1694 ad
974 1630 1154 1714 hospicium
1170 1654 1263 1697 suum

130 1738 278 1814 venisset,
302 1737 409 1819 ipsum
434 1737 538 1801 furem
563 1737 602 1800 de
627 1737 815 1820 captivitate
840 1759 900 1802 sua
924 1740 1102 1822 excepisset
1126 1745 1159 1804 et
1182 1740 1263 1805 duos

128 1845 292 1928 proximos
308 1865 347 1909 ac
362 1850 428 1908 tres
445 1843 582 1908 famulos
593 1865 668 1908 suos
678 1843 891 1908 interfecisset
912 1851 945 1910 et
956 1845 1037 1910 alios
1053 1867 1109 1910 sex
1124 1845 1263 1913 famulos

129 1973 205 2018 suos
220 1952 364 2017 letaliter
380 1951 590 2030 vulnerasset,
606 1973 645 2017 ac
654 1973 706 2017 res
717 1974 791 2018 suas
807 1952 962 2019 ducentas
978 1976 1103 2020 marcas
1120 1955 1263 2020 valentes

131 2060 338 2141 abstulisset,
361 2081 459 2144 super
484 2082 547 2143 quo
564 2113 571 2127 .
588 2110 595 2125 .
612 2061 811 2143 mandamus
838 2069 999 2142 quatenus
1024 2070 1165 2128 vestrum
1190 2065 1263 2128 mit-

130 2169 207 2233 tatis
233 2169 396 2234 hominem
421 2191 480 2252 pro
504 2170 688 2235 testimonio
714 2220 744 2235 ..
770 2191 879 2235 coram
904 2192 967 2253 quo
992 2171 1160 2237 Johannes
1177 2172 1262 2238 filius

127 2277 300 2342 Benedicti
316 2277 355 2341 de
371 2277 461 2341 Zoclr
485 2275 535 2341 vel
552 2276 697 2364 Jacobus
716 2277 803 2342 filius
833 2277 975 2342 eiusdem
1001 2277 1103 2343 altero
1129 2279 1261 2346 absente

127 2385 222 2449 homo
240 2393 359 2467 noster,
375 2383 417 2450 ab
433 2385 580 2452 omnibus
600 2384 718 2467 quibus
734 2385 827 2450 decet
843 2392 875 2450 et
890 2387 973 2468 licet,
984 2387 1066 2451 sciat
1076 2393 1107 2452 et
1117 2388 1263 2470 inquiret

127 2493 344 2559 omnimodam
360 2493 399 2558 de
409 2493 572 2577 premissis
591 2493 772 2574 veritatem3
789 2501 905 2577 etpost
915 2495 973 2560 hec
992 2545 999 2558 .
1017 2547 1023 2560 .
1040 2495 1080 2560 de
1096 2499 1261 2580 premissis

130 2601 221 2666 nobis
239 2653 270 2667 ..
297 2602 490 2667 rescribatis.
514 2602 637 2667 Datum
663 2603 766 2682 Bude,
791 2605 824 2668 in
845 2604 927 2668 festo
952 2606 1057 2670 sancti
1082 2609 1166 2690 regis
1192 2607 1262 2672 Ste-

129 2713 240 2796 phani,
267 2733 352 2776 anno
376 2712 497 2777 domini
522 2713 574 2778 M⁰
597 2711 718 2780 00οΜ
744 2715 849 2780 XL¹¹²⁰
874 2721 993 2780 octavo.
1018 2714 1088 2780 Nos
1113 2715 1261 2798 igitur..

131 2841 273 2885 unacum
289 2819 314 2884 J
315 2819 414 2884 acobo
430 2820 558 2886 homine
574 2829 680 2886 vestro
697 2823 848 2905 predicto,
874 2831 1020 2888 nostrum
1045 2825 1191 2888 misimus
1207 2824 1261 2888 ho-

130 2929 251 2993 minem
266 2929 391 2994 scilicet
406 2928 554 2994 Blasium
569 2929 783 3014 presbiterum
810 2931 900 2996 chori
916 2933 1018 2996 nostri
1043 2953 1102 3015 pro
1119 2932 1261 2996 testimo·

128 3035 182 3101 nio
199 3087 205 3099 .
224 3085 230 3098 .
249 3036 307 3117 qui
323 3085 330 3098 .
346 3085 353 3099 .
369 3037 560 3114 retulerunt,
586 3035 673 3117 quod
688 3036 769 3102 ferie
785 3043 876 3102 sexta
891 3039 1036 3120 proxima
1052 3045 1127 3104 ante
1143 3039 1261 3104 festum

129 3145 235 3211 sancti
252 3145 364 3229 Egidii
380 3147 523 3228 proxime
547 3147 748 3230 preteritum,
773 3145 858 3212 idem
874 3147 969 3212 homo
984 3155 1089 3213 vester
1104 3149 1190 3213 dicto
1207 3149 1261 3213 ho

129 3256 215 3320 mine
233 3261 344 3318 nostro
359 3259 516 3336 presente,
532 3253 574 3318 ab
589 3254 736 3319 omnibus
752 3255 912 3320 nobilibus
928 3257 1099 3322 comitatus
1113 3255 1261 3338 Neugra-

128 3362 275 3426 diensis.
292 3410 299 3423 .
316 3360 462 3444 diligenti
477 3362 634 3444 premissa
649 3361 906 3444 investigacione,
926 3364 1025 3428 talem
1042 3363 1081 3427 de
1096 3365 1260 3448 premissis

129 3469 302 3535 scivissent
317 3469 495 3550 veritatem,
519 3469 698 3551 quodcum
721 3468 807 3534 idem
832 3470 950 3534 Petrus
975 3470 1015 3534 dc
1040 3471 1211 3555 ththnek
1227 3473 1260 3535 in

131 3578 245 3660 vigilia
270 3577 350 3642 dicti
375 3576 449 3642 festi
464 3577 689 3642 Assumcionis
713 3577 847 3660 virginis
872 3578 1008 3662 gloriose
1032 3579 1192 3662 quendam
1207 3580 1262 3645 ho·

128 3687 250 3750 minem
266 3685 300 3748 in
316 3683 384 3748 foro
409 3685 569 3768 captivari
584 3691 617 3750 et
632 3685 707 3750 duci
731 3685 773 3750 ad
797 3685 977 3769 hospicium
1001 3709 1095 3751 suum
1120 3687 1260 3764 fecisset,

127 3797 321 3873 prenotatus
337 3789 527 3857 Dominicus
551 3791 637 3858 filius
652 3793 815 3858 Dominioi
839 3813 979 3858 unacum
1005 3792 1170 3876 Stephano
1194 3795 1260 3859 filio

128 3921 186 3964 suo
202 3897 348 3983 predicto
364 3899 407 3964 ad
423 3900 584 3983 prefatum
600 3901 777 3985 hospicium
803 3901 905 3986 ipsius
929 3901 1021 3967 Petri
1045 3903 1195 3968 manibus
1210 3925 1261 3968 ar-

127 4007 226 4071 matis
241 4006 468 4090 potencialiter
483 4007 672 4090 accedendo,
686 4008 793 4093 ipsum
817 4011 980 4094 captivum
1004 4011 1127 4075 remitti
1152 4017 1260 4094 postu-

126 4113 246 4194 lasset3
270 4135 343 4178 cum
367 4115 479 4196 itaque
503 4115 588 4180 idem
612 4117 731 4184 Petrus
757 4118 891 4184 eundem
908 4119 1072 4202 captivum
1096 4121 1260 4185 remittere

127 4221 332 4304 denegasset,
355 4221 460 4287 verbis
477 4223 639 4288 iniuriosis
665 4225 988 4307 supercrescentibus,
1004 4226 1090 4291 idem
1114 4227 1260 4293 Domini-

126 4350 184 4394 cus
201 4351 275 4393 cum
290 4327 358 4392 filio
375 4350 433 4394 suo
448 4331 554 4414 ipsum
570 4331 708 4396 Petrum
718 4332 757 4397 de
768 4332 880 4398 eodem
895 4333 1040 4418 hospicio
1056 4333 1259 4417 effugassent,

127 4438 216 4520 quod
231 4437 379 4502 videntes
395 4457 505 4502 omnes
521 4438 663 4504 forenses
680 4446 713 4504 et
729 4440 858 4520 advene,
877 4461 974 4524 super
983 4441 1161 4525 hospicium
1178 4444 1259 4506 irru-

127 4546 239 4628 issent,
256 4545 394 4610 eundem
409 4563 549 4611 unacum
565 4547 736 4615 Dominico
752 4555 922 4632 prenotato
947 4555 980 4614 et
1003 4549 1109 4632 ipsum
1124 4551 1259 4614 Petrum

127 4655 275 4718 occidere
292 4653 475 4734 voluisseut,
492 4655 547 4720 ubi
564 4659 706 4740 quinque
732 4656 843 4722 famuli
862 4657 939 4722 dicti
956 4658 1046 4722 Petri
1063 4657 1198 4723 fuissent
1213 4659 1260 4722 iu·
