3226 5462
370 491 391 568 l
537 531 542 542 ·
729 505 915 570 raucorum
932 509 1146 570 anularius.

369 685 476 766 tisque
501 693 605 752 vestre
630 687 718 769 regie
743 686 922 752 maiestatis
948 707 981 752 se
997 686 1256 772 obtemperantes
1273 691 1505 770 acceptassent,

370 815 442 858 cum
467 793 565 859 nullis
591 815 762 860 causarum
787 795 933 860 articulis
959 796 993 860 iu
1018 796 1090 880 ipsa
1115 793 1366 880 'congregacione
1392 803 1506 862 contra

371 906 500 972 eosdem
531 905 725 972 Ladislaum
749 912 783 971 et
807 891 1186 971 Fabianum'movenuis
1218 905 1425 984 indicassent,
1450 902 1506 968 sed

372 1015 536 1080 universas
553 1033 668 1080 causas
685 1021 798 1080 contra
813 1015 900 1098 ipsos
916 1013 996 1078 inibi
1013 1014 1223 1097 emergendas
1238 1014 1281 1079 ad
1296 1021 1401 1080 vestre
1418 1013 1506 1094 regie

371 1122 551 1188 maiestatis
562 1123 762 1207 presenciam
779 1122 1035 1190 transmisissent
1051 1122 1277 1200 decernendas,
1293 1129 1422 1188 octavas
1438 1120 1503 1186 diei

376 1229 590 1298 Strennarum
622 1253 707 1296 nunc
736 1235 888 1296 venturas
920 1230 1040 1296 eisdem
1055 1251 1114 1316 pro
1131 1231 1268 1296 termino
1300 1227 1507 1315 comparendi

334 1422 338 1431 Ι
377 1339 580 1422 assignando.
606 1337 803 1424 Quiquidem
828 1339 1003 1406 Ladislaus
1028 1345 1061 1404 et
1085 1338 1251 1405 Fabianus
1269 1338 1329 1404 filii
1343 1337 1507 1404 Johaunis

373 1447 412 1512 de
427 1447 557 1514 Ballan
573 1448 614 1514 ab
631 1449 751 1516 eisdem
767 1449 888 1516 octaris
913 1449 978 1515 diei
1004 1446 1219 1515 Strennarum
1243 1448 1359 1532 viginti
1382 1447 1508 1513 duobus

373 1555 485 1621 diebus
512 1557 680 1640 continuis,
711 1557 839 1622 nemine
870 1557 935 1623 alio
965 1557 1057 1622 iuxta
1087 1555 1306 1640 predictarum
1337 1555 1508 1622 literarum

378 1671 556 1730 conventus
572 1666 735 1749 prenotati
746 1664 979 1731 continenciam
994 1665 1028 1730 in
1044 1664 1228 1746 aliquarum
1245 1685 1415 1730 causarum
1432 1663 1509 1728 arti·

374 1771 454 1837 culis
471 1779 584 1838 contra
603 1775 689 1858 ipsos
705 1773 808 1840 nostri
834 1779 1040 1857 comparente
1056 1774 1089 1838 in
1107 1775 1282 1857 presencia,
1299 1779 1458 1838 steterunt
1474 1771 1521 1836 inu

374 1879 511 1945 termino
527 1902 636 1948 coram
654 1879 746 1947 nobis
763 1932 769 1946 .
786 1930 792 1944 .
809 1881 934 1946 Datum
949 1880 1052 1964 Bude,
1069 1881 1221 1964 vigesimo
1237 1882 1337 1948 tercio
1353 1880 1405 1946 die
1422 1885 1509 1944 octa-

374 2008 486 2052 varum
501 1987 566 2055 diei
582 1987 801 2056 Strennarum
817 1988 1047 2073 predictarum,
1063 2011 1148 2055 anno
1175 1989 1296 2054 domini
1311 1989 1364 2056 ΜΟ
1388 1986 1509 2056 OOCmo

376 2094 486 2161 XL¹⁰⁰
506 2097 650 2182 septimo.

482 2241 611 2306 Paplron,
625 2241 771 2305 httlapjan
784 2241 877 2304 peccet
890 2241 1083 2308 tdredekeve13
1098 2241 1228 2304 eredetije
1238 2257 1270 2292 az
1281 2256 1349 2292 orsz.
1360 2241 1392 2290 lt.
1403 2241 1505 2290 kincst.
1606 2253 1607 2302 i

376 2336 444 2380 oszt.
458 2331 492 2381 N.
507 2334 540 2384 R.
554 2333 587 2381 A.
604 2337 680 2382 1537.
695 2339 719 2382 9.
733 2331 800 2395 dipl.
814 2333 846 2380 lt.
861 2335 938 2382 3963.
953 2332 1053 2382 Kozli:
1073 2333 1181 2384 Kovacs
1193 2331 1316 2384 aendor.

862 2567 1020 2575 ———--..

923 2731 953 2792 4.

270 2955 279 2966 ,
339 2951 343 2958 .
379 2895 474 2960 1347.
499 2893 609 2972 Beda,
626 2890 713 2977 febr.
740 2893 770 2954 2.
796 2889 824 2955 Ι.
851 2888 949 2975 Lajos
970 2889 1082 2976 kirtly
1098 2889 1276 2976 Szernebrye
1300 2897 1381 2954 aaut
1406 2887 1509 2953 birtok

377 2999 609 3090 elfopluldsdtdl
618 2999 720 3064 Betae
734 3001 857 3064 Ietvdnt
876 2999 907 3064 ts
920 2999 1093 3086 Gydrpyb't,
1112 2999 1210 3062 Heves
1221 3003 1385 3085 vdrmepgc
1402 2999 1508 3084 ispdn-
1605 3047 1606 3098 ,

847 3108 923 3192 jair,
939 3105 1032 3192 tiltjc.
1605 3107 1606 3144 ³

488 3289 671 3356 Lndovicus
688 3337 712 3355 ..
730 3285 896 3372 Stephano
906 3293 939 3353 et
948 3284 1091 3371 Georgio
1101 3286 1195 3352 dictis
1204 3285 1320 3354 Bubek
1339 3285 1510 3352 comitibus

378 3397 418 3464 de
445 3397 664 3482 Heveswyuar
680 3401 712 3462 et
727 3395 911 3462 castellanis
930 3395 970 3462 de
985 3395 1183 3462 Makauicha
1199 3447 1206 3460 .
1223 3395 1398 3461 ‚noveritis
1423 3394 1511 3476 quod

384 3505 562 3591 Gregorius
579 3513 611 3571 et
630 3504 775 3573 Michael
798 3503 858 3570 filii
882 3504 1051 3588 Demetrii,
1075 3505 1271 3588 Demetrius,
1295 3503 1452 3570 Nicotaus
1478 3509 1512 3567 et

380 3616 556 3682 Ladislaus
571 3613 631 3679 filii
647 3612 795 3690 Simonis,
810 3612 835 3677 J
837 3613 979 3678 ohannes
995 3611 1080 3678 filius
1104 3613 1274 3696 Johannis,
1300 3609 1461 3695 Georgius
1477 3617 1512 3676 et

380 3724 470 3790 Beke
486 3722 546 3788 filii
563 3721 727 3787 Johannis
743 3719 802 3784 filii
828 3720 970 3786 eiusdem
995 3720 1165 3802 Johannis,
1191 3741 1287 3805 super
1311 3721 1511 3805 possessione
1604 3757 1605 3766 κ

380 3831 567 3915 Scemelnye
585 3829 795 3895 ostenderunt
811 3827 902 3894 nobis
927 3828 1131 3913 privilegium
1155 3829 1236 3894 Bele
1261 3829 1355 3911 regis,
1380 3833 1413 3892 et
1437 3847 1511 3893 con·

380 3941 486 4022 questi
510 3939 642 4005 fuerunt
666 3937 699 4001 in
723 3939 810 4003 hunc
833 3938 973 4022 modum,
1003 3946 1041 4003 ut
1064 3961 1119 4005 vos
1144 3940 1247 4023 ipsam
1277 3937 1512 4022 possessionem

380 4069 536 4133 occupare
562 4054 594 4112 et
618 4045 754 4130 populos
785 4067 842 4111 sen
872 4047 1057 4131 iobagiones
1081 4047 1123 4112 ad
1148 4047 1281 4114 eandem
1313 4065 1510 4128 congregare

380 4157 523 4237 velletis3
547 4177 619 4221 cum
635 4155 736 4239 igitur
746 4177 803 4222 nos
813 4157 934 4222 nemini
949 4157 1111 4234 iniuriam,
1127 4156 1183 4222 sed
1199 4156 1332 4223 cuilibet
1347 4155 1510 4220 iusticiam

380 4265 450 4330 fieri
466 4264 609 4346 velimus,
634 4264 780 4329 volumus
797 4271 830 4329 et
845 4263 994 4331 fidelitati
1019 4271 1123 4330 vestre
1148 4263 1283 4332 firmiter
1308 4271 1340 4331 et
1365 4264 1511 4330 districte

381 4373 586 4457 precipiendo
597 4372 797 4456 mandamus,
815 4381 976 4455 quatenus
986 4374 1066 4440 illud
1087 4374 1193 4456 quoad
1204 4376 1406 4459 iusipsornm
1422 4371 1513 4437 nobi·

367 4481 460 4546 ,lium
476 4483 624 4564 pertinet,
640 4501 796 4565 occupare
812 4501 876 4546 non
891 4483 1047 4564 audeatis,
1064 4489 1096 4546 et
1111 4483 1138 4548 si
1154 4483 1302 4549 diceretis
1324 4483 1409 4563 quod
1426 4483 1512 4548 iuste

382 4591 486 4672 ipsam
513 4591 744 4672 possessionem
770 4611 927 4674 occupare
958 4593 1064 4669 vultis
1095 4599 1172 4657 tunc
1196 4614 1293 4675 super
1315 4593 1376 4658 hoc
1401 4613 1512 4656 coram
1603 4635 1604 4676 ,

384 4697 514 4762 domina
531 4699 644 4780 regina
660 4699 815 4780 genitrice
831 4708 942 4765 nostra
967 4703 1180 4784 compareatis
1195 4709 1237 4766 -et
1262 4703 1363 4768 eciam
1379 4701 1440 4786 ipsi
1457 4721 1512 4764 nc·
