3192 5466
707 435 893 480 auoouuom
911 422 1125 482 (idulatria.

882 695 954 758 lae.

361 856 452 917 1348.
469 854 531 920 dec.
548 855 579 918 8.
597 851 645 917 Aa
662 855 728 938 apri
744 853 900 939 lcctptolcu
927 855 998 918 alcu
1023 853 1151 918 Mdrtou
1168 851 1220 932 fia
1249 851 1344 914 Pata
1371 851 1401 913 e's
1421 849 1491 913 rcbt

357 961 491 1047 osqydui
514 985 616 1026 acures
642 985 697 1048 eqy
722 959 849 1040 rc‘szrdl,
876 967 945 1027 111άο
969 961 1087 1026 razo-tt
1105 961 1203 1048 pedi9
1236 959 1359 1024 l'elezdi
1384 957 1491 1021 K'c'rc'r·

353 1069 472 1133 liliatas
479 1070 530 1150 fic
546 1069 648 1134 Jc'aos
665 1069 880 1154 mepeqyezuelc
896 1067 1008 1148 abdon,
1024 1071 1102 1155 lacqy
1118 1093 1139 1133 a
1157 1068 1279 1132 Lora'ut
1293 1066 1395 1130 addar
1411 1087 1487 1128 urre-

353 1177 473 1262 lcdjdtcl
490 1175 590 1242 (ledet
607 1177 746 1241 Petertdl
755 1199 816 1263 per
831 1179 921 1262 atjda
947 1187 1104 1264 maginpert
1120 1175 1261 1241 birtolcolc
1277 1175 1370 1238 tezel
1387 1172 1487 1237 Atta-

356 1309 454 1349 rcreze
470 1294 549 1350 accit
566 1285 666 1349 birtolc
684 1285 807 1350 Velazctt
822 1287 1000 1365 thnosnuk,
1018 1285 1218 1350 Hcrrnuczes
1230 1283 1313 1348 Anzo'
1325 1291 1405 1347 uerit
1421 1281 1486 1344 ttr-

577 1391 668 1457 tolrolc
677 1393 773 1480 ped-iq
789 1417 827 1458 ar
844 1394 1084 1480 mppria-iakecah
1092 1392 1260 1480 jaasaaak.

462 1605 468 1618 .
486 1605 492 1621 .
510 1557 687 1640 capitulum
713 1557 845 1622 ecclesie
870 1554 1043 1640 Agriensis
1060 1605 1066 1619 .
1084 1608 1090 1620 .
1108 1557 1149 1622 ad
1165 1557 1387 1621 universorum
1403 1551 1486 1616 uoti·

352 1665 433 1729 uiam
450 1717 456 1731 .
474 1715 481 1731 .
498 1665 643 1730 volumus
659 1665 834 1748 pervenire,
852 1663 1072 1748 quodPethev
1091 1663 1158 1728 filio
1168 1663 1306 1730 Martini
1322 1661 1383 1726 filii
1392 1659 1485 1724 Petri

355 1794 413 1856 pro
429 1794 462 1838 se
479 1779 512 1838 et
527 1794 585 1856 pro
604 1772 776 1840 Dominioc
801 1772 867 1837 filio
883 1770 1027 1850 Andros,
1051 1771 1188 1838 Nicolao
1213 1771 1280 1836 filio
1305 1769 1436 1836 Nicolai
1455 1777 1487 1833 et

353 1881 456 1945 altero
473 1879 609 1946 Nicolao
624 1881 691 1945 filio
705 1879 852 1945 Ladislai
868 1879 927 1945 filii
944 1881 1087 1946 eiusdem
1099 1879 1238 1945 Martini
1255 1931 1261 1943 .
1279 1931 1285 1944 .
1302 1880 1382 1944 item
1398 1879 1485 1942 Pan·

353 1989 461 2072 gracie
486 1987 622 2055 Andrea
653 1995 685 2054 et
716 1989 868 2054 Loraudo
894 1988 970 2054 filiis
996 1989 1138 2055 eiusdem
1164 1988 1297 2054 Andree
1322 1985 1486 2052 nobilibus

353 2097 476 2162 scilicet
491 2097 531 2162 de
548 2095 680 2183 Osdyan
697 2119 736 2162 ex
752 2119 826 2176 una,
845 2105 877 2162 et
901 2098 1058 2179 magistro
1083 2097 1106 2162 J
1110 2097 1235 2162 ohanne
1260 2095 1329 2160 filio
1354 2095 1485 2161 Nicolai

351 2205 428 2270 dicti
443 2207 558 2272 Kvuer
574 2206 613 2270 de
623 2207 727 2274 Verez
744 2212 838 2290 parte
855 2204 896 2270 ab
906 2206 1019 2284 altera,
1036 2227 1144 2271 coram
1161 2206 1252 2270 nobis
1268 2203 1485 2287 personaliter

353 2315 546 2394 constitutis,
564 2338 623 2400 per
648 2316 775 2381 eosdem
799 2316 960 2380 Petheum
985 2320 1017 2398 et
1041 2313 1124 2380 filios
1149 2312 1291 2394 Andree,
1308 2333 1369 2377 sua
1386 2317 1419 2375 et
1435 2331 1484 2374 eo

354 2423 499 2488 rumdem
520 2423 656 2488 fratrum
683 2445 812 2489 suorum
828 2425 862 2488 in
878 2425 1025 2507 personis
1041 2475 1047 2488 .
1065 2477 1071 2490 .
1087 2423 1290 2508 propositum
1308 2419 1459 2485 exstitit.
1476 2467 1482 2480 .

353 2531 531 2615 quodlicet
547 2533 608 2616 ipsi
626 2539 658 2598 et
674 2533 834 2598 discretus
850 2533 899 2598 vir
914 2533 1063 2598 domiuus
1075 2533 1248 2598 Ladislaus
1264 2530 1351 2595 filius
1362 2529 1482 2595 Thome

352 2639 411 2706 filii
429 2641 514 2706 Ders
541 2643 580 2706 de
606 2641 710 2723 Zaba,
735 2663 821 2706 nunc
845 2643 1028 2726 prepositus
1053 2643 1186 2707 ecclesie
1211 2639 1324 2707 Sancti
1350 2636 1482 2721 Georgii

351 2749 495 2814 martiris
512 2749 551 2814 de
568 2748 743 2832 Strigonio,
770 2751 924 2834 magister
941 2751 1053 2834 Bagus
1069 2749 1155 2815 filius
1171 2748 1299 2833 Karoly
1314 2748 1356 2812 de
1372 2747 1481 2812 eadem

350 2855 483 2941 Osdyan
493 2857 658 2924 acfratres
675 2858 868 2936 eorumdem,
880 2879 953 2923 cum
962 2857 1061 2924 nobili
1077 2859 1193 2923 iuvene
1209 2856 1367 2940 magistro
1384 2857 1481 2920 Petro

350 2965 417 3030 filio
441 2966 550 3032 Deseu
575 2965 634 3030 filii
659 2967 795 3033 condam
820 2968 965 3033 Lorandi
990 2967 1128 3052 palatini
1145 2966 1184 3031 de
1201 2963 1315 3032 Gedeu
1333 2985 1354 3029 a
1369 2962 1482 3028 multis

349 3073 546 3158 temporibus
562 3075 730 3140 retroactis
755 3075 920 3158 hucusque
946 3076 980 3140 in
1004 3075 1061 3140 lite
1077 3074 1296 3159 procedentes,
1322 3071 1482 3155 quasdam

350 3183 566 3264 possessiones
583 3183 726 3266 ipsorum
742 3183 911 3249 Harmach
929 3183 1000 3248 Azo
1011 3189 1044 3248 et
1054 3180 1261 3248 Athauereze
1278 3185 1483 3263 nuncupatas

349 3290 382 3354 in
399 3289 604 3358 Gameriensi
621 3297 654 3356 et
670 3282 879 3356 Borsodiensi
903 3291 1107 3357 comitatibus
1131 3298 1168 3358 ut
1183 3289 1324 3355 refertur
1344 3289 1481 3354 existen-

353 3401 410 3474 tes,
435 3397 513 3462 olim
539 3420 596 3482 per
620 3399 741 3464 dictum
767 3398 955 3464 Lorandum
980 3406 1059 3466 tunc
1083 3398 1265 3483 palatinum
1297 3403 1482 3480 occupatas,

350 3505 442 3570 iuxta
457 3505 731 3572 adiudicacionem
749 3507 947 3589 prelatorum
973 3515 1006 3572 et
1030 3507 1121 3590 regni
1135 3506 1293 3572 baronum
1310 3525 1350 3570 ac
1365 3503 1483 3569 delibo·

350 3614 513 3678 racionem
529 3635 640 3679 eorum
655 3637 714 3700 per
729 3614 866 3680 formam
890 3616 970 3679 iuris
996 3616 1247 3699 reoptinuissent
1262 3619 1296 3678 et
1312 3612 1354 3677 ab
1370 3611 1481 3677 eodem

348 3722 503 3806 magistro
519 3723 618 3788 Petro
633 3722 699 3788 filio
716 3723 825 3788 Deseu
841 3743 901 3806 pro
917 3723 1063 3789 ducentis
1080 3730 1113 3788 et
1130 3722 1349 3806 quadraginta
1364 3721 1481 3786 marcis

349 3827 542 3894 florenorum
559 3838 590 3896 et
606 3852 789 3913 grossorum
814 3831 953 3916 compoti
969 3831 1136 3899 (lossensis
1161 3829 1370 3895 redemissent
1387 3882 1394 3896 .
1412 3879 1418 3891 .
1435 3835 1480 3892 ta·

349 3958 422 4001 men
448 3938 526 4020 quia
542 3939 765 4021 prenominata
780 3940 997 4022 possessiones
1018 3947 1083 4005 tam
1104 3940 1233 4004 racione
1249 3939 1333 4003 linee
1350 3959 1480 4021 genera·

349 4045 449 4109 cionis
476 4067 573 4128 quam
589 4046 690 4111 eciam
710 4053 861 4129 pretextu
887 4049 1129 4132 propinquioris
1153 4047 1331 4112 vicinitatis
1347 4051 1381 4110 et
1398 4067 1481 4112 com-

349 4152 568 4218 metaneitatis
585 4159 743 4218 annotato
759 4154 915 4238 magistro
932 4155 956 4220 J
958 4156 1077 4220 ohanni
1087 4155 1154 4220 filio
1167 4154 1292 4220 Nicolai
1309 4153 1356 4218 sic
1372 4175 1478 4236 quem·

348 4259 520 4325 admodum
531 4259 619 4344 ipsis,
629 4262 768 4326 attinere
784 4261 1015 4341 dinosceretur,
1029 4263 1069 4327 ob
1079 4263 1138 4328 hoc
1156 4314 1161 4328 .
1179 4314 1185 4328 .
1202 4261 1270 4326 litis
1286 4259 1479 4326 discordiam

349 4373 381 4431 et
397 4367 567 4434 inimicicie
583 4389 622 4433 ac
637 4367 755 4434 invidie
775 4371 993 4448 seminarium,
1024 4391 1087 4454 que
1112 4369 1247 4434 forsitan
1264 4369 1479 4451 inposterum

348 4477 434 4541 inter
449 4477 535 4560 ipsos
553 4483 585 4542 et
601 4498 675 4542 suos
692 4476 826 4542 heredes
851 4498 910 4560 pro
935 4479 1030 4543 totali
1055 4478 1269 4562 occupacione
1294 4475 1480 4541 earumdem

348 4585 445 4660 trium
471 4585 708 4678 possessionum
740 4587 818 4654 oriri
846 4594 977 4676 possent
1002 4593 1035 4652 et
1061 4585 1284 4675 quoquomodo
1306 4583 1480 4664 suscitari,
