3180 5466
312 539 376 600 474
663 553 848 599 aaroorroar
865 541 1078 598 ouurlarrls.

310 717 411 780 vendo
437 716 612 799 producere
638 721 802 779 teneretur
827 737 936 780 coram
968 715 1083 780 comite
1113 715 1218 779 Paulo
1249 712 1448 796 supradicto,

310 825 429 906 quihus
445 825 521 890 visis
546 826 579 889 in
605 824 689 890 facto
712 825 856 907 predicte
881 823 1039 909 particule
1064 829 1150 890 terre
1175 825 1260 888 inter
1284 821 1450 906 predictas

311 941 419 1017 partes
435 935 588 1000 iudicium
608 941 640 998 et
655 934 815 998 iusticiam
841 933 947 998 facere
969 933 1186 1017 spoponderat
1201 953 1306 998 comes
1322 931 1450 997 Paulus

311 1049 504 1127 prenotatus
522 1095 527 1107 .
546 1095 551 1107 .
576 1049 608 1107 et
624 1042 701 1123 quia
717 1042 880 1125 predictus
895 1041 1039 1107 Michael
1056 1042 1157 1106 frater
1175 1043 1276 1125 ipsius
1293 1039 1449 1122 Gregorii

310 1151 389 1216 dicti
406 1151 522 1233 Zekul,
538 1151 570 1214 in
590 1149 674 1215 fecto
700 1150 843 1214 eiusdem
868 1151 1028 1234 particule
1054 1157 1139 1214 terre
1159 1157 1236 1215 tunc
1252 1149 1292 1214 de
1309 1171 1392 1214 novo
1415 1155 1449 1214 et

310 1259 410 1324 eciem
428 1258 578 1342 primitus
589 1257 842 1340 prohibicionem
853 1257 974 1336 fecisse,
985 1265 1018 1323 et
1028 1259 1133 1340 ipsum
1144 1257 1339 1322 Michaelem
1350 1257 1448 1322 simul

311 1391 384 1433 cum
402 1368 486 1432 dicto
504 1365 663 1450 Gregorio
679 1367 781 1432 fratre
807 1389 863 1432 suo
889 1389 986 1432 causa
1011 1368 1122 1432 eadem
1148 1367 1359 1432 communitor
1375 1373 1447 1431 tan·

310 1497 386 1560 gere
402 1477 463 1559 ipsi
489 1476 598 1540 comiti
623 1476 728 1540 Paulo
752 1475 821 1539 visa
846 1476 1029 1553 exstitisset,
1054 1475 1126 1540 ideo
1153 1497 1284 1540 causam
1310 1475 1446 1539 eandem

311 1591 424 1650 contra
439 1587 546 1667 ipsum
562 1584 755 1649 Michaclem
771 1591 902 1662 motam,
918 1571 1046 1648 racione
1063 1585 1242 1668 prioritatis
1267 1583 1401 1649 termini
1417 1589 1449 1647 et

313 1693 552 1758 communitatis
569 1691 652 1758 dicte
669 1711 764 1756 cause
780 1693 822 1757 ad
839 1694 941 1757 dictas
958 1693 1136 1776 quindenas
1161 1691 1235 1756 festi
1251 1691 1340 1756 beati
1356 1692 1447 1756 Mar·

309 1802 369 1865 tini
395 1801 583 1866 confessoris
614 1799 1063 1881 iamdictuscomes‘Paulus
1088 1800 1226 1864 duxerat
1251 1800 1446 1883 peremtoria

308 1908 554 1992 prorogandam,
580 1907 791 1990 quiquidem
817 1906 996 1990 Gregorius
1024 1907 1129 1972 dictus
1155 1905 1259 1970 Zekul
1292 1905 1334 1970 ad
1358 1908 1445 1990 ipsas

309 2018 488 2101 quindenas
505 2017 578 2081 festi
594 2016 681 2081 beati
705 2015 844 2079 Martini
869 2015 1058 2081 confessoris
1084 2020 1289 2098 preaesumta
1313 2035 1373 2078 sua
1399 2016 1445 2078 in·

308 2132 491 2190 strumenta
517 2124 728 2202 exhibiturae,
754 2144 811 2206 per
828 2125 1007 2206 predictum
1033 2124 1226 2206 magistrum
1257 2122 1444 2188 Johannem

308 2233 411 2297 filium
443 2231 625 2297 Alexandri
656 2253 714 2296 suo
739 2231 953 2314 personaliter
977 2237 1011 2295 ct
1038 2231 1116 2295 dicti
1143 2231 1292 2313 magistri
1323 2231 1444 2296 Jacohi

307 2341 423 2406 fratris
441 2341 490 2406 sui
506 2341 573 2405 vice
590 2348 623 2406 ct
639 2341 766 2406 nomine
784 2393 789 2406 .
807 2393 813 2404 .
837 2341 952 2424 viginti
975 2361 1088 2404 novem
1104 2339 1216 2404 diebus
1233 2340 1396 2404 continuis
1412 2347 1444 2404 et

307 2449 396 2513 ultra
413 2470 520 2514 coram
537 2450 606 2531 ipso
623 2448 738 2513 comite
755 2449 859 2513 Paulo
877 2455 1080 2532 exspectatus
1100 2469 1164 2512 non
1180 2454 1313 2512 venerat
1338 2467 1443 2528 nequa

308 2557 453 2638 miserat,
471 2577 508 2620 ac
525 2577 558 2621 se
575 2557 703 2620 racione
720 2557 906 2620 secundarie
922 2577 985 2620 non
1012 2555 1220 2621 exhibicionis
1246 2576 1379 2624 suorum
1396 2555 1442 2619 in·

309 2671 565 2730 strumentorum
581 2664 646 2728 alio
663 2664 780 2729 iudicio
805 2665 904 2729 trium
928 2685 1110 2730 marcarum
1130 2665 1334 2729 commiserat
1353 2665 1442 2728 inno·

308 2773 397 2854 dari,
414 2797 550 2858 cumque
568 2781 676 2840 autem
693 2775 875 2858 sepedictus
891 2795 995 2838 comes
1006 2775 1130 2840 Paulus
1140 2796 1206 2839 una
1221 2796 1292 2839 cum
1310 2824 1316 2838 .
1334 2826 1340 2840 .
1358 2775 1441 2842 Gha-

307 2882 424 2946 nadino
441 2883 682 2966 archiepiscopo
709 2881 922 2966 strigoniensi
948 2889 981 2947 ot
1005 2881 1143 2948 Nicolao
1168 2883 1323 2966 Agriensi
1344 2883 1441 2947 eccle-

306 2990 427 3054 siarum
445 2991 593 3073 episcopo
611 3042 617 3055 .
635 3041 640 3054 .
665 2989 803 3055 Nicolao
829 2990 982 3074 palatino,
998 2989 1135 3055 Nicolao
1151 2992 1255 3055 tocius
1273 2989 1441 3056 Sclavonic

307 3105 340 3164 et
364 3099 498 3165 Groacie
529 3099 622 3181 bano,
654 3097 790 3164 Nicolao
824 3097 891 3162 filio
921 3099 1065 3163 Peteuch
1097 3099 1258 3182 quondam
1290 3099 1440 3182 woyvoda

307 3207 545 3285 Transsilvano
562 3205 712 3290 Olyverio
728 3205 884 3289 magistro
899 3207 1136 3271 tavernicorum
1153 3207 1320 3290 regalium,
1337 3206 1440 3270 Paulo

306 3316 460 3396 magistro
491 3315 727 3379 tavernioerum
768 3314 967 3396 reginalium,
999 3313 1136 3379 Nicolao
1174 3314 1240 3379 filio
1280 3314 1439 3397 Stephani

307 3423 468 3506 quondam
485 3421 569 3488 bano
585 3423 689 3487 tocius
706 3421 883 3504 Solemnis,
899 3423 1063 3505 magistris
1073 3423 1098 3487 J
1100 3424 1225 3488 ohanne
1243 3423 1311 3488 filio
1322 3423 1439 3508 Gelety

305 3531 421 3594 comite
438 3529 477 3593 de
494 3529 635 3607 Turuch,
652 3529 777 3595 Thema
801 3529 868 3594 filio
894 3531 987 3596 Petri
1003 3531 1118 3597 comite
1144 3532 1363 3616 Lyptoviensi,
1380 3533 1436 3598 Ni·

306 3640 397 3702 colao
414 3638 499 3702 dicto
517 3637 653 3702 Treutul
686 3640 801 3702 comite
821 3640 1008 3703 Posoniensi
1034 3646 1067 3704 et
1091 3640 1164 3705 aliis
1190 3641 1438 3724 quamplurimis

304 3745 487 3828 pociorihus
504 3745 595 3827 regni
611 3745 780 3819 nobilibus
797 3747 838 3810 ad
853 3747 1033 3812 faciendam
1060 3749 1162 3831 ipsius
1182 3769 1277 3813 cause
1302 3769 1365 3829 que
1390 3750 1435 3812 in-

305 3859 355 3916 ter
371 3853 533 3935 predictos
549 3855 720 3936 magistros
737 3855 923 3919 ‹lohanuem
935 3855 1136 3920 ettlacobum
1158 3855 1240 3920 filios
1252 3857 1435 3922 Alexandri

306 3961 347 4027 ab
364 3984 437 4040 uria,
454 3969 486 4026 et
502 3962 698 4046 prescriptos
713 3963 836 4027 nobiles
853 3965 891 4027 de
902 3965 1059 4028 Pleseuch
1071 3986 1110 4029 ac
1120 3964 1160 4028 de
1170 3964 1323 4030 Ghetnuh
1342 3972 1436 4047 parte

307 4093 345 4134 ex
362 4069 474 4145 altera,
490 4071 523 4132 in
540 4069 635 4134 factis
652 4070 810 4135 dictarum
821 4072 1055 4153 possessionum
1067 4071 1229 4136 Sumlruth
1246 4073 1437 4137 ctRososna

304 4199 411 4242 coram
427 4179 497 4260 ipso
522 4179 638 4241 comite
663 4177 768 4242 Paulo
793 4177 949 4243 ventilata
975 4179 1153 4261 exstiterat,
1169 4179 1299 4244 finalem
1322 4180 1434 4244 decisi·

303 4308 395 4350 onem
412 4288 444 4350 in
461 4285 537 4349 aula
553 4285 642 4366 regia
667 4286 892 4362 consedissent,
907 4308 981 4352 mox
1005 4287 1437 4370 protectushlichaelfrater

303 4393 441 4476 protacti
459 4391 610 4474 Gregorii
628 4393 706 4456 dicti
723 4392 827 4457 Zekul
845 4395 945 4476 ipsius
961 4393 1087 4459 comitis
1103 4395 1199 4460 Pauli
1215 4403 1247 4461 et
1276 4396 1436 4462 dictorum

303 4500 502 4584 prelatorum
519 4520 556 4562 ac
575 4499 733 4564 baronum
759 4523 831 4566 curn
858 4502 968 4566 eodem
985 4505 1100 4567 comite
1126 4503 1231 4568 Paulo
1247 4503 1434 4570 adiudican-

304 4610 386 4674 cium
403 4608 513 4672 adiens
530 4609 738 4691 presenciam,
754 4617 914 4692 pretactos
930 4611 1102 4692 magistros
1126 4611 1151 4675 J
1153 4613 1310 4677 ohannem
1328 4620 1360 4678 et
1376 4613 1434 4678 Ja-

303 4717 417 4784 cohum
434 4716 515 4781 filios
534 4713 712 4782 Alexandri
729 4740 748 4782 a
764 4719 987 4804 reoptencione
1002 4719 1146 4804 predicte
1165 4721 1324 4806 particule
1350 4729 1435 4786 terre
