3180 5466
550 509 645 570 1351.
662 512 733 572 sill.
753 513 803 572 13.
1183 515 1248 576 485

116 696 222 762 erunt,
240 706 298 750 nec
321 685 515 750 Michaelem
532 709 668 772 puerum
701 687 803 752 filium
819 689 964 756 Ladislai
990 699 1185 771 statuerunt,
1211 696 1251 760 ob

116 793 177 858 hoc
192 793 302 858 eedem
318 793 381 858 due
397 802 506 878 partes
531 816 552 859 a
573 794 655 860 facie
680 805 792 862 nostra
817 808 1020 866 recesserunt
1040 801 1163 882 absque
1180 823 1250 887 pcr-

116 902 258 966 seceione
274 901 431 984 aliquali,
457 903 593 968 dicimus
610 906 720 981 eciam,
747 906 833 986 quod
859 913 1034 974 annotatus
1054 909 1250 976 Benedictus

117 1009 204 1075 filius
220 1009 384 1076 lobannis
399 1009 458 1076 filii
475 1011 673 1097 Marhalphi,
690 1033 786 1094 quem
802 1014 899 1078 iidem
915 1015 1032 1082 iratres
1043 1020 1093 1082 sui
1110 1019 1249 1084 interra

115 1118 329 1184 ruthenorum
345 1121 530 1204 nuperrime
546 1121 752 1186 interfectum
768 1121 836 1186 sore
852 1122 1014 1200 dixerunt,
1024 1125 1174 1191 similiter
1185 1147 1248 1190 non

114 1229 298 1312 comparuit
313 1248 421 1292 coram
438 1228 529 1294 uobis
547 1230 579 1292 in
598 1227 769 1312 quindenis
786 1231 988 1315 supradictis.
1015 1231 1140 1299 Datum
1157 1242 1247 1300 sexto

113 1333 166 1399 die
193 1334 379 1399 earumdem
405 1335 652 1418 quindenarum,
677 1358 761 1402 anno
787 1338 906 1404 domini
928 1338 979 1404 Μ0
1008 1341 1128 1409 OOC¹¹¹⁰
1154 1345 1246 1426 quin-

115 1445 308 1525 quagesimo
327 1445 441 1528 primo.

223 1587 376 1652 Hdtlapjan
389 1587 482 1651 pecsdt
504 1588 706 1654 ttireddkeivel3
730 1591 861 1654 eredetije
886 1607 920 1640 az
935 1609 1003 1643 orez.
1018 1595 1049 1644 lt.
1063 1595 1163 1646 kinest.
1178 1600 1247 1645 oszt.

113 1677 147 1726 N.
163 1679 196 1728 R.
213 1679 247 1728 A.
259 1682 319 1729 698.
335 1683 376 1729 32.
390 1678 455 1742 dipl.
470 1684 538 1730 oszt.
553 1683 631 1729 4199.
645 1680 744 1730 szli:
771 1681 879 1732 Kornos
890 1682 923 1732 N.

114 2163 207 2226 1351.
234 2166 311 2248 mdj.
342 2167 388 2227 13.
421 2163 469 2229 Aa
494 2166 564 2250 epri
588 2167 746 2253 bdptolan
772 2169 843 2232 eldrr
870 2169 1011 2234 dedczt'
1034 2169 1158 2234 Baldzs
1177 2171 1246 2253 fiai

109 2270 291 2355 ripale-irrita,
317 2275 397 2359 hopy
422 2275 462 2337 bk
487 2298 525 2338 az
546 2277 616 2358 cyri
640 2279 879 2362 eppheta-meppia
913 2277 969 2340 ald
995 2281 1174 2360 lartozca'u,
1202 2279 1245 2344 ba

111 2379 220 2464 lzsc‘pi
246 2379 376 2468 Mr'bdly
391 2382 459 2464 fiai
484 2381 673 2467 Kb'rtue'lyes
707 2387 738 2448 e‘s
763 2383 911 2465 Felsink,
936 2410 1018 2473 napy
1043 2388 1132 2473 epycb
1147 2388 1245 2454 birte-

108 2489 172 2552 Irok
189 2489 281 2553 irdot
297 2494 366 2554 rude
383 2491 491 2555 hitales
516 2493 664 2578 helprices
691 2494 932 2558 he‘szr'ttetne‘aek
952 2497 1147 2580 obii-otokat,
1174 2519 1242 2561 erre

515 2603 607 2664 necve
623 2601 833 2665 tillokoznak.

214 2760 284 2828 Nos
311 2763 489 2848 capitulum
515 2763 646 2830 ecclesie
670 2761 842 2848 Agriensis
873 2764 987 2829 damus
1004 2786 1063 2850 pro
1079 2769 1242 2844 memoria,

108 2871 198 2951 quod
214 2871 411 2938 Benedictus
428 2880 461 2938 et
477 2872 502 2937 J
503 2873 644 2937 ohannes
660 2873 766 2940 dictus
783 2869 915 2958 Gyopul
930 2872 989 2938 filii
1001 2873 1106 2939 Blasii
1122 2874 1161 2938 de
1177 2875 1242 2940 Ra-

104 2979 201 3044 koloh
217 2979 260 3043 ad
276 2988 421 3045 nostram
436 2981 647 3064 personaliter
663 2981 850 3047 accedentes
875 2983 1082 3066 presenciam,
1099 3003 1156 3067 per
1173 3005 1239 3048 mo·

104 3087 184 3153 dum
199 3088 447 3172 protestationis
464 3086 554 3152 nobis
571 3093 728 3152 curarunt
758 3085 948 3170 significare,
973 3087 1059 3168 quod
1085 3092 1162 3171 quia
1178 3093 1240 3176 ipsi

103 3217 178 3262 oum
203 3195 340 3277 Jacobo,
372 3195 523 3261 Bernaba
547 3195 701 3261 Ladislao
727 3204 759 3262 et
784 3197 890 3261 Paulo
915 3195 989 3260 filiis
1005 3195 1176 3263 Michaelis
1199 3201 1239 3264 de

106 3305 210 3390 Ysyp,
228 3325 267 3369 ac
281 3303 442 3369 Michaele
467 3303 534 3368 filio
559 3303 701 3368 eiusdem
717 3303 873 3382 Iradislai
890 3325 987 3389 super
1014 3304 1099 3370 facto
1115 3327 1238 3391 posses-

103 3417 234 3478 sionum
251 3433 383 3478 suarum
400 3432 463 3476 non
488 3415 521 3476 in
547 3413 657 3496 aliquo
673 3414 742 3478 loco
767 3414 987 3496 testimoniali,
1007 3414 1064 3478 sed
1083 3415 1240 3482 haetenus

103 3543 236 3608 semper
253 3541 360 3586 coram
378 3521 455 3605 ipsis
472 3541 585 3585 causus
611 3529 644 3586 et
668 3523 802 3602 negocia
826 3523 919 3586 iuxta
944 3525 1160 3589 continencias
1177 3525 1234 3590 ali·

101 3651 198 3696 arum
215 3627 386 3694 literarum
402 3633 585 3692 nostrarum
602 3629 716 3693 exinde
733 3629 951 3694 confectarum
967 3632 1052 3696 iuter
1064 3652 1097 3694 se
1107 3631 1237 3697 habuis-

103 3747 187 3820 sent,
205 3757 243 3800 eo
261 3735 348 3816 quod
364 3737 425 3820 ipsi
442 3744 549 3802 essent
564 3737 604 3800 de
620 3737 737 3802 diocesi
754 3738 897 3822 predicte
915 3736 1046 3802 ecclesie
1062 3745 1180 3818 nostre,
1205 3750 1238 3807 et

101 3848 182 3928 quia
208 3846 358 3908 eciam..
383 3863 479 3926 super
504 3845 639 3908 occultis
664 3843 866 3928 processibus
892 3845 1077 3910 eorumdem
1099 3846 1238 3914 filiorum

101 3952 277 4018 Michaelis
294 3953 556 4036 pertimescentes
572 3955 707 4017 nimium
723 3955 974 4036 suspicarentur,
993 3953 1065 4020 ideo
1082 3958 1108 4020 si
1135 3958 1238 4040 preal-

99 4061 203 4144 legati
219 4058 279 4123 filii
294 4056 469 4124 Michaelis
485 4062 698 4126 communiter
722 4058 772 4124 rel
798 4059 933 4138 divisim,
951 4063 1065 4126 timore
1082 4063 1133 4126 dei
1149 4073 1235 4149 post-

98 4173 206 4254 posito
231 4171 461 4251 hominumque
485 4169 678 4234 verecundia
702 4172 853 4254 proiecta,
870 4172 903 4234 in
920 4173 1085 4255 presencia
1112 4173 1235 4255 aliquo·

98 4301 174 4343 rum
199 4277 344 4343 iudicum
373 4279 610 4343 ordinariorum
636 4279 684 4342 rel
710 4279 852 4344 locorum
868 4279 1147 4359 testimonialium,
1164 4303 1235 4367 spe·

98 4387 294 4470 cialiterque
311 4389 344 4452 in
361 4387 504 4472 capitulo
516 4385 746 4470 Strigoniensis
763 4387 903 4467 ecclesie,
915 4407 1011 4471 super
1023 4389 1235 4456 ordinacioni-

97 4495 161 4560 bus
187 4497 279 4580 penis
304 4503 336 4560 et
361 4497 601 4561 condicionibus
622 4502 773 4581 pretextu
799 4496 1036 4580 possessionum
1061 4496 1236 4564 Kurtuiles

96 4602 246 4688 Felsynk
264 4607 298 4666 et
315 4603 452 4668 aliarum
469 4607 502 4668 in
520 4603 613 4669 dictis
639 4603 799 4689 prioribus
823 4603 927 4670 literis
948 4607 1067 4669 uostris
1094 4608 1237 4672 nomina-

99 4723 213 4778 tarum
230 4714 316 4778 inter
332 4713 418 4798 ipsos
435 4711 563 4789 habitis,
581 4712 693 4778 literas
709 4711 846 4802 furtivas
867 4712 916 4776 vel
932 4713 1145 4798 subrepticiae
1163 4735 1237 4778 cou-
