3180 5466
355 519 421 580 486
710 532 896 578 anrosxonr
913 517 1128 577 oxnlnrrla.
1165 497 1166 500 ¹

355 701 409 760 tra
424 696 510 780 ipsos
527 693 639 758 confici
655 693 760 759 faeere
777 699 989 776 procurarent
1005 693 1053 758 vel
1079 693 1216 759 forsitan
1237 696 1302 760 iam
1319 715 1493 778 procuras·

357 807 437 885 sent,
453 803 515 888 ipsi
532 802 659 868 eosdem
676 801 760 867 filios
776 802 949 868 Michaelis
965 807 998 866 et
1014 802 1208 868 Michaelem
1225 800 1327 866 filium
1343 801 1495 869 Ladislai

357 932 378 975 a
392 909 452 975 tali
469 909 655 976 frauduloso
670 912 833 996 proposito
849 909 1059 996 prohiberent
1083 917 1115 976 et
1130 911 1367 996 prohibuerunt
1383 932 1494 976 coram

358 1018 459 1098 nobis,
475 1023 663 1099 asserentes,
681 1019 767 1102 quod
791 1019 853 1104 ipsi
878 1039 912 1084 se
938 1017 979 1084 ab
996 1018 1144 1084 omnibus
1160 1018 1233 1083 aliis
1253 1018 1333 1084 loeis
1349 1019 1495 1084 testimo·

358 1125 497 1192 nialibua
514 1131 581 1190 tam
598 1127 631 1190 in
647 1126 849 1212 presentibus
870 1127 975 1194 causis
1001 1127 1145 1212 ipsorum
1169 1133 1202 1192 et
1220 1111 1379 1211 negociis,
1396 1150 1494 1212 quam

358 1235 553 1301 infuturum
568 1233 726 1300 habendis
751 1240 783 1299 et
808 1235 1008 1318 emergendis
1034 1236 1241 1321 excepissent,
1258 1241 1290 1300 et
1305 1237 1437 1300 omnino
1462 1257 1493 1300 se

360 1344 402 1410 ad
417 1345 515 1410 istum
531 1343 636 1410 locum
654 1342 742 1408 etad
759 1363 818 1408 nos
843 1363 902 1429 pro
927 1342 1110 1408 defensione
1135 1343 1255 1408 iuriam
1271 1365 1404 1408 suorum
1421 1343 1492 1408 sub

360 1453 524 1519 misissent
540 1459 573 1517 et
588 1473 646 1538 pro
662 1475 748 1518 nunc
764 1453 982 1518 submiserunt
998 1474 1106 1518 eoram
1130 1453 1230 1520 nobis.
1256 1453 1382 1518 Datum
1406 1459 1493 1517 sexto

362 1563 413 1627 die
438 1561 676 1646 quindenarum
702 1561 775 1627 festi
800 1563 904 1627 sancti
930 1560 1065 1646 Georgii
1090 1561 1243 1640 martiris,
1259 1583 1344 1627 anno
1375 1561 1492 1628 domini

361 1671 413 1735 Μ0
442 1668 561 1737 0001110
578 1669 844 1753 quinquagesimo
860 1670 972 1755 primo.

469 1817 599 1882 Paplron,
613 1817 739 1866 zarlattn
751 1816 844 1880 peoset
864 1816 1060 1882 toredekeve13
1075 1815 1205 1880 eredetije
1220 1832 1252 1866 az
1266 1831 1337 1865 orsz.
1349 1818 1382 1865 lt.
1397 1817 1482 1866 lsiucst

365 1912 433 1958 oszt.
446 1907 480 1956 N.
494 1909 527 1957 R.
543 1907 576 1956 A.
593 1912 651 1957 195.
668 1911 707 1956 16.
723 1907 790 1970 dipl.
804 1911 871 1957 oszt.
886 1913 965 1958 4200.
979 1908 1079 1958 Kozli:
1103 1907 1212 1957 Kovdcs
1226 1907 1259 1956 N.

889 2271 963 2330 292.

366 2415 462 2476 1351.
479 2411 585 2490 Bada,
605 2417 681 2495 crdj.
705 2412 753 2475 16.
786 2412 905 2476 Tomos
922 2413 1108 2495 orazcipbiro'
1127 2385 1293 2475 ᾸνοΙῑλιϋῑί
1318 2411 1433 2474 Isto-ctu
1459 2415 1488 2475 ἐκ
1577 2427 1578 2436 ’

366 2520 561 2606 pappbatpja
580 2500 742 2586 droklcozt
758 2519 878 2583 Miller
895 2521 1065 2606 l'iiztfolpt
1076 2520 1233 2604 osztcilpoa
1247 2519 1367 2604 porbea
1386 2521 1492 2584 ile'lelel
1577 2571 1578 2598 ,

365 2633 458 2707 haas
475 2630 603 2692 minida
619 2650 742 2692 amara
754 2631 824 2712 re'qi
835 2627 972 2714 oszta'lpt
989 2607 1137 2692 droklcdz
1154 2627 1494 2713 acritVasvo'rmepyei

366 2737 513 2802 birtolcra
529 2739 619 2801 adare
636 2735 810 2820 mepdlluoi
825 2761 896 2801 aem
913 2738 1044 2818 olearia,
1055 2745 1086 2801 o't
1099 2744 1198 2801 besses
1207 2739 1378 2821 juooiuolr
1389 2739 1493 2802 elocar-

827 2847 923 2910 to'sero
942 2847 1016 2909 ite‘li.

475 2985 575 3074 (N)os
602 2987 743 3054 Thomas
768 2989 864 3053 iudex
890 2990 979 3056 curie
1000 3037 1032 3054 ..
1062 2989 1217 3056 Lodorici
1236 3039 1267 3056 ..
1298 2992 1385 3073 regis
1403 3039 1433 3054 ..
1464 2997 1495 3053 et

368 3118 473 3165 comes
490 3097 529 3162 de
547 3097 679 3164 Turuoh
704 3100 857 3162 memorie
884 3099 1191 3164 commendamus..
1216 3099 1303 3182 quod
1328 3121 1400 3164 oum
1425 3095 1494 3164 Ste-

366 3206 493 3293 phanus
520 3204 605 3270 filius
630 3205 802 3270 Michaelis
827 3205 885 3270 filii
916 3206 1010 3289 Elley
1043 3206 1083 3271 de
1109 3205 1278 3286 Arulskuz,
1306 3207 1493 3288 magistram

367 3313 540 3382 Nicolaum
570 3313 673 3379 filium
698 3313 834 3399 predicti
859 3315 955 3398 Elley
987 3321 1019 3380 et
1049 3313 1234 3379 Johannem
1268 3314 1372 3380 filium
1403 3335 1493 3378 suum

367 3423 582 3488 mediantibus
613 3421 716 3487 literis
757 3423 915 3487 citatoriis
946 3423 1081 3508 capituli
1112 3423 1244 3488 ecclesie
1285 3423 1496 3490 Castriferrei.
1576 3473 1577 3482 ,

368 3531 510 3612 legitime
543 3530 708 3596 oitaoionis
740 3530 869 3594 modum
901 3530 1108 3614 observando,
1129 3533 1171 3597 ed
1202 3539 1331 3598 octavas
1356 3533 1427 3597 festi
1446 3531 1496 3594 be·
1576 3569 1577 3586 κ

369 3639 416 3704 ati
446 3638 621 3703 Laurencii
645 3638 788 3703 martiris
819 3659 904 3704 nuno
935 3639 1108 3723 preteritas
1134 3645 1247 3704 contra
1271 3661 1305 3705 se
1336 3640 1376 3704 ad
1407 3639 1492 3721 regie

369 3746 548 3812 maiestatis
579 3747 776 3831 presenciam
802 3746 835 3810 in
860 3767 991 3813 oausam
1027 3748 1223 3825 attraxisset,
1255 3748 1386 3813 tandem
1416 3747 1494 3832 ipsis

370 3854 489 3920 octavis
520 3853 772 3933 advenientibus,
802 3853 966 3939 predictus
992 3853 1177 3940 Stephanus
1207 3855 1296 3921 filius
1328 3855 1497 3922 Michaelis

372 3962 586 4049 personaliter
603 3962 644 4027 ad
659 3967 805 4027 nostram
820 3962 999 4028 accedendo
1019 3965 1227 4048 presenciam,
1246 3971 1358 4030 contra
1372 3963 1497 4029 eosdem

371 4072 564 4155 magistrum
580 4070 753 4136 Nicolaum
779 4076 812 4135 et
831 4070 856 4134 J
857 4071 1016 4135 ohannem
1039 4069 1142 4136 filium
1167 4093 1261 4136 suum
1277 4073 1311 4136 in
1327 4071 1430 4154 figura
1447 4093 1497 4135 no·

372 4181 432 4246 stri
448 4180 558 4246 iudicii
575 4186 787 4266 proposuerat
803 4200 840 4244 eo
856 4179 958 4256 modo,
977 4179 1062 4262 quod
1077 4181 1147 4264 ipse
1157 4180 1271 4246 literas
1288 4179 1499 4254 divisionales,

372 4289 489 4374 quibus
513 4289 730 4354 mediantibus
762 4290 908 4354 universe
939 4291 1156 4376 possessiones
1182 4299 1215 4356 et
1250 4289 1498 4375 possessionaric

373 4398 538 4484 porciones
557 4399 699 4484 ipsorum
715 4405 859 4485 tempore
875 4399 976 4485 patris
993 4398 1043 4462 sui
1059 4397 1159 4463 divise
1175 4399 1356 4464 extitissent
1373 4403 1407 4462 ct
1418 4419 1500 4462 nunc

375 4512 490 4584 essent,
506 4528 564 4592 per
581 4507 709 4572 eosdem
725 4508 915 4590 magistrum
940 4504 1113 4570 Nicolaum
1138 4511 1171 4569 et
1195 4505 1377 4571 Johannem
1396 4505 1500 4570 filium
1575 4545 1576 4600 ἦ

375 4613 525 4678 exhibere
542 4615 646 4694 vellet,
663 4615 791 4681 iusticia
807 4615 999 4697 requirente,
1016 4617 1043 4679 si
1062 4614 1146 4679 bono
1162 4613 1256 4680 modo
1272 4613 1414 4700 predicte
1432 4635 1500 4700 pos·
1575 4605 1576 4630 ¹

375 4722 530 4790 sessiones
547 4730 579 4788 et
595 4723 843 4820 possessionarie
854 4723 1018 4808 porciones
1035 4723 1134 4788 divise
1150 4723 1333 4800 existerent,
1348 4728 1426 4788 tuno
1436 4723 1502 4807 ipse
