<?xml version="1.0" encoding="UTF-8"?>
<!DOCTYPE html PUBLIC "-//W3C//DTD XHTML 1.0 Transitional//EN"
    "http://www.w3.org/TR/xhtml1/DTD/xhtml1-transitional.dtd">
<html xmlns="http://www.w3.org/1999/xhtml" xml:lang="en" lang="en">
 <head>
  <title>
</title>
<meta http-equiv="Content-Type" content="text/html;charset=utf-8" />
  <meta name='ocr-system' content='tesseract 3.04.00' />
  <meta name='ocr-capabilities' content='ocr_page ocr_carea ocr_par ocr_line ocrx_word'/>
</head>
<body>
  <div class='ocr_page' id='page_1' title='image "./codexdiplomatic06nagygoog_0358.png"; bbox 0 0 3188 5470; ppageno 0'>
   <div class='ocr_carea' id='block_1_1' title="bbox 539 473 1236 538">
    <p class='ocr_par' dir='ltr' id='par_1_1' title="bbox 539 473 1236 538">
     <span class='ocr_line' id='line_1_1' title="bbox 539 473 1236 538; baseline 0.007 -5"><span class='ocrx_word' id='word_1_1' title='bbox 539 473 634 534; x_wconf 89' lang='grc'><strong>1349.</strong></span> <span class='ocrx_word' id='word_1_2' title='bbox 653 491 724 534; x_wconf 87' lang='lat' dir='ltr'>nne.</span> <span class='ocrx_word' id='word_1_3' title='bbox 743 475 791 536; x_wconf 85' lang='lat' dir='ltr'>lo.</span> <span class='ocrx_word' id='word_1_4' title='bbox 1173 473 1236 538; x_wconf 84' lang='lat'>343</span> 
     </span>
    </p>
   </div>
   <div class='ocr_carea' id='block_1_2' title="bbox 110 649 1246 1599">
    <p class='ocr_par' dir='ltr' id='par_1_2' title="bbox 110 649 1246 1599">
     <span class='ocr_line' id='line_1_2' title="bbox 110 649 1246 736; baseline 0.003 -22"><span class='ocrx_word' id='word_1_5' title='bbox 110 651 284 728; x_wconf 81' lang='lat' dir='ltr'>mediante,</span> <span class='ocrx_word' id='word_1_6' title='bbox 301 649 386 733; x_wconf 84' lang='lat' dir='ltr'>quod</span> <span class='ocrx_word' id='word_1_7' title='bbox 411 651 438 714; x_wconf 86' lang='lat' dir='ltr'>si</span> <span class='ocrx_word' id='word_1_8' title='bbox 463 650 575 732; x_wconf 88' lang='lat' dir='ltr'>aliqua</span> <span class='ocrx_word' id='word_1_9' title='bbox 600 651 747 734; x_wconf 87' lang='lat' dir='ltr'>parcium</span> <span class='ocrx_word' id='word_1_10' title='bbox 773 650 952 734; x_wconf 82' lang='lat' dir='ltr'>predictam</span> <span class='ocrx_word' id='word_1_11' title='bbox 979 653 1246 736; x_wconf 78' lang='lat' dir='ltr'>composicionem</span> 
     </span>
     <span class='ocr_line' id='line_1_3' title="bbox 112 757 1244 842; baseline 0.005 -22"><span class='ocrx_word' id='word_1_12' title='bbox 112 806 141 820; x_wconf 94' lang='lat'>..</span> <span class='ocrx_word' id='word_1_13' title='bbox 159 758 318 824; x_wconf 84' lang='lat' dir='ltr'>refutaret</span> <span class='ocrx_word' id='word_1_14' title='bbox 333 780 372 822; x_wconf 89' lang='lat' dir='ltr'>ao</span> <span class='ocrx_word' id='word_1_15' title='bbox 394 779 490 842; x_wconf 87' lang='lat' dir='ltr'>super</span> <span class='ocrx_word' id='word_1_16' title='bbox 507 758 593 824; x_wconf 87' lang='lat' dir='ltr'>facto</span> <span class='ocrx_word' id='word_1_17' title='bbox 609 758 710 841; x_wconf 91' lang='lat' dir='ltr'>ipsius</span> <span class='ocrx_word' id='word_1_18' title='bbox 726 757 814 824; x_wconf 87' lang='lat' dir='ltr'>fluvii</span> <span class='ocrx_word' id='word_1_19' title='bbox 832 765 945 825; x_wconf 83' lang='lat' dir='ltr'>contra</span> <span class='ocrx_word' id='word_1_20' title='bbox 965 766 1092 842; x_wconf 90' lang='lat' dir='ltr'>partem</span> <span class='ocrx_word' id='word_1_21' title='bbox 1108 760 1244 826; x_wconf 85' lang='lat' dir='ltr'>alteram</span> 
     </span>
     <span class='ocr_line' id='line_1_4' title="bbox 112 866 1244 952; baseline 0.006 -23"><span class='ocrx_word' id='word_1_22' title='bbox 112 914 141 932; x_wconf 90' lang='lat'>..</span> <span class='ocrx_word' id='word_1_23' title='bbox 159 866 228 930; x_wconf 91' lang='lat' dir='ltr'>litis</span> <span class='ocrx_word' id='word_1_24' title='bbox 244 871 386 931; x_wconf 80' lang='lat' dir='ltr'>moveret</span> <span class='ocrx_word' id='word_1_25' title='bbox 403 868 606 948; x_wconf 89' lang='lat' dir='ltr'>quescionem</span> <span class='ocrx_word' id='word_1_26' title='bbox 624 918 630 930; x_wconf 93' lang='lat'>.</span> <span class='ocrx_word' id='word_1_27' title='bbox 648 913 654 928; x_wconf 93' lang='lat'><strong>.</strong></span> <span class='ocrx_word' id='word_1_28' title='bbox 672 874 788 932; x_wconf 87' lang='lat' dir='ltr'>extunc</span> <span class='ocrx_word' id='word_1_29' title='bbox 806 888 884 950; x_wconf 84' lang='lat' dir='ltr'>pars</span> <span class='ocrx_word' id='word_1_30' title='bbox 899 867 974 932; x_wconf 89' lang='lat' dir='ltr'>talis</span> <span class='ocrx_word' id='word_1_31' title='bbox 988 874 1101 934; x_wconf 89' lang='lat' dir='ltr'>contra</span> <span class='ocrx_word' id='word_1_32' title='bbox 1117 875 1244 952; x_wconf 86' lang='lat' dir='ltr'>partem</span> 
     </span>
     <span class='ocr_line' id='line_1_5' title="bbox 111 974 1246 1065; baseline 0.004 -28"><span class='ocrx_word' id='word_1_33' title='bbox 111 975 250 1040; x_wconf 88' lang='lat' dir='ltr'>alteram</span> <span class='ocrx_word' id='word_1_34' title='bbox 269 1025 274 1038; x_wconf 94' lang='lat'>.</span> <span class='ocrx_word' id='word_1_35' title='bbox 292 1026 299 1038; x_wconf 91' lang='lat'><strong>.</strong></span> <span class='ocrx_word' id='word_1_36' title='bbox 315 977 348 1039; x_wconf 95' lang='lat' dir='ltr'>in</span> <span class='ocrx_word' id='word_1_37' title='bbox 373 974 569 1058; x_wconf 89' lang='lat' dir='ltr'>aquisioione</span> <span class='ocrx_word' id='word_1_38' title='bbox 592 976 695 1059; x_wconf 89' lang='lat' dir='ltr'>sopite</span> <span class='ocrx_word' id='word_1_39' title='bbox 719 976 788 1040; x_wconf 90' lang='lat' dir='ltr'>litis</span> <span class='ocrx_word' id='word_1_40' title='bbox 813 977 993 1065; x_wconf 76' lang='lat' dir='ltr'>uinceretur</span> <span class='ocrx_word' id='word_1_41' title='bbox 1010 997 1047 1042; x_wconf 91' lang='lat' dir='ltr'>eo</span> <span class='ocrx_word' id='word_1_42' title='bbox 1072 975 1178 1058; x_wconf 81' lang='lat' dir='ltr'>lacto;</span> <span class='ocrx_word' id='word_1_43' title='bbox 1203 978 1246 1042; x_wconf 92' lang='lat' dir='ltr'>ad</span> 
     </span>
     <span class='ocr_line' id='line_1_6' title="bbox 112 1083 1245 1168; baseline 0.003 -21"><span class='ocrx_word' id='word_1_44' title='bbox 112 1103 175 1163; x_wconf 87' lang='lat' dir='ltr'>que</span> <span class='ocrx_word' id='word_1_45' title='bbox 191 1084 300 1148; x_wconf 86' lang='lat' dir='ltr'>omnia</span> <span class='ocrx_word' id='word_1_46' title='bbox 324 1083 488 1167; x_wconf 87' lang='lat' dir='ltr'>predictus</span> <span class='ocrx_word' id='word_1_47' title='bbox 512 1083 646 1148; x_wconf 86' lang='lat' dir='ltr'>Pethew</span> <span class='ocrx_word' id='word_1_48' title='bbox 662 1132 668 1147; x_wconf 91' lang='lat'><em>.</em></span> <span class='ocrx_word' id='word_1_49' title='bbox 687 1085 817 1168; x_wconf 81' lang='lat' dir='ltr'>,ipsum</span> <span class='ocrx_word' id='word_1_50' title='bbox 841 1084 975 1150; x_wconf 84' lang='lat' dir='ltr'>fratrem</span> <span class='ocrx_word' id='word_1_51' title='bbox 1002 1083 1197 1150; x_wconf 85' lang='lat' dir='ltr'>Michaelorn</span> <span class='ocrx_word' id='word_1_52' title='bbox 1215 1135 1245 1150; x_wconf 89' lang='lat'>..</span> 
     </span>
     <span class='ocr_line' id='line_1_7' title="bbox 111 1190 1246 1276; baseline 0.002 -22"><span class='ocrx_word' id='word_1_53' title='bbox 111 1190 277 1273; x_wconf 88' lang='lat' dir='ltr'>predictus</span> <span class='ocrx_word' id='word_1_54' title='bbox 293 1211 368 1256; x_wconf 80' lang='lat' dir='ltr'>vero</span> <span class='ocrx_word' id='word_1_55' title='bbox 384 1191 539 1274; x_wconf 83' lang='lat' dir='ltr'>magister</span> <span class='ocrx_word' id='word_1_56' title='bbox 555 1191 731 1258; x_wconf 84' lang='lat' dir='ltr'>Ladinlaus</span> <span class='ocrx_word' id='word_1_57' title='bbox 746 1212 802 1256; x_wconf 88' lang='lat' dir='ltr'>se.</span> <span class='ocrx_word' id='word_1_58' title='bbox 822 1241 828 1256; x_wconf 92' lang='lat'>.</span> <span class='ocrx_word' id='word_1_59' title='bbox 844 1212 968 1257; x_wconf 83' lang='lat' dir='ltr'>necnon</span> <span class='ocrx_word' id='word_1_60' title='bbox 986 1193 1246 1276; x_wconf 89' lang='lat' dir='ltr'>prenominatum</span> 
     </span>
     <span class='ocr_line' id='line_1_8' title="bbox 111 1299 1246 1384; baseline 0.002 -22"><span class='ocrx_word' id='word_1_61' title='bbox 111 1299 306 1382; x_wconf 85' lang='lat' dir='ltr'>magistrum</span> <span class='ocrx_word' id='word_1_62' title='bbox 323 1299 458 1364; x_wconf 89' lang='lat' dir='ltr'>Petrum</span> <span class='ocrx_word' id='word_1_63' title='bbox 467 1353 482 1384; x_wconf 41' lang='lat'>‚.</span> <span class='ocrx_word' id='word_1_64' title='bbox 500 1351 506 1364; x_wconf 91' lang='lat'><strong>.</strong></span> <span class='ocrx_word' id='word_1_65' title='bbox 523 1300 609 1366; x_wconf 89' lang='lat' dir='ltr'>idem</span> <span class='ocrx_word' id='word_1_66' title='bbox 625 1299 783 1366; x_wconf 88' lang='lat' dir='ltr'>Nicolaus</span> <span class='ocrx_word' id='word_1_67' title='bbox 799 1307 914 1384; x_wconf 87' lang='lat' dir='ltr'>sponte</span> <span class='ocrx_word' id='word_1_68' title='bbox 934 1299 1123 1384; x_wconf 76' lang='lat' dir='ltr'>obligarunt</span> <span class='ocrx_word' id='word_1_69' title='bbox 1138 1321 1246 1365; x_wconf 89' lang='lat' dir='ltr'>coram</span> 
     </span>
     <span class='ocr_line' id='line_1_9' title="bbox 112 1406 1246 1493; baseline 0.004 -24"><span class='ocrx_word' id='word_1_70' title='bbox 112 1406 214 1471; x_wconf 91' lang='lat' dir='ltr'>nobis.</span> <span class='ocrx_word' id='word_1_71' title='bbox 240 1407 363 1473; x_wconf 91' lang='lat' dir='ltr'>Datum</span> <span class='ocrx_word' id='word_1_72' title='bbox 379 1407 481 1486; x_wconf 77' lang='lat' dir='ltr'>Eudo,</span> <span class='ocrx_word' id='word_1_73' title='bbox 507 1409 641 1474; x_wconf 90' lang='lat' dir='ltr'>sabbato</span> <span class='ocrx_word' id='word_1_74' title='bbox 666 1411 812 1493; x_wconf 84' lang='lat' dir='ltr'>proximo</span> <span class='ocrx_word' id='word_1_75' title='bbox 837 1415 910 1493; x_wconf 86' lang='lat' dir='ltr'>post</span> <span class='ocrx_word' id='word_1_76' title='bbox 934 1408 1052 1474; x_wconf 85' lang='lat' dir='ltr'>festum</span> <span class='ocrx_word' id='word_1_77' title='bbox 1067 1409 1160 1474; x_wconf 88' lang='lat' dir='ltr'>beate</span> <span class='ocrx_word' id='word_1_78' title='bbox 1176 1408 1246 1474; x_wconf 88' lang='lat' dir='ltr'>Ka·</span> 
     </span>
     <span class='ocr_line' id='line_1_10' title="bbox 111 1515 1095 1599; baseline 0.001 -20"><span class='ocrx_word' id='word_1_79' title='bbox 111 1515 239 1579; x_wconf 83' lang='lat' dir='ltr'>therino</span> <span class='ocrx_word' id='word_1_80' title='bbox 255 1515 398 1599; x_wconf 78' lang='lat' dir='ltr'>virginis,</span> <span class='ocrx_word' id='word_1_81' title='bbox 415 1538 499 1582; x_wconf 91' lang='lat' dir='ltr'>anno</span> <span class='ocrx_word' id='word_1_82' title='bbox 516 1517 636 1582; x_wconf 89' lang='lat' dir='ltr'>domini</span> <span class='ocrx_word' id='word_1_83' title='bbox 652 1519 727 1583; x_wconf 63' lang='grc' dir='ltr'>ΜῙῃο</span> <span class='ocrx_word' id='word_1_84' title='bbox 744 1515 865 1584; x_wconf 60' lang='grc' dir='ltr'>000ιὶῚο</span> <span class='ocrx_word' id='word_1_85' title='bbox 882 1517 986 1582; x_wconf 71' lang='lat' dir='ltr'>XLm</span> <span class='ocrx_word' id='word_1_86' title='bbox 1003 1536 1095 1580; x_wconf 92' lang='lat' dir='ltr'>nono.</span> 
     </span>
    </p>
   </div>
   <div class='ocr_carea' id='block_1_3' title="bbox 110 1695 1248 2020">
    <p class='ocr_par' dir='ltr' id='par_1_3' title="bbox 110 1695 1248 2020">
     <span class='ocr_line' id='line_1_11' title="bbox 221 1695 1243 1764; baseline 0.003 -19"><span class='ocrx_word' id='word_1_87' title='bbox 221 1697 373 1760; x_wconf 76' lang='lat' dir='ltr'>Httlapjan</span> <span class='ocrx_word' id='word_1_88' title='bbox 395 1714 412 1748; x_wconf 86' lang='lat' dir='ltr'>a</span> <span class='ocrx_word' id='word_1_89' title='bbox 433 1713 507 1764; x_wconf 85' lang='lat' dir='ltr'>nagy</span> <span class='ocrx_word' id='word_1_90' title='bbox 529 1699 625 1764; x_wconf 76' lang='lat' dir='ltr'>felsegi</span> <span class='ocrx_word' id='word_1_91' title='bbox 638 1699 729 1763; x_wconf 79' lang='lat' dir='ltr'>pecset</span> <span class='ocrx_word' id='word_1_92' title='bbox 743 1699 920 1762; x_wconf 80' lang='lat' dir='ltr'>uyomaiva13</span> <span class='ocrx_word' id='word_1_93' title='bbox 940 1715 956 1748; x_wconf 84' lang='lat' dir='ltr'>a</span> <span class='ocrx_word' id='word_1_94' title='bbox 970 1698 1062 1762; x_wconf 75' lang='lat' dir='ltr'>pecstt</span> <span class='ocrx_word' id='word_1_95' title='bbox 1074 1695 1154 1762; x_wconf 87' lang='lat' dir='ltr'>alatt,</span> <span class='ocrx_word' id='word_1_96' title='bbox 1167 1700 1243 1748; x_wconf 85' lang='lat' dir='ltr'>vala-</span> 
     </span>
     <span class='ocr_line' id='line_1_12' title="bbox 111 1786 1247 1840; baseline 0.004 -6"><span class='ocrx_word' id='word_1_97' title='bbox 111 1786 187 1835; x_wconf 85' lang='lat' dir='ltr'>mint·</span> <span class='ocrx_word' id='word_1_98' title='bbox 200 1787 274 1836; x_wconf 80' lang='lat' dir='ltr'>belol</span> <span class='ocrx_word' id='word_1_99' title='bbox 287 1803 319 1837; x_wconf 79' lang='lat' dir='ltr'>uz</span> <span class='ocrx_word' id='word_1_100' title='bbox 334 1789 441 1838; x_wconf 74' lang='lat' dir='ltr'>oblevel</span> <span class='ocrx_word' id='word_1_101' title='bbox 464 1787 522 1839; x_wconf 79' lang='lat' dir='ltr'>also</span> <span class='ocrx_word' id='word_1_102' title='bbox 546 1789 637 1840; x_wconf 75' lang='lat' dir='ltr'>caelen</span> <span class='ocrx_word' id='word_1_103' title='bbox 659 1804 674 1839; x_wconf 89' lang='lat' dir='ltr'>e</span> <span class='ocrx_word' id='word_1_104' title='bbox 696 1789 797 1839; x_wconf 80' lang='lat' dir='ltr'>szavak</span> <span class='ocrx_word' id='word_1_105' title='bbox 817 1789 998 1839; x_wconf 81' lang='lat' dir='ltr'>olvasbatbk:</span> <span class='ocrx_word' id='word_1_106' title='bbox 1016 1789 1201 1840; x_wconf 75' lang='lat' dir='ltr'>»assecuracio</span> <span class='ocrx_word' id='word_1_107' title='bbox 1214 1790 1247 1839; x_wconf 89' lang='lat' dir='ltr'>de</span> 
     </span>
     <span class='ocr_line' id='line_1_13' title="bbox 110 1877 1248 1944; baseline 0.002 -19"><span class='ocrx_word' id='word_1_108' title='bbox 110 1891 230 1939; x_wconf 73' lang='lat' dir='ltr'>prersona</span> <span class='ocrx_word' id='word_1_109' title='bbox 240 1877 327 1940; x_wconf 88' lang='lat' dir='ltr'>ipsius</span> <span class='ocrx_word' id='word_1_110' title='bbox 337 1879 460 1944; x_wconf 84' lang='lat' dir='ltr'>Pethew‚</span> <span class='ocrx_word' id='word_1_111' title='bbox 471 1880 548 1929; x_wconf 79' lang='lat' dir='ltr'>Petri</span> <span class='ocrx_word' id='word_1_112' title='bbox 560 1885 589 1930; x_wconf 88' lang='lat' dir='ltr'>et</span> <span class='ocrx_word' id='word_1_113' title='bbox 601 1881 697 1932; x_wconf 78' lang='lat' dir='ltr'>Motho</span> <span class='ocrx_word' id='word_1_114' title='bbox 710 1879 884 1930; x_wconf 79' lang='lat' dir='ltr'>notariorum</span> <span class='ocrx_word' id='word_1_115' title='bbox 898 1885 1082 1928; x_wconf 80' lang='lat' dir='ltr'>nostrorum«</span> <span class='ocrx_word' id='word_1_116' title='bbox 1094 1877 1248 1942; x_wconf 76' lang='lat' dir='ltr'>nredctijse</span> 
     </span>
     <span class='ocr_line' id='line_1_14' title="bbox 110 1967 811 2020; baseline 0.004 -4"><span class='ocrx_word' id='word_1_117' title='bbox 110 1982 127 2016; x_wconf 87' lang='lat' dir='ltr'>a</span> <span class='ocrx_word' id='word_1_118' title='bbox 141 1967 176 2018; x_wconf 82' lang='lat' dir='ltr'>N.</span> <span class='ocrx_word' id='word_1_119' title='bbox 190 1967 376 2018; x_wconf 80' lang='lat' dir='ltr'>Muzeumbsn</span> <span class='ocrx_word' id='word_1_120' title='bbox 389 1983 406 2018; x_wconf 86' lang='lat' dir='ltr'>a</span> <span class='ocrx_word' id='word_1_121' title='bbox 420 1968 518 2019; x_wconf 70' lang='lat' dir='ltr'>severi</span> <span class='ocrx_word' id='word_1_122' title='bbox 532 1983 567 2019; x_wconf 83' lang='lat' dir='ltr'>os.</span> <span class='ocrx_word' id='word_1_123' title='bbox 581 1969 711 2020; x_wconf 80' lang='lat' dir='ltr'>lttrtban</span> <span class='ocrx_word' id='word_1_124' title='bbox 725 1968 811 2018; x_wconf 78' lang='lat' dir='ltr'>orzilr.</span> 
     </span>
    </p>
   </div>
   <div class='ocr_carea' id='block_1_4' title="bbox 112 2522 1248 2719">
    <p class='ocr_par' dir='ltr' id='par_1_4' title="bbox 112 2522 1248 2719">
     <span class='ocr_line' id='line_1_15' title="bbox 114 2522 1247 2612; baseline 0 -26"><span class='ocrx_word' id='word_1_125' title='bbox 114 2526 211 2588; x_wconf 80' lang='grc'><em>1349.</em></span> <span class='ocrx_word' id='word_1_126' title='bbox 228 2523 294 2588; x_wconf 83' lang='lat' dir='ltr'>dee.</span> <span class='ocrx_word' id='word_1_127' title='bbox 312 2523 363 2587; x_wconf 85' lang='lat'>10.</span> <span class='ocrx_word' id='word_1_128' title='bbox 381 2522 408 2586; x_wconf 90' lang='lat' dir='ltr'>I.</span> <span class='ocrx_word' id='word_1_129' title='bbox 425 2525 523 2610; x_wconf 79' lang='lat' dir='ltr'>Lojoe</span> <span class='ocrx_word' id='word_1_130' title='bbox 538 2524 646 2610; x_wconf 66' lang='lat' dir='ltr'>kirtly</span> <span class='ocrx_word' id='word_1_131' title='bbox 665 2548 685 2588; x_wconf 84' lang='lat' dir='ltr'>o</span> <span class='ocrx_word' id='word_1_132' title='bbox 702 2522 893 2608; x_wconf 68' lang='lat' dir='ltr'>bu&#39;ttlouscpbe</span> <span class='ocrx_word' id='word_1_133' title='bbox 918 2535 990 2590; x_wconf 85' lang='lat' dir='ltr'>esett</span> <span class='ocrx_word' id='word_1_134' title='bbox 1006 2524 1178 2612; x_wconf 70' lang='lat' dir='ltr'>scherodri</span> <span class='ocrx_word' id='word_1_135' title='bbox 1192 2523 1247 2586; x_wconf 83' lang='lat' dir='ltr'>ko·</span> 
     </span>
     <span class='ocr_line' id='line_1_16' title="bbox 112 2631 1248 2719; baseline 0.002 -25"><span class='ocrx_word' id='word_1_136' title='bbox 112 2631 284 2697; x_wconf 78' lang='lat' dir='ltr'>uoaolcnalc</span> <span class='ocrx_word' id='word_1_137' title='bbox 315 2631 498 2711; x_wconf 73' lang='lat' dir='ltr'>Jooosnaa,</span> <span class='ocrx_word' id='word_1_138' title='bbox 532 2631 619 2718; x_wconf 76' lang='lat' dir='ltr'>Gyop</span> <span class='ocrx_word' id='word_1_139' title='bbox 650 2640 730 2694; x_wconf 77' lang='lat' dir='ltr'>acolt</span> <span class='ocrx_word' id='word_1_140' title='bbox 750 2631 884 2718; x_wconf 77' lang='lat' dir='ltr'>Somopp</span> <span class='ocrx_word' id='word_1_141' title='bbox 908 2635 1087 2719; x_wconf 72' lang='lat' dir='ltr'>uctrmepyei</span> <span class='ocrx_word' id='word_1_142' title='bbox 1112 2631 1248 2696; x_wconf 59' lang='lat' dir='ltr'>bicolor</span> 
     </span>
    </p>
   </div>
   <div class='ocr_carea' id='block_1_5' title="bbox 284 2727 1092 2826">
    <p class='ocr_par' dir='ltr' id='par_1_5' title="bbox 284 2727 1092 2826">
     <span class='ocr_line' id='line_1_17' title="bbox 284 2727 1092 2826; baseline 0.001 -24"><span class='ocrx_word' id='word_1_143' title='bbox 284 2740 446 2824; x_wconf 67' lang='lat' dir='ltr'>cnpjdnak</span> <span class='ocrx_word' id='word_1_144' title='bbox 460 2727 610 2804; x_wconf 68' lang='lat' dir='ltr'>Erzaebet</span> <span class='ocrx_word' id='word_1_145' title='bbox 625 2740 836 2826; x_wconf 65' lang='lat' dir='ltr'>kirdlpntnak</span> <span class='ocrx_word' id='word_1_146' title='bbox 852 2739 1092 2826; x_wconf 75' lang='lat' dir='ltr'>adomdcyozzo.</span> 
     </span>
    </p>
   </div>
   <div class='ocr_carea' id='block_1_6' title="bbox 110 2919 1250 4733">
    <p class='ocr_par' dir='ltr' id='par_1_6' title="bbox 110 2919 1250 4733">
     <span class='ocr_line' id='line_1_18' title="bbox 220 2919 1245 2988; baseline 0 -3"><span class='ocrx_word' id='word_1_147' title='bbox 220 2919 402 2987; x_wconf 86' lang='lat' dir='ltr'>Lodovicus</span> <span class='ocrx_word' id='word_1_148' title='bbox 418 2973 425 2988; x_wconf 89' lang='lat'><strong>.</strong></span> <span class='ocrx_word' id='word_1_149' title='bbox 443 2971 449 2985; x_wconf 94' lang='lat'><strong>.</strong></span> <span class='ocrx_word' id='word_1_150' title='bbox 468 2942 526 2986; x_wconf 86' lang='lat' dir='ltr'>rex</span> <span class='ocrx_word' id='word_1_151' title='bbox 552 2969 582 2986; x_wconf 92' lang='lat'>..</span> <span class='ocrx_word' id='word_1_152' title='bbox 607 2921 650 2986; x_wconf 89' lang='lat' dir='ltr'>ad</span> <span class='ocrx_word' id='word_1_153' title='bbox 674 2921 896 2986; x_wconf 85' lang='lat' dir='ltr'>universorum</span> <span class='ocrx_word' id='word_1_154' title='bbox 922 2921 1074 2987; x_wconf 81' lang='lat' dir='ltr'>noticiam</span> <span class='ocrx_word' id='word_1_155' title='bbox 1099 2922 1245 2986; x_wconf 86' lang='lat' dir='ltr'>volumus</span> 
     </span>
     <span class='ocr_line' id='line_1_19' title="bbox 111 3028 1248 3114; baseline 0 -20"><span class='ocrx_word' id='word_1_156' title='bbox 111 3028 292 3113; x_wconf 84' lang='lat' dir='ltr'>pervenire,</span> <span class='ocrx_word' id='word_1_157' title='bbox 309 3030 394 3112; x_wconf 89' lang='lat' dir='ltr'>quod</span> <span class='ocrx_word' id='word_1_158' title='bbox 410 3031 488 3114; x_wconf 89' lang='lat' dir='ltr'>quia</span> <span class='ocrx_word' id='word_1_159' title='bbox 507 3029 532 3095; x_wconf 87' lang='lat' dir='ltr'><strong>J</strong></span> <span class='ocrx_word' id='word_1_160' title='bbox 534 3031 676 3095; x_wconf 88' lang='lat' dir='ltr'>ohannes</span> <span class='ocrx_word' id='word_1_161' title='bbox 687 3029 763 3093; x_wconf 89' lang='lat' dir='ltr'>olim</span> <span class='ocrx_word' id='word_1_162' title='bbox 774 3034 883 3094; x_wconf 86' lang='lat' dir='ltr'>custos</span> <span class='ocrx_word' id='word_1_163' title='bbox 896 3029 1028 3094; x_wconf 88' lang='lat' dir='ltr'>ecclesie</span> <span class='ocrx_word' id='word_1_164' title='bbox 1044 3028 1198 3096; x_wconf 83' lang='lat' dir='ltr'>Albensis</span> <span class='ocrx_word' id='word_1_165' title='bbox 1214 3030 1248 3094; x_wconf 92' lang='lat' dir='ltr'>in</span> 
     </span>
     <span class='ocr_line' id='line_1_20' title="bbox 111 3136 1247 3224; baseline 0 -22"><span class='ocrx_word' id='word_1_166' title='bbox 111 3136 1247 3224; x_wconf 77' lang='lat' dir='ltr'>manifestumnotaminfidelitatiscontranostramrnaiestateminour·</span> 
     </span>
     <span class='ocr_line' id='line_1_21' title="bbox 111 3244 1248 3329; baseline 0 -21"><span class='ocrx_word' id='word_1_167' title='bbox 111 3245 193 3309; x_wconf 88' lang='lat' dir='ltr'>risse</span> <span class='ocrx_word' id='word_1_168' title='bbox 203 3245 357 3327; x_wconf 81' lang='lat' dir='ltr'>noscitur,</span> <span class='ocrx_word' id='word_1_169' title='bbox 367 3250 502 3329; x_wconf 88' lang='lat' dir='ltr'>propter</span> <span class='ocrx_word' id='word_1_170' title='bbox 522 3265 619 3328; x_wconf 90' lang='lat' dir='ltr'>quam</span> <span class='ocrx_word' id='word_1_171' title='bbox 635 3245 727 3310; x_wconf 85' lang='lat' dir='ltr'>iuxta</span> <span class='ocrx_word' id='word_1_172' title='bbox 745 3244 795 3310; x_wconf 91' lang='lat' dir='ltr'>sui</span> <span class='ocrx_word' id='word_1_173' title='bbox 814 3245 957 3310; x_wconf 88' lang='lat' dir='ltr'>criminis</span> <span class='ocrx_word' id='word_1_174' title='bbox 982 3245 1175 3329; x_wconf 85' lang='lat' dir='ltr'>qualitatem</span> <span class='ocrx_word' id='word_1_175' title='bbox 1191 3265 1248 3329; x_wconf 91' lang='lat' dir='ltr'>per</span> 
     </span>
     <span class='ocr_line' id='line_1_22' title="bbox 111 3352 1248 3438; baseline 0.002 -22"><span class='ocrx_word' id='word_1_176' title='bbox 111 3352 314 3418; x_wconf 86' lang='lat' dir='ltr'>sentenciam</span> <span class='ocrx_word' id='word_1_177' title='bbox 324 3353 636 3437; x_wconf 90' lang='lat' dir='ltr'>archiepiscoporum</span> <span class='ocrx_word' id='word_1_178' title='bbox 651 3358 684 3417; x_wconf 91' lang='lat' dir='ltr'>et</span> <span class='ocrx_word' id='word_1_179' title='bbox 698 3358 877 3417; x_wconf 86' lang='lat' dir='ltr'>ceterorum</span> <span class='ocrx_word' id='word_1_180' title='bbox 888 3354 1129 3438; x_wconf 83' lang='lat' dir='ltr'>quamplurium</span> <span class='ocrx_word' id='word_1_181' title='bbox 1145 3353 1248 3437; x_wconf 86' lang='lat' dir='ltr'>prele-</span> 
     </span>
     <span class='ocr_line' id='line_1_23' title="bbox 110 3459 1249 3546; baseline -0.003 -19"><span class='ocrx_word' id='word_1_182' title='bbox 110 3461 425 3527; x_wconf 89' lang='lat' dir='ltr'>tornmetbaronum</span> <span class='ocrx_word' id='word_1_183' title='bbox 435 3461 525 3543; x_wconf 87' lang='lat' dir='ltr'>regni</span> <span class='ocrx_word' id='word_1_184' title='bbox 535 3460 685 3526; x_wconf 88' lang='lat' dir='ltr'>nostriad</span> <span class='ocrx_word' id='word_1_185' title='bbox 695 3459 886 3524; x_wconf 86' lang='lat' dir='ltr'>vescendum</span> <span class='ocrx_word' id='word_1_186' title='bbox 896 3482 980 3544; x_wconf 91' lang='lat' dir='ltr'>pane</span> <span class='ocrx_word' id='word_1_187' title='bbox 990 3460 1109 3527; x_wconf 89' lang='lat' dir='ltr'>doloris</span> <span class='ocrx_word' id='word_1_188' title='bbox 1120 3467 1154 3527; x_wconf 91' lang='lat' dir='ltr'>et</span> <span class='ocrx_word' id='word_1_189' title='bbox 1164 3483 1249 3546; x_wconf 86' lang='lat' dir='ltr'>aqua</span> 
     </span>
     <span class='ocr_line' id='line_1_24' title="bbox 111 3565 1249 3654; baseline 0 -20"><span class='ocrx_word' id='word_1_190' title='bbox 111 3571 266 3654; x_wconf 84' lang='lat' dir='ltr'>angustie</span> <span class='ocrx_word' id='word_1_191' title='bbox 282 3575 438 3654; x_wconf 89' lang='lat' dir='ltr'>perpetuo</span> <span class='ocrx_word' id='word_1_192' title='bbox 456 3569 576 3636; x_wconf 86' lang='lat' dir='ltr'>carceri</span> <span class='ocrx_word' id='word_1_193' title='bbox 593 3574 641 3632; x_wconf 89' lang='lat' dir='ltr'>est</span> <span class='ocrx_word' id='word_1_194' title='bbox 657 3568 839 3650; x_wconf 85' lang='lat' dir='ltr'>deputatus,</span> <span class='ocrx_word' id='word_1_195' title='bbox 856 3575 888 3632; x_wconf 90' lang='lat' dir='ltr'>et</span> <span class='ocrx_word' id='word_1_196' title='bbox 904 3590 942 3632; x_wconf 87' lang='lat' dir='ltr'>ex</span> <span class='ocrx_word' id='word_1_197' title='bbox 958 3569 1029 3651; x_wconf 86' lang='lat' dir='ltr'>ipsa</span> <span class='ocrx_word' id='word_1_198' title='bbox 1044 3565 1249 3652; x_wconf 84' lang='lat' dir='ltr'>infidelitatis</span> 
     </span>
     <span class='ocr_line' id='line_1_25' title="bbox 111 3674 1249 3761; baseline -0.003 -19"><span class='ocrx_word' id='word_1_199' title='bbox 111 3686 191 3744; x_wconf 88' lang='lat' dir='ltr'>nota</span> <span class='ocrx_word' id='word_1_200' title='bbox 208 3700 276 3761; x_wconf 87' lang='lat' dir='ltr'>qua</span> <span class='ocrx_word' id='word_1_201' title='bbox 292 3676 503 3760; x_wconf 84' lang='lat' dir='ltr'>probabiliter</span> <span class='ocrx_word' id='word_1_202' title='bbox 531 3697 570 3740; x_wconf 90' lang='lat' dir='ltr'>ex</span> <span class='ocrx_word' id='word_1_203' title='bbox 587 3674 855 3740; x_wconf 86' lang='lat' dir='ltr'>condemnaoione</span> <span class='ocrx_word' id='word_1_204' title='bbox 871 3677 1085 3742; x_wconf 87' lang='lat' dir='ltr'>sentenciaria</span> <span class='ocrx_word' id='word_1_205' title='bbox 1108 3675 1249 3758; x_wconf 88' lang='lat' dir='ltr'>prefato·</span> 
     </span>
     <span class='ocr_line' id='line_1_26' title="bbox 112 3782 1249 3870; baseline -0.004 -18"><span class='ocrx_word' id='word_1_206' title='bbox 112 3810 185 3852; x_wconf 89' lang='lat' dir='ltr'>rum</span> <span class='ocrx_word' id='word_1_207' title='bbox 218 3785 534 3870; x_wconf 87' lang='lat' dir='ltr'>archiepiscoporum</span> <span class='ocrx_word' id='word_1_208' title='bbox 560 3790 593 3848; x_wconf 90' lang='lat' dir='ltr'>et</span> <span class='ocrx_word' id='word_1_209' title='bbox 623 3783 761 3848; x_wconf 90' lang='lat' dir='ltr'>aliorum</span> <span class='ocrx_word' id='word_1_210' title='bbox 792 3782 992 3866; x_wconf 87' lang='lat' dir='ltr'>prelatorum</span> <span class='ocrx_word' id='word_1_211' title='bbox 1023 3805 1060 3848; x_wconf 92' lang='lat' dir='ltr'>ao</span> <span class='ocrx_word' id='word_1_212' title='bbox 1090 3784 1249 3848; x_wconf 87' lang='lat' dir='ltr'>baronum</span> 
     </span>
     <span class='ocr_line' id='line_1_27' title="bbox 111 3892 1249 3978; baseline -0.004 -18"><span class='ocrx_word' id='word_1_213' title='bbox 111 3896 206 3978; x_wconf 83' lang='lat' dir='ltr'>regni</span> <span class='ocrx_word' id='word_1_214' title='bbox 223 3895 326 3959; x_wconf 88' lang='lat' dir='ltr'>nostri</span> <span class='ocrx_word' id='word_1_215' title='bbox 343 3899 380 3958; x_wconf 89' lang='lat' dir='ltr'>ut</span> <span class='ocrx_word' id='word_1_216' title='bbox 395 3893 594 3976; x_wconf 85' lang='lat' dir='ltr'>premittitur</span> <span class='ocrx_word' id='word_1_217' title='bbox 611 3899 659 3957; x_wconf 86' lang='lat' dir='ltr'>est</span> <span class='ocrx_word' id='word_1_218' title='bbox 676 3913 849 3975; x_wconf 85' lang='lat' dir='ltr'>respersus,</span> <span class='ocrx_word' id='word_1_219' title='bbox 867 3892 1013 3957; x_wconf 87' lang='lat' dir='ltr'>universe</span> <span class='ocrx_word' id='word_1_220' title='bbox 1030 3892 1249 3976; x_wconf 85' lang='lat' dir='ltr'>possessiones</span> 
     </span>
     <span class='ocr_line' id='line_1_28' title="bbox 113 3998 1249 4086; baseline -0.004 -19"><span class='ocrx_word' id='word_1_221' title='bbox 113 4009 147 4067; x_wconf 85' lang='lat' dir='ltr'>et-</span> <span class='ocrx_word' id='word_1_222' title='bbox 163 4001 414 4086; x_wconf 84' lang='lat' dir='ltr'>possossionarie</span> <span class='ocrx_word' id='word_1_223' title='bbox 430 4002 598 4086; x_wconf 84' lang='lat' dir='ltr'>porciones</span> <span class='ocrx_word' id='word_1_224' title='bbox 615 3998 757 4064; x_wconf 88' lang='lat' dir='ltr'>eiusdem</span> <span class='ocrx_word' id='word_1_225' title='bbox 783 4001 923 4065; x_wconf 83' lang='lat' dir='ltr'>cuiusvis</span> <span class='ocrx_word' id='word_1_226' title='bbox 939 4001 1077 4065; x_wconf 90' lang='lat' dir='ltr'>nominis</span> <span class='ocrx_word' id='word_1_227' title='bbox 1094 3998 1249 4066; x_wconf 88' lang='lat' dir='ltr'>vocabulo</span> 
     </span>
     <span class='ocr_line' id='line_1_29' title="bbox 113 4107 1249 4192; baseline 0 -21"><span class='ocrx_word' id='word_1_228' title='bbox 113 4111 255 4175; x_wconf 78' lang='lat' dir='ltr'>vocitate</span> <span class='ocrx_word' id='word_1_229' title='bbox 272 4109 352 4174; x_wconf 88' lang='lat' dir='ltr'>etin</span> <span class='ocrx_word' id='word_1_230' title='bbox 378 4109 576 4191; x_wconf 88' lang='lat' dir='ltr'>quibuslibet</span> <span class='ocrx_word' id='word_1_231' title='bbox 600 4107 807 4173; x_wconf 88' lang='lat' dir='ltr'>comitatibus</span> <span class='ocrx_word' id='word_1_232' title='bbox 824 4115 857 4172; x_wconf 90' lang='lat' dir='ltr'>et</span> <span class='ocrx_word' id='word_1_233' title='bbox 873 4108 1021 4192; x_wconf 88' lang='lat' dir='ltr'>partibus</span> <span class='ocrx_word' id='word_1_234' title='bbox 1038 4109 1130 4191; x_wconf 84' lang='lat' dir='ltr'>regni</span> <span class='ocrx_word' id='word_1_235' title='bbox 1146 4107 1249 4172; x_wconf 88' lang='lat' dir='ltr'>nostri</span> 
     </span>
     <span class='ocr_line' id='line_1_30' title="bbox 112 4215 1248 4301; baseline -0.004 -18"><span class='ocrx_word' id='word_1_236' title='bbox 112 4221 294 4283; x_wconf 86' lang='lat' dir='ltr'>existentes</span> <span class='ocrx_word' id='word_1_237' title='bbox 307 4238 347 4280; x_wconf 85' lang='lat' dir='ltr'>ex</span> <span class='ocrx_word' id='word_1_238' title='bbox 363 4217 634 4301; x_wconf 81' lang='lat' dir='ltr'>approbatissime</span> <span class='ocrx_word' id='word_1_239' title='bbox 649 4217 741 4298; x_wconf 83' lang='lat' dir='ltr'>regni</span> <span class='ocrx_word' id='word_1_240' title='bbox 762 4218 864 4280; x_wconf 89' lang='lat' dir='ltr'>nostri</span> <span class='ocrx_word' id='word_1_241' title='bbox 890 4215 1119 4282; x_wconf 81' lang='lat' dir='ltr'>consuetudine</span> <span class='ocrx_word' id='word_1_242' title='bbox 1135 4215 1178 4280; x_wconf 84' lang='lat' dir='ltr'>ad</span> <span class='ocrx_word' id='word_1_243' title='bbox 1193 4236 1248 4279; x_wconf 91' lang='lat' dir='ltr'>no-</span> 
     </span>
     <span class='ocr_line' id='line_1_31' title="bbox 113 4325 1250 4408; baseline 0 -17"><span class='ocrx_word' id='word_1_244' title='bbox 113 4333 202 4391; x_wconf 84' lang='lat' dir='ltr'>stras</span> <span class='ocrx_word' id='word_1_245' title='bbox 228 4345 345 4390; x_wconf 85' lang='lat' dir='ltr'>manus</span> <span class='ocrx_word' id='word_1_246' title='bbox 370 4325 476 4408; x_wconf 83' lang='lat' dir='ltr'>regias</span> <span class='ocrx_word' id='word_1_247' title='bbox 500 4325 650 4390; x_wconf 78' lang='lat' dir='ltr'>deuolute</span> <span class='ocrx_word' id='word_1_248' title='bbox 682 4331 863 4406; x_wconf 88' lang='lat' dir='ltr'>censentur,</span> <span class='ocrx_word' id='word_1_249' title='bbox 894 4326 965 4390; x_wconf 89' lang='lat' dir='ltr'>ideo</span> <span class='ocrx_word' id='word_1_250' title='bbox 996 4345 1054 4389; x_wconf 89' lang='lat' dir='ltr'>nos</span> <span class='ocrx_word' id='word_1_251' title='bbox 1086 4325 1250 4407; x_wconf 84' lang='lat' dir='ltr'>quandam</span> 
     </span>
     <span class='ocr_line' id='line_1_32' title="bbox 114 4429 1250 4516; baseline -0.001 -20"><span class='ocrx_word' id='word_1_252' title='bbox 114 4432 352 4515; x_wconf 87' lang='lat' dir='ltr'>possessionem</span> <span class='ocrx_word' id='word_1_253' title='bbox 376 4431 518 4497; x_wconf 88' lang='lat' dir='ltr'>ciusdem</span> <span class='ocrx_word' id='word_1_254' title='bbox 534 4431 560 4496; x_wconf 84' lang='lat' dir='ltr'><strong>J</strong></span> <span class='ocrx_word' id='word_1_255' title='bbox 561 4433 698 4497; x_wconf 87' lang='lat' dir='ltr'>ohannis</span> <span class='ocrx_word' id='word_1_256' title='bbox 725 4433 887 4515; x_wconf 89' lang='lat' dir='ltr'>quondam</span> <span class='ocrx_word' id='word_1_257' title='bbox 907 4432 1049 4499; x_wconf 90' lang='lat' dir='ltr'>custodis</span> <span class='ocrx_word' id='word_1_258' title='bbox 1066 4429 1183 4516; x_wconf 82' lang='lat' dir='ltr'>Gyogb</span> <span class='ocrx_word' id='word_1_259' title='bbox 1198 4453 1250 4496; x_wconf 88' lang='lat' dir='ltr'>vo-</span> 
     </span>
     <span class='ocr_line' id='line_1_33' title="bbox 114 4537 1250 4624; baseline 0 -19"><span class='ocrx_word' id='word_1_260' title='bbox 114 4548 234 4616; x_wconf 85' lang='lat' dir='ltr'>catam,</span> <span class='ocrx_word' id='word_1_261' title='bbox 261 4539 294 4602; x_wconf 91' lang='lat' dir='ltr'>in</span> <span class='ocrx_word' id='word_1_262' title='bbox 320 4539 474 4604; x_wconf 89' lang='lat' dir='ltr'>comitatu</span> <span class='ocrx_word' id='word_1_263' title='bbox 500 4537 687 4624; x_wconf 81' lang='lat' dir='ltr'>Simigiensi</span> <span class='ocrx_word' id='word_1_264' title='bbox 711 4540 866 4619; x_wconf 87' lang='lat' dir='ltr'>habitam,</span> <span class='ocrx_word' id='word_1_265' title='bbox 892 4563 931 4604; x_wconf 84' lang='lat' dir='ltr'>ox</span> <span class='ocrx_word' id='word_1_266' title='bbox 956 4540 1061 4604; x_wconf 88' lang='lat' dir='ltr'>causis</span> <span class='ocrx_word' id='word_1_267' title='bbox 1086 4540 1250 4624; x_wconf 89' lang='lat' dir='ltr'>premissis</span> 
     </span>
     <span class='ocr_line' id='line_1_34' title="bbox 114 4647 1250 4733; baseline 0.004 -26"><span class='ocrx_word' id='word_1_268' title='bbox 114 4649 203 4714; x_wconf 87' lang='lat' dir='ltr'>omni</span> <span class='ocrx_word' id='word_1_269' title='bbox 229 4648 300 4713; x_wconf 91' lang='lat' dir='ltr'>iure</span> <span class='ocrx_word' id='word_1_270' title='bbox 325 4648 367 4712; x_wconf 86' lang='lat' dir='ltr'>ad</span> <span class='ocrx_word' id='word_1_271' title='bbox 392 4653 536 4714; x_wconf 87' lang='lat' dir='ltr'>nostram</span> <span class='ocrx_word' id='word_1_272' title='bbox 567 4647 774 4713; x_wconf 86' lang='lat' dir='ltr'>collacionem</span> <span class='ocrx_word' id='word_1_273' title='bbox 805 4649 1032 4733; x_wconf 84' lang='lat' dir='ltr'>pertinentem,</span> <span class='ocrx_word' id='word_1_274' title='bbox 1058 4647 1201 4713; x_wconf 83' lang='lat' dir='ltr'>volentes</span> <span class='ocrx_word' id='word_1_275' title='bbox 1220 4696 1250 4711; x_wconf 93' lang='lat'>..</span> 
     </span>
    </p>
   </div>
   <div class='ocr_carea' id='block_1_7' title="bbox 0 0 1605 5470">
    <p class='ocr_par' dir='ltr' id='par_1_7' title="bbox 0 0 1605 5470">
     <span class='ocr_line' id='line_1_35' title="bbox 0 0 1605 5470; baseline 0 0"><span class='ocrx_word' id='word_1_276' title='bbox 0 0 1605 5470; x_wconf 95' lang='lat' dir='ltr'> </span> 
     </span>
    </p>
   </div>
  </div>
 </body>
</html>
