3226 5462
550 475 644 538 1347.
661 479 732 538 nrlr.
750 478 801 539 20.
1198 483 1237 541 77

115 651 143 714 in
158 647 322 734 tenoribus
347 651 509 718 dictarum
535 655 634 719 trium
660 653 827 718 literarum
854 661 1067 720 contentas..
1086 655 1238 738 sepefatis

116 759 405 825 sanctimonialibus
421 760 460 825 de
477 761 591 826 Insula
607 761 771 846 Leporum
788 761 829 826 ad
846 762 1007 844 predictas
1022 764 1239 846 possessiones

116 867 288 932 earumdem
326 877 622 952 supramemoratas
663 871 856 954 applicando
897 871 1087 938 statuissent
1119 872 1238 958 pluries

117 976 275 1041 adnotatas
304 985 460 1060 perpetuo
487 977 679 1062 possidenda
696 1027 703 1042 .
720 1028 726 1042 .
743 985 776 1043 et
800 977 887 1043 dicta
913 985 1042 1044 centum
1059 987 1091 1045 et
1108 987 1233 1063 septua-

118 1087 198 1166 ginta
214 1086 325 1169 iugera
342 1093 428 1152 terre
443 1107 501 1170 per
518 1086 696 1170 predictum
714 1087 891 1172 capitulum
917 1089 996 1171 ipsis
1013 1087 1238 1152 sanctimonia-

119 1193 191 1258 libus
206 1195 327 1261 tradita
352 1203 385 1260 et
409 1197 584 1279 assignata,
603 1195 817 1279 infrascriptis
834 1196 934 1279 signis
950 1195 1121 1262 metalibus
1147 1196 1234 1280 ipsas

118 1308 243 1384 quatuor
267 1304 483 1386 possessiones
508 1303 719 1387 particulatas
746 1304 787 1369 ab
812 1305 948 1370 invicem
964 1303 1237 1370 distinxissent..

119 1411 191 1474 inter
205 1410 383 1494 sepedictus
409 1419 517 1496 partes
533 1418 687 1495 perpetue
713 1412 897 1479 duraturis:
921 1413 1027 1496 prima
1043 1419 1129 1478 meta
1144 1414 1232 1498 ipsas

118 1525 244 1601 quatuor
256 1520 473 1602 possessiones
499 1521 645 1604 superius
662 1521 844 1586 nominatas
862 1520 1054 1586 abinvicem
1081 1541 1236 1603 separans

118 1627 219 1710 incipit
233 1627 319 1692 circa
335 1649 435 1693 unam
451 1648 570 1712 aquam
588 1628 777 1712 paludosam
803 1629 940 1694 Malaka
966 1637 1121 1707 vocatam,
1146 1631 1237 1696 cuius

117 1755 190 1816 aque
204 1735 358 1818 paludose
375 1757 457 1800 unus
477 1734 550 1800 finis
575 1737 739 1820 protendit
756 1759 789 1804 se
806 1737 965 1821 usquead
982 1738 1130 1822 Hedueg‚
1154 1737 1237 1803 alter

115 1863 179 1907 sero
203 1865 302 1926 usque
328 1845 369 1909 ad
394 1844 605 1928 Kewherych‚
649 1846 735 1910 circa
766 1868 863 1930 qnam
895 1869 1013 1932 aquam
1045 1847 1234 1932 paludosam

116 1953 279 2017 unxissent
294 1953 376 2018 duas
396 1974 494 2018 novas
520 1959 623 2019 metas
648 1959 790 2036 terreas3
814 1955 888 2020 inde
910 1977 1045 2040 parvum
1072 1955 1238 2040 progredi-

115 2061 428 2144 ocdoadaquilonem
439 2063 616 2127 erexissent
626 2063 723 2127 aliam
735 2085 848 2128 novam
859 2071 978 2129 metam
989 2070 1137 2142 terream,
1149 2071 1181 2129 et
1192 2063 1233 2128 ab

116 2169 212 2234 eodem
227 2191 337 2236 uersus
352 2171 483 2255 pingam
500 2170 728 2236 occidentalem
739 2171 901 2255 pergendo
926 2173 1102 2238 erexissent
1119 2193 1234 2237 novam

116 2283 222 2344 metam
238 2283 429 2360 terraemot
444 2277 486 2344 ab
502 2277 613 2342 eadem
629 2277 820 2344 reflectendo
836 2280 877 2344 ad
895 2279 1086 2363 aquilonem,
1102 2303 1238 2364 parvum

117 2387 246 2470 spacium
262 2386 375 2458 eundo,
392 2386 568 2451 erexissent
584 2407 695 2452 novam
716 2394 833 2452 metam
855 2395 1004 2468 terream,
1020 2389 1106 2455 etde
1123 2389 1234 2456 eedem

117 2495 256 2560 flectendo
272 2496 313 2560 ad
329 2495 559 2561 occidentalem
570 2496 701 2579 plagam
710 2517 844 2579 parvum
861 2499 965 2564 eundo
984 2499 1161 2563 erexissent
1178 2521 1233 2564 no·

119 2623 180 2668 ram
194 2610 310 2668 metam
321 2603 513 2682 cursualem,
536 2603 610 2668 inde
621 2603 740 2670 directe
751 2606 856 2671 eundo
866 2627 923 2689 per
944 2605 1073 2689 aliquod
1091 2609 1234 2689 spacium

121 2731 215 2776 uersus
231 2712 358 2796 plagam
376 2711 606 2777 occidentalem
623 2714 800 2779 erexissent
819 2735 932 2779 novam
949 2722 1067 2781 metam
1084 2721 1234 2795 terream,

121 2819 347 2902 etpereandem
365 2818 495 2903 plagam
506 2820 537 2884 in
550 2819 660 2901 aliquo
678 2820 787 2904 spacio
804 2820 908 2884 eundo
925 2821 1103 2886 erexissent
1119 2843 1232 2886 novam

122 2935 224 2992 metam
241 2934 379 2993 terream
397 2928 586 3007 cursualem,
603 2929 684 2994 etde
695 2929 805 2994 eadem
817 2929 858 2992 ad
872 2929 1006 2994 eandem
1022 2929 1152 3012 plagam
1166 2937 1234 2994 ten·

120 3035 210 3101 dendo
218 3039 393 3102 erexissent
408 3037 504 3102 aliam
522 3057 636 3102 nouam
646 3042 765 3100 metam
782 3043 929 3114 terream,
945 3037 1032 3102 etde
1049 3038 1159 3102 eadem
1177 3059 1235 3122 per

120 3145 237 3209 eandem
253 3145 381 3228 plagam
398 3146 559 3228 pergendo
576 3145 617 3208 ad
627 3145 725 3208 aliam
744 3151 864 3209 metam
882 3151 1034 3224 terream3
1054 3145 1172 3209 abhinc
1189 3145 1235 3208 di·

120 3253 303 3318 recteeundo
314 3253 355 3316 ad
366 3253 463 3318 aliam
474 3259 593 3318 metam
603 3257 755 3332 terream3
772 3253 846 3316 inde
857 3251 1048 3318 reflectendo
1059 3253 1099 3316 ad
1110 3259 1234 3336 partem

119 3360 345 3426 meridionalem
362 3359 402 3424 ad
419 3359 517 3425 aliam
533 3366 651 3424 metam
668 3365 821 3441 terream;
841 3359 915 3424 inde
935 3360 1055 3424 directe
1072 3359 1176 3424 eundo
1194 3359 1233 3424 ad

119 3477 229 3552 parum
238 3469 466 3535 occidentalem
484 3467 524 3532 ad
541 3467 638 3534 aliam
649 3473 767 3532 metam
778 3473 925 3545 terream,
942 3467 1056 3532 deinde
1067 3468 1108 3533 ad
1126 3468 1235 3544 aliam,

119 3583 146 3640 et
159 3576 314 3642 abeodem
331 3575 451 3642 directe
467 3576 571 3640 exindo
588 3575 628 3640 ad
646 3576 743 3641 aliam
758 3582 878 3640 metam
892 3581 1045 3656 terream3
1062 3575 1178 3641 abhinc
1188 3597 1235 3640 re-

118 3683 244 3750 flectitur
259 3685 300 3750 ed
317 3685 612 3770 septemtrionalem
629 3683 671 3748 ad
687 3683 785 3747 aliam
795 3689 917 3746 metam
932 3689 1073 3748 terream
1084 3683 1165 3748 etde
1182 3705 1233 3748 ea·

119 3791 179 3855 de'm
190 3791 379 3858 reflectendo
393 3793 434 3857 ad
450 3798 575 3877 partem
586 3789 814 3858 occidentalem
836 3789 877 3854 ad
888 3789 986 3854 aliam
996 3797 1114 3856 metam
1135 3797 1235 3856 terre-

120 3901 216 3976 am,de
232 3923 295 3984 qua
305 3901 422 3966 iterum
439 3901 480 3966 ad
497 3901 593 3966 aliam
605 3905 724 3964 metam
740 3905 889 3976 terream,
900 3899 980 3963 etde
992 3899 1103 3963 eadem
1114 3899 1231 3964 iterum

88 4051 90 4056 -
120 4006 153 4069 ad
167 4008 258 4073 aliam
268 4015 388 4074 metam
399 4014 539 4074 terream
555 4009 745 4088 cursualem,
755 4015 787 4073 et
797 4009 837 4073 de
847 4009 958 4074 eadem
974 4028 1083 4072 versus
1099 4007 1228 4091 plagam

121 4115 334 4182 occidentalem
365 4116 526 4200 pergendo
558 4115 599 4180 ad
630 4115 709 4180 duas
740 4123 844 4182 metas
860 4123 982 4182 terreas
1009 4116 1095 4181 circa
1120 4115 1233 4198 Mege-

121 4220 240 4288 Malaka
255 4229 387 4304 erectas,
404 4225 443 4289 de
459 4224 575 4308 quibus
590 4245 701 4290 versus
718 4223 849 4306 plagam
865 4221 1160 4306 septemtrionalem
1176 4243 1233 4306 per

122 4329 241 4396 eandem
257 4331 504 4414 blegeMalalra
520 4333 665 4414 pervenit
690 4353 791 4416 usque
817 4333 859 4397 ad
885 4339 1006 4397 terram
1032 4331 1125 4398 Ohan
1141 4339 1174 4397 et
1190 4332 1235 4397 ibi

122 4439 329 4504 terminantur.
347 4440 470 4506 Datum
488 4439 622 4506 sabbato
635 4441 780 4523 proximo
791 4438 993 4506 antelestirm
1004 4442 1089 4507 beati
1101 4439 1234 4525 Georgii

122 4547 257 4626 inartiris,
282 4569 367 4612 anno
391 4548 509 4612 domini
527 4548 702 4614 Millesimo
727 4549 951 4616 trecentesimo
968 4549 1073 4615 ΧΙι1110
1089 4551 1233 4635 septimo.

121 4653 198 4719 Visis
221 4657 329 4740 itaque
354 4657 580 4739 promissarum
608 4657 774 4724 literarum
801 4659 901 4742 ipsius
936 4659 1070 4743 capituli
1102 4659 1234 4724 ecclesie
