3226 5462
594 513 688 576 1347.
706 532 799 576 rsus.
818 515 847 576 2.
1165 581 1169 589 ,
1260 513 1285 578 9

148 691 347 774 quibusdam
372 691 481 758 arduis
514 693 761 762 necessitatibus
796 694 901 780 ipsum
927 695 1069 778 graviter
1094 695 1285 780 urgentibus

148 799 345 883 compulsus,
361 800 544 884 specialiter
560 809 670 869 autem
695 803 774 885 quia
793 805 827 868 in
851 803 1020 888 presencia
1044 804 1207 889 magnifici
1224 807 1284 872 viri

148 909 272 976 domini
297 910 436 995 palatini
460 911 574 978 ordine
600 911 769 979 iudiciario
794 912 929 978 nimium
956 920 1041 980 esset
1065 921 1287 998 pregravatus,

149 1021 370 1100 possessiones
381 1039 455 1084 suas
466 1018 615 1086 videlicet
624 1020 706 1086 duas
716 1020 819 1100 villas,
829 1027 985 1103 utrasque
994 1017 1020 1088 J
1021 1021 1118 1100 anuk,
1129 1021 1285 1102 Obandol,

148 1125 333 1206 Kurmusd,
349 1127 445 1193 Kuze
462 1133 495 1193 et
510 1127 632 1214 Tolvoy
647 1135 785 1210 vocatas,
813 1132 847 1196 in
873 1129 984 1194 eodem
1010 1131 1165 1207 comitatu
1188 1131 1287 1198 Poso-

149 1234 257 1300 niensi
282 1235 466 1314 existentes,
492 1257 565 1302 cum
589 1236 738 1302 omnibus
763 1236 949 1302 earumdem
964 1237 1184 1306 utilitatibus.
1201 1241 1288 1306 .La·

150 1341 256 1410 dislao
281 1342 349 1410 filio
373 1343 465 1410 Petri
496 1343 555 1410 filii
587 1344 713 1412 Ivanka
753 1345 968 1430 personaliter
999 1367 1108 1413 coram
1139 1349 1285 1432 predicto

151 1452 296 1536 capitulo
311 1451 337 1517 J
337 1451 482 1518 auriensi
498 1453 619 1520 astanti
629 1459 661 1519 ct
670 1453 736 1520 suis
745 1453 918 1520 herodibus
928 1502 935 1518 .
947 1503 954 1518 .
964 1475 1023 1538 pro
1041 1455 1288 1541 quadringentis
1366 1521 1370 1530 ,

150 1560 269 1626 marcis
286 1560 428 1626 latorum
444 1561 653 1628 donariorum
668 1562 901 1642 viennensium,
918 1561 1065 1643 qualibet
1089 1583 1288 1630 marescum

150 1671 263 1738 decem
280 1671 399 1754 ,pensis
424 1677 661 1756 computata..
686 1671 876 1738 tradidisset
901 1679 934 1738 et
959 1672 1155 1739 vendidisset
1180 1695 1288 1740 coram

149 1778 296 1864 capitulo
319 1778 347 1844 J
347 1779 489 1846 auriensi
513 1786 693 1864 prenotato,
709 1781 780 1846 iure
804 1787 963 1866 perpetuo
980 1831 987 1846 .
1004 1834 1011 1847 .
1027 1782 1236 1868 possidendas
1253 1831 1260 1848 .
1281 1835 1287 1850 .

149 1891 186 1954 in
209 1887 348 1954 alterius
371 1907 447 1953 vero
482 1888 576 1955 litere
594 1889 812 1975 privilegialis
843 1889 1045 1956 continencia
1075 1891 1290 1958 denotabatur

149 1995 335 2075 manifeste,
353 1997 439 2078 quod
448 1995 585 2065 Nicolao
595 1997 661 2065 filio
672 1999 836 2066 Dominioi
847 1997 906 2066 filii
919 1999 1011 2066 Petri
1021 1999 1061 2066 de
1071 2000 1097 2067 J
1098 2001 1186 2067 anuli
1195 2001 1291 2067 comi·

151 2113 242 2174 tatus
252 2105 463 2173 Posoniensis
479 2105 520 2173 ab
530 2127 597 2173 una
606 2115 709 2192 parte,
720 2113 754 2174 ot
763 2107 917 2176 Ladislao
927 2107 981 2174 filo
992 2110 1085 2175 Petri
1095 2108 1154 2176 filii
1165 2109 1291 2176 Ivanka

152 2215 194 2280 de
209 2214 354 2300 Magyar
369 2214 412 2280 ab
428 2214 533 2282 altera
556 2237 663 2282 eoram
680 2215 824 2302 predicto
841 2215 983 2300 capitulo
999 2217 1024 2282 J
1026 2219 1168 2283 auriensi
1183 2239 1291 2302 perso·

152 2323 274 2390 nalitm
291 2322 484 2402 constitutis,
494 2323 700 2407 pereundam
709 2322 883 2390 Nicolaum
899 2324 1100 2409 propositum
1117 2325 1292 2391 exstitisset

153 2485 160 2497 .
180 2486 186 2496 .
204 2431 292 2514 quod
310 2433 387 2512 quia
402 2431 470 2516 ipse
485 2431 660 2499 Ladislaus
685 2431 807 2498 dictum
822 2431 994 2499 Nicolaum
1011 2433 1044 2497 in
1060 2432 1209 2500 omnibns
1225 2435 1292 2500 suis

153 2540 298 2625 negooiis
314 2544 348 2605 et
362 2539 495 2624 agendis
519 2540 597 2605 totis
622 2537 749 2608 viribus⁴
768 2539 979 2624 promovisset
1007 2561 1059 2606 res
1075 2546 1108 2606 et
1122 2561 1293 2625 personam

154 2647 346 2734 exponendo
371 2667 430 2732 pro
454 2645 579 2728 ecdem,
603 2647 676 2714 ideo
701 2647 771 2732 ipse
795 2647 954 2714 Nicotaus
980 2649 1200 2733 possessiones
1217 2670 1292 2715 suas
1350 2679 1353 2684 ·

154 2757 309 2824 videlieet
324 2753 350 2820 J
350 2753 438 2820 anuli
454 2755 653 2840 superiorem
669 2761 702 2822 at
718 2753 912 2835 inferiorem,
936 2757 1014 2822 item
1032 2753 1191 2837 Obandal,
1206 2755 1293 2822 Kur-

154 2865 261 2948 musd,
278 2865 393 2949 Kuzey
408 2871 441 2930 et
455 2863 581 2949 Toluoy
605 2868 745 2947 vocatas,
761 2862 866 2930 eidem
891 2864 1046 2931 Ladislao
1063 2886 1122 2948 pro
1139 2865 1292 2950 quadrin-

154 2976 265 3059 gentis
289 2974 408 3040 mareis
432 2973 496 3039 iam
521 2972 643 3040 dudum
658 2971 855 3040 vendidisset
879 2979 1037 3057 perpetuo
1061 2973 1290 3058 possidendas3

155 3083 326 3149 retulisset
357 3083 458 3148 eciam
483 3081 569 3148 idem
584 3079 750 3161 Nicolaus,
777 3079 864 3164 quod
887 3081 956 3164 ipse
973 3081 1146 3148 Ladislaus
1162 3089 1240 3148 tuno
1255 3081 1295 3148 de

156 3212 242 3258 novo
258 3189 318 3257 sibi
330 3191 498 3274 sexaginta
513 3211 639 3256 marcas
649 3189 682 3254 in
693 3189 835 3273 quadam
851 3211 911 3255 sua
926 3191 1118 3256 necessitate
1134 3190 1297 3269 donasset,

155 3301 233 3366 ideo
249 3299 318 3384 ipse
342 3297 562 3366 vendicionem
587 3298 627 3363 de
652 3296 745 3364 dictis
772 3296 1030 3381 possessionibus
1056 3299 1118 3383 ipsi
1142 3299 1297 3366 Ladislao

156 3411 280 3476 factam
307 3407 411 3491 magis
436 3404 599 3472 ratificare
623 3407 733 3472 voleus
759 3403 973 3488 assumsisset,
1000 3405 1086 3490 quod
1110 3406 1222 3473 literas
1239 3427 1296 3473 seu

155 3522 378 3587 instrumenta
388 3516 537 3581 universa
548 3537 644 3600 super
653 3515 733 3600 ipsis
743 3513 998 3599 possessionibus
1014 3513 1167 3594 confecta,
1184 3536 1296 3600 quarn-

158 3629 305 3714 primum
321 3622 364 3690 ad
380 3645 472 3690 suam
487 3644 620 3689 manum
640 3621 798 3690 rehabere
822 3629 941 3707 posset,
965 3622 1007 3689 ad
1023 3645 1139 3690 manus
1155 3623 1299 3690 eiusdem

158 3734 312 3806 Ladislai
329 3732 527 3817 assignaret;
550 3733 668 3798 sivero
693 3731 819 3816 aliquas
844 3731 956 3798 literas
982 3731 1166 3818 specialiter
1191 3737 1298 3798 autem

159 3846 277 3911 literas
293 3841 429 3926 capituli
445 3823 578 3907 ecclesie
604 3840 845 3924 strigoniensis,
872 3862 1011 3925 quarum
1026 3841 1135 3924 vigore
1151 3839 1185 3904 in
1202 3839 1298 3906 dictis

159 3947 419 4038 possessionibus
435 3948 529 4014 modo
554 3949 711 4032 premisso
735 3948 872 4014 venditis
897 3949 947 4014 vel
971 3949 1004 4014 in
1030 3947 1103 4014 aliis
1128 3947 1300 4032 possessio

159 4061 259 4126 nibus
277 4060 421 4126 eiusdem
437 4059 585 4126 Ladislai
609 4060 659 4126 ius
675 4059 807 4144 aliquod
823 4082 857 4126 se
871 4061 993 4126 habere
1010 4061 1164 4139 crederet,
1189 4059 1298 4126 dolosa

161 4165 356 4252 reservaret,
373 4189 481 4236 cassas
499 4219 523 4234 ..
540 4169 726 4253 reliquisset
741 4191 779 4235 ao
795 4168 917 4234 viribus
934 4221 940 4234 .
959 4218 965 4232 .
982 4169 1160 4250 carituras3
1179 4189 1300 4235 assum·

161 4280 263 4346 sisset
277 4279 381 4344 eciam
396 4277 482 4343 idem
497 4276 654 4344 Nicolaus
679 4277 785 4362 ipsum
810 4276 1001 4342 Ladislaum
1017 4277 1058 4343 ab
1075 4277 1223 4343 omnibus
1239 4277 1297 4342 im·

160 4383 361 4472 petitoribus
378 4387 506 4452 racione
523 4385 683 4452 dictarum
709 4385 946 4470 possessionum
973 4405 1100 4469 semper
1124 4391 1157 4451 et
1181 4385 1301 4469 ubique
1344 4419 1346 4424 v

160 4545 195 4560 ..
222 4493 384 4580 expedire.
417 4491 565 4578 Quarum
595 4493 765 4561 literarum
796 4492 947 4578 perlectis
970 4494 1190 4574 continendis,
1223 4493 1301 4578 quia

161 4603 324 4670 Nicolaus
340 4602 426 4668 filius
442 4601 624 4668 Hermanni
641 4609 833 4686 procurator
850 4602 1079 4686 prememorati
1095 4600 1226 4668 Nicolai
1242 4601 1302 4666 filii

163 4711 333 4779 Dominioi
359 4710 579 4796 preexhibitas
604 4711 685 4780 duas
710 4712 821 4780 literas
838 4711 876 4778 de
893 4713 1038 4797 predicto
1063 4710 1204 4796 capitulo
1220 4710 1246 4775 J
1247 4731 1301 4777 au·
