3188 5470
574 459 668 521 1349.
686 477 756 519 666.
774 463 824 520 20.

662 751 734 810 189.

135 891 231 953 1349.
251 887 521 975 Gpulofebe‘rodr·,
541 891 663 953 66120.
690 886 717 952 I.
736 889 831 975 Lojoe
847 889 955 974 titul„
976 889 1128 976 Oroazfai
1156 892 1262 956 [616616

131 999 234 1084 selebi
244 1000 274 1061 e'c
284 1000 419 1082 meppesi
433 998 629 1084 olicpdunalc
646 998 844 1083 orepbcppjo,
855 999 934 1084 kopp
945 997 1150 1063 Almukorolci
1161 999 1265 1084 Geprrs

127 1105 203 1185 ‚ficit
226 1109 428 1190 1666666611
446 1105 601 1185 hiriokba,
620 1106 730 1191 melyet
746 1128 766 1168 a
783 1105 895 1190 lssoposi
919 1107 950 1168 ds
974 1105 1122 1193 balcbydi
1138 1108 1264 1192 6666116-

448 1213 545 1298 ue'pelc
562 1213 758 1300 olfhplnltnk,
774 1213 896 1278 ittonae
913 1213 955 1278 16.

241 1377 422 1442 Lodovicus
448 1427 479 1440 ..
505 1398 562 1442 rex
588 1426 619 1441 ..
645 1376 730 1442 fideli
758 1398 815 1442 suo
849 1378 1006 1460 magistro
1033 1377 1198 1460 Stephano
1224 1379 1263 1442 16

132 1485 289 1550 Wrusnfa
303 1485 483 1550 vicecomiti
508 1485 548 1549 16
565 1483 661 1550 866116
678 1485 765 1549 etde
782 1486 918 1570 Mygges
935 1534 941 1548 .
958 1535 964 1548 .
982 1485 1192 1570 conqueritur
1209 1507 1263 1550 no-

131 1593 180 1658 bis
196 1592 368 1656 «lohannes
384 1591 469 1657 filius
487 1589 598 1674 Gegus
623 1592 662 1656 dc
688 1589 897 1674 Almakerck,
923 1593 1009 1672 qnod
1033 1593 1145 1676 populi
1163 1599 1195 1657 61
1211 1594 1265 1656 hc-

132 1703 233 1782 spites
250 1701 352 1765 nostri
377 1700 416 1766 16
441 1701 560 1785 Kapus
585 1707 618 1765 61
645 1701 684 1765 16
709 1701 856 1784 Balchyd
881 1701 1044 1783 quandam
1070 1701 1263 1784 particulam

133 1817 220 1874 terre
238 1831 296 1874 666
312 1810 423 1892 Lupus
439 1814 558 1888 vocate,
584 1831 655 1872 cum
681 1808 828 1873 omnibus
856 1811 923 1874 suis
948 1808 1154 1886 utilitatibus,
1179 1805 1266 1873 intra

131 1923 236 1981 metes
253 1917 489 1998 posscssionum
515 1937 647 1980 suarum
663 1915 797 2000 Wysalu
814 1922 846 1980 61
862 1916 973 1982 Rudal
998 1923 1185 1981 vocatarum
1202 1917 1266 1980 cxi-

132 2032 271 2089 stentem
289 2031 321 2089 61
337 2025 379 2089 61
395 2025 483 2107 ipsas
500 2025 719 2107 pertinentem
745 2031 962 2106 occupassent,
987 2027 1060 2089 usui
1085 2045 1195 2089 corum
1211 2045 1266 2106 ap-

130 2132 291 2214 plicantes
307 2133 413 2196 minus
430 2133 522 2214 iuste,
540 2153 636 2214 super
653 2132 744 2196 cuius
754 2132 941 2204 remissione
951 2133 1046 2196 dictis
1062 2133 1191 2216 populis
1208 2153 1265 2213 pro

131 2240 243 2304 eodem
260 2240 414 2306 Johanne
430 2237 497 2302 11116
513 2236 625 2321 Gegus
642 2239 743 2303 eciam
759 2241 851 2320 prius
875 2239 1046 2304 nunciasse
1062 2241 1266 2304 meminimus

130 2348 236 2412 literis
253 2347 374 2412 nostris
398 2345 615 2410 mediantibus
641 2347 757 2410 666166
783 2346 890 2428 sigillo
915 2353 1025 2411 nostro
1051 2347 1266 2428 consignatis,

131 2457 215 2520 unde
233 2477 308 2521 cum
323 2479 382 2522 nos
398 2457 578 2541 predictum
594 2458 615 2521 ,J
621 2458 781 2523 ohannem
797 2459 898 2523 filium
916 2458 1027 2541 Gegus
1043 2481 1101 2542 pro
1118 2461 1184 2524 6616
1201 2479 1264 2522 ser-

129 2564 220 2628 viciis
237 2569 272 2628 et
286 2563 499 2630 fidelitatibus
524 2564 616 2629 nobis
642 2565 801 2648 exhibitis,
827 2567 893 2631 suis
918 2567 1044 2632 iuribus
1065 2568 1185 2650 privari
1203 2589 1266 2630 non

129 2671 276 2750 colimne,
292 2671 443 2738 fidelitati
460 2679 513 2737 tue
529 2673 666 2738 firmiter
690 2674 896 2755 precipiendo
916 2675 1029 2740 damus
1046 2676 1079 2738 in
1093 2674 1264 2751 mandatis

130 2787 292 2862 66616666
309 2803 381 2846 cum
396 2782 525 2847 bomine
541 2780 675 2864 capituli
692 2781 825 2847 ecclesie
842 2781 1079 2860 Transsilvaue,
1097 2799 1191 2866 quem
1208 2803 1266 2865 per

130 2889 236 2970 ipsum
264 2890 465 2970 presencium
491 2889 573 2954 serie
598 2896 771 2953 unatecum
796 2890 838 2954 61
863 2891 897 2954 11
916 2891 1093 2955 transmitti
1110 2890 1265 2960 iubemus,

129 2995 306 3060 adfaciem
322 2997 422 3078 ipsius
438 3003 524 3062 terre
540 2997 652 3080 Lepus
668 3002 787 3074 vocate,
803 2998 890 3062 intre
906 3004 1008 3062 metas
1033 2999 1177 3080 ipsarum
1193 3019 1264 3080 pos-

130 3103 312 3168 sessionum
340 3103 418 3168 dicti
444 3103 606 3168 Johannis
632 3103 689 3168 filii
725 3101 836 3187 Gegus
862 3106 1052 3171 existentem
1078 3105 1266 3183 accedendo,

131 3213 315 3276 convocatis
331 3211 459 3295 populis
475 3212 634 3278 dictarum
653 3212 803 3276 villarum
820 3213 858 3276 de
875 3212 992 3296 Kopus
1009 3220 1041 3277 et
1058 3213 1097 3277 de
1113 3213 1260 3296 Balcbyd

130 3323 254 3386 6161116
272 3323 384 3386 6161616
401 3323 586 3387 earumdem
603 3328 636 3386 et
652 3323 730 3405 ipsis
746 3323 957 3406 presentibus,
972 3325 999 3388 si
1009 3325 1128 3388 dictam
1145 3331 1266 3388 terram

131 3432 245 3514 Iiapus
263 3435 409 3494 vocatam
429 3430 471 3494 ad
496 3431 712 3512 possessiones
738 3431 884 3497 iamdicti
909 3432 1085 3510 «lobannis,
1105 3431 1266 3513 pertinere

130 3545 164 3601 et
179 3539 270 3602 intra
295 3545 398 3603 metas
424 3537 609 3602 earumdem
626 3559 703 3617 esse,
728 3559 787 3620 per
812 3539 1011 3623 populosque
1036 3539 1075 3603 16
1101 3539 1218 3622 Kapus
1236 3545 1268 3602 ct

133 3646 173 3710 16
189 3645 339 3728 Balohyd
360 3648 465 3711 miuus
483 3647 567 3712 iuste
583 3653 755 3729 occupatas
771 3649 839 3712 fore
855 3648 1003 3730 diligenti
1019 3649 1268 3731 investigacionc

130 3754 301 3831 inveneris,
318 3760 397 3818 tunc
413 3753 548 3818 eandem
565 3775 638 3819 cum
655 3755 803 3819 omnibus
819 3757 885 3820 6616
905 3755 1103 3846 utilitatibus
1119 3756 1266 3838 recapias

130 3862 261 3926 nomine
278 3862 358 3927 16616
373 3861 537 3926 iohannis
547 3862 718 3944 prenotati,
728 3861 879 3943 iactaque
895 3863 1151 3948 recaptivacicne
1165 3863 1267 3927 eidem

129 3970 280 4040 Johanni
291 3976 415 4035 6161666
432 3976 542 4036 666166
556 3971 758 4050 66616611616,
770 3992 807 4034 eo
818 3970 887 4034 iure
904 3971 1021 4054 quoad
1034 3972 1139 4054 ipsum
1155 3970 1266 4054 digno-

132 4081 237 4144 scitur
258 4078 422 4162 pertinere
447 4085 603 4160 perpetuo
628 4079 862 4161 possidendam,
887 4081 994 4143 sinon
1019 4079 1117 4144 fucrit
1142 4085 1267 4143 contra-

130 4188 264 4262 dictum,
295 4185 547 4251 contradictores
573 4191 681 4250 autem
706 4187 731 4250 si
760 4188 815 4268 qui
840 4187 968 4264 fuerint,
994 4192 1106 4250 666166
1131 4187 1268 4250 eundem

130 4297 174 4360 61
192 4301 342 4360 octavum
360 4293 445 4358 diem
462 4317 482 4359 6
498 4293 755 4360 66616611661666
773 4297 916 4377 ipsorum
939 4317 1048 4360 666666
1074 4295 1115 4358 61
1139 4315 1268 4378 presen-

129 4405 215 4468 ciam
233 4411 342 4468 ucstre
358 4404 547 4485 maiestatis,
565 4403 727 4467 racionem
753 4402 1020 4467 contradiccicnis
1037 4403 1180 4486 ipsorum
1197 4403 1267 4467 red-

130 4512 267 4576 dituros.
292 4511 337 4574 Et
367 4517 441 4592 post
471 4511 530 4575 hec
562 4511 676 4575 seriem
708 4511 809 4592 ipsius
835 4511 1033 4589 statucionis,
1063 4511 1113 4574 vel
1138 4512 1268 4575 nomina

129 4617 407 4684 contradictorum
418 4626 451 4685 61
459 4620 632 4685 terminum
644 4619 843 4703 assignatum
854 4619 938 4684 idem
948 4619 1126 4704 capitulum
1137 4619 1267 4687 ecclesie
