3180 5470
559 517 653 578 1350.
670 533 736 577 aur„
754 517 805 577 26.
1179 518 1243 578 395

107 717 177 760 rum
213 698 411 780 porcionum,
447 715 585 778 quarum
616 699 768 779 pretextu
793 695 826 759 in
858 694 1038 780 predictum
1070 715 1243 779 gravamen

108 805 360 870 dinoscebantm·
375 803 534 882 incidisse,
549 824 716 888 uunquam
731 802 798 869 litis
824 804 1027 888 quescionem
1047 824 1173 870 movere
1188 825 1241 868 va·

108 913 197 978 leant
213 913 326 996 quavis
343 911 470 978 racione
486 910 670 994 aliqualem,
687 931 745 976 nec
761 909 887 978 fructus
898 918 931 976 et
947 911 1106 978 utilitates
1117 933 1242 978 earum·

109 1021 179 1084 dem
197 1020 521 1104 possessionariarum
547 1020 735 1103 pensionum
752 1019 901 1106 deinceps
917 1021 1096 1105 percipient
1115 1021 1240 1104 aliqua·

109 1129 170 1210 les;
198 1131 225 1195 si
251 1130 374 1195 veroin
391 1129 475 1196 lacto
492 1129 677 1196 earumdem
703 1131 1029 1214 possessionariarum
1049 1133 1237 1215 pernionum

112 1261 191 1305 ausu
202 1239 374 1304 temerario
391 1239 599 1322 inposterum
610 1239 752 1324 aliquam
769 1237 835 1304 litis
851 1239 1010 1304 moverint
1026 1239 1240 1322 quescionem,

112 1347 158 1411 vel
175 1347 216 1412 de
232 1349 441 1432 percepcione
458 1347 620 1414 fructuum
638 1354 670 1414 et
686 1347 867 1416 utilitatum
887 1348 1073 1414 earumdem
1090 1369 1123 1414 se
1141 1349 1240 1413 intro-

109 1457 277 1520 mitterent
293 1455 524 1540 quoquomodo,
549 1457 583 1520 in
608 1457 698 1540 prius
724 1477 896 1540 gravamen
915 1456 993 1522 lacti
1010 1455 1169 1522 calumnie
1193 1456 1239 1520 in-

108 1563 250 1628 ciderent
275 1584 311 1628 eo
327 1563 413 1629 lacto
427 1587 434 1644 3
450 1564 490 1629 ad
508 1564 593 1645 quod
610 1585 644 1628 se
659 1565 744 1629 idem
764 1564 789 1630 J
790 1565 932 1630 ohannes
958 1563 1042 1629 filins
1062 1565 1153 1630 Petri
1169 1585 1240 1648 per-

109 1672 270 1750 sonaliter,
287 1672 448 1754 predictos
465 1677 573 1737 autem
590 1673 724 1738 Petrum
751 1680 877 1756 patrem
894 1678 926 1738 et
941 1673 1089 1738 Blasium
1106 1671 1240 1737 fratrem

108 1801 189 1856 succ,
205 1780 284 1844 item
299 1779 491 1846 Ladislaum
507 1779 608 1846 filiurn
619 1781 709 1864 Wgh
719 1781 877 1864 premissa
892 1780 1116 1866 procuratoria
1133 1785 1240 1845 aucto·

108 1889 213 1964 ritate,
243 1909 324 1952 onus
351 1885 478 1954 Nicolai
503 1887 562 1954 filii
588 1887 769 1955 Alexandri
796 1896 827 1955 et
852 1889 998 1956 Ladislai
1027 1887 1085 1954 filii
1110 1887 1240 1954 Nicolai

107 1995 215 2079 magni
232 1996 259 2060 si
276 1995 352 2061 huic
368 1997 593 2080 composicioni
617 1999 778 2062 contraire
803 1999 983 2065 niterentur
1001 2017 1097 2080 super
1113 2017 1146 2060 sc
1162 1995 1239 2060 reci·

107 2103 230 2186 piendc,
248 2109 285 2168 ut
302 2109 350 2168 est
366 2101 495 2180 dictum,
506 2103 627 2168 Paulus
639 2111 748 2169 autem
758 2104 1083 2187 deBaturprefatum
1099 2102 1239 2168 Paulum

107 2211 208 2276 lilium
243 2211 407 2277 dohannis
433 2212 580 2284 similiter
608 2215 833 2297 procuratorio
857 2213 1050 2280 auctoritate
1071 2213 1237 2295 premissa,

107 2342 183 2385 onus
209 2319 428 2404 predictorum
456 2318 589 2386 Andree
617 2321 708 2386 Petri
734 2328 767 2386 et
792 2321 817 2386 J
819 2319 914 2386 akobi
938 2321 1079 2386 filiorum
1104 2319 1239 2402 Georgii

107 2427 162 2493 lilii
186 2426 322 2494 Andree
347 2449 445 2513 super
478 2429 615 2494 eundem
640 2427 780 2496 Paulum
810 2427 913 2495 filium
937 2428 1100 2494 dohannis
1131 2427 1240 2512 vigore

106 2538 250 2620 ipsarum
267 2536 436 2603 literarum
452 2539 749 2620 procuratoriarum
766 2543 983 2604 assummente
1003 2537 1029 2602 si
1046 2539 1080 2602 in
1096 2537 1238 2621 presenti

108 2645 341 2729 composicione
358 2645 530 2728 persistere
554 2652 750 2723 recusarent,
774 2645 943 2712 lohannes
963 2665 1037 2710 vero
1061 2644 1147 2710 filius
1173 2644 1239 2710 Ra-

64 2833 69 2841 ·
107 2753 184 2816 toldi
201 2775 236 2817 se
253 2752 475 2836 personaliter,
491 2753 653 2836 prelatum
670 2761 778 2820 autem
803 2753 828 2818 J
829 2755 989 2820 ohannem
1005 2753 1108 2818 filium
1123 2752 1237 2818 Bulren

107 2859 262 2943 magister
288 2859 430 2925 Thomas
454 2859 556 2925 lrater
581 2861 724 2926 eiusdem
748 2861 857 2944 vigore
886 2861 1045 2926 dictarum
1069 2861 1238 2926 literarum

106 2968 402 3051 procuratoriarum
427 2975 604 3052 spontanea
624 2969 810 3053 obligarunt
831 2969 997 3034 voluntate
1014 2990 1122 3034 coram
1139 2967 1239 3034 nobis.

107 3075 229 3140 Datum
242 3075 346 3156 Bude,
363 3075 520 3141 sedecimo
537 3075 589 3140 die
606 3077 839 3160 quindenarum
856 3075 930 3141 festi
956 3076 1136 3141 rrativitatis
1151 3075 1239 3141 beati

107 3181 271 3248 Johannis
287 3183 446 3266 Baptiste,
462 3204 546 3248 anno
563 3185 685 3250 domini
701 3185 752 3252 Μ0
782 3183 902 3252 CCO¹¹¹⁰
918 3184 1193 3267 quinquagesimo.

214 3363 368 3426 Hatlupjdn
390 3363 482 3426 penset
504 3363 679 3427 nyomaival;
700 3364 830 3428 eredetije
855 3380 887 3414 az
910 3379 978 3414 orsz.
1001 3365 1033 3414 lt.
1056 3363 1155 3414 kincst.
1170 3370 1238 3416 oszt.

107 3452 139 3501 N.
153 3453 188 3502 R.
201 3453 235 3503 A.
250 3458 292 3504 54.
308 3457 349 3504 29.
363 3453 430 3517 dipl.
444 3459 512 3503 oszt.
526 3459 604 3504 4136.
624 3453 719 3504 Kozli:
743 3455 851 3506 Koraos
863 3457 897 3505 N.

594 3651 752 3658 ..η-ῃ-..-

109 3975 206 4038 1350.
225 3975 367 4060 Eperjes,
376 3975 441 4060 jul.
458 3977 509 4040 26.
531 3972 560 4039 A
577 3977 760 4061 arerrtpe'terr'
782 3979 814 4040 e‘s
829 3977 943 4040 somosi
965 3975 1111 4040 lellcdszolc
1138 3975 1241 4040 anos

107 4083 323 4168 sdesperesaelc
348 4085 478 4168 azngri
498 4083 620 4170 piapdlc
646 4083 873 4148 cicoriasdaulc
889 4083 1033 4168 jeteatilc,
1058 4087 1137 4171 kopp
1163 4083 1242 4147 Idci

106 4190 321 4272 ⁴llarlrardfla
332 4189 594 4272 PrilfidtJoiaost
605 4192 734 4278 cpyddzi
744 4191 866 4255 titolata
880 4192 936 4256 olai
952 4192 1107 4278 detyeztclc
1123 4194 1152 4255 es
1169 4199 1239 4254 eset·

286 4297 364 4383 leges
389 4299 754 4363 accommonicotrarseut
769 4301 796 4362 is
811 4299 941 4363 auctora
964 4299 1072 4363 adrat.

216 4475 377 4562 Magistro
386 4475 412 4542 J
413 4477 532 4543 ohanni
549 4477 775 4544 archidiacono
785 4479 992 4545 Borsodiensi
1009 4480 1193 4564 vicarioque
1210 4532 1217 4546 .
1234 4530 1241 4546 .

107 4585 239 4654 Nicolai
271 4586 467 4671 ..episcopi
505 4583 677 4670 Agriensis
712 4587 745 4651 in
779 4587 1002 4670 spiritualibus
1035 4588 1179 4671 generali
1211 4639 1241 4654 ..

105 4695 273 4761 Martinus
290 4695 330 4760 de
346 4695 572 4780 Zenthpethur
588 4700 620 4761 et
636 4695 662 4760 J
663 4695 806 4764 ohannes
832 4694 871 4762 de
889 4694 1006 4762 Sumus
1033 4697 1240 4765 ecclesiarum
