3226 5462
532 475 628 536 1347.
645 478 716 536 uls.
735 479 786 540 20.
1185 482 1226 541 69

87 651 365 734 considerassent,
389 653 596 738 ipsarumque
615 651 785 719 literarum
811 655 888 721 dicti
915 663 1088 722 conventus
1107 655 1225 722 Saxas·-

86 760 210 826 diensis
226 761 392 826 tenoribus
409 761 557 846 partibus
573 762 732 846 perlectis,
751 764 915 846 predictus
932 765 1033 831 frater
1048 766 1223 833 Ladislans

88 869 313 952 predictarum
329 871 532 934 dominarum
556 877 748 955 procurator
773 873 952 944 abeodem
978 875 1078 940 Petro
1103 875 1224 942 decano

87 985 300 1062 procuratore
316 977 451 1062 capituli
476 979 622 1062 predicti,
646 979 758 1046 literas
775 1002 831 1046 sen
846 982 1062 1048 instrumenta
1087 1004 1224 1067 quorum

88 1089 200 1170 vigore
216 1087 300 1152 dicte
317 1087 532 1170 possessiones
548 1087 591 1152 ad
607 1087 692 1152 idem
708 1087 886 1172 capitulum
901 1091 1063 1174 pertinere
1080 1091 1223 1157 dinosce-

87 1203 211 1274 rentur,
227 1196 411 1280 postularat
426 1196 589 1260 instanter
605 1196 758 1274 exhiberi,
783 1195 885 1280 ec'que
901 1197 986 1264 dicto
1003 1199 1087 1264 idem
1104 1200 1223 1265 Petrus

87 1305 231 1370 decanus
256 1302 415 1388 allegaret
439 1305 502 1370 istc
526 1303 630 1381 modo,
665 1306 750 1388 qnod
777 1327 813 1371 eo
839 1313 984 1390 tempore
1010 1328 1073 1390 quo
1098 1357 1128 1373 ..
1155 1308 1222 1374 Job

86 1413 223 1478 condam
238 1411 407 1496 episcopus
423 1409 773 1497 Quinqneecclesiensis
790 1414 829 1478 de
842 1415 987 1498 predicto
1003 1421 1111 1481 castro
1122 1414 1224 1500 Quin·

87 1521 334 1604 queccclesiensi
360 1520 553 1604 captivando
578 1527 731 1606 exceptus
756 1523 879 1600 fuisset,
906 1545 1067 1589 cameram
1092 1545 1148 1589 sen
1175 1548 1224 1592 sa·

88 1631 233 1694 cristiam
249 1630 394 1714 predicte
410 1630 542 1696 ecclesie
558 1627 910 1714 Quinqueecclesiensis
927 1631 1168 1716 confregissent,
1183 1635 1223 1700 de

90 1742 267 1825 eademque
284 1741 426 1825 plurima
442 1742 526 1808 hona
536 1741 638 1825 ipsius
654 1741 786 1807 ecclesie
803 1748 835 1806 et
850 1721 1066 1808 instmmenta
1081 1743 1223 1808 literalis

89 1850 297 1934 excepissent,
314 1855 347 1913 et
363 1849 390 1914 ei
406 1849 516 1932 aliqua
526 1849 592 1914 alia
607 1850 824 1915 instrumenta
840 1855 948 1934 preter
964 1850 1111 1934 predicta
1127 1871 1224 1934 super

87 1957 242 2040 predictis
258 1957 515 2041 possessionibus
532 1957 677 2024 confecta
687 1958 867 2042 predictum
883 1958 1061 2042 capitulum
1077 1959 1221 2040 reperire

90 2073 207 2150 posset,
231 2071 350 2132 extunc
365 2066 399 2130 in
415 2066 554 2130 termino
578 2087 636 2148 per
660 2087 718 2130 nos
744 2066 851 2131 dando
876 2065 1051 2148 exhiberet,
1075 2065 1220 2150 alioquin

88 2175 180 2238 iuxta
190 2173 411 2257 predictarum
419 2174 591 2239 literarum
602 2195 734 2240 suarum
744 2174 960 2240 continencias
971 2173 1089 2239 iudicio
1099 2179 1225 2240 astaret

89 2282 227 2347 termino
246 2287 438 2366 prenotato,
462 2303 519 2346 nos
546 2303 619 2346 vero
645 2282 749 2364 ipsam
775 2303 905 2348 causam
931 2283 973 2346 ad
997 2289 1126 2348 octavas
1151 2282 1224 2348 lesti

92 2393 289 2457 Pentecostis
315 2377 342 2456 a¹
355 2397 432 2456 tnnc
457 2397 607 2457 venturas
642 2391 872 2458 distuleramus
898 2413 935 2456 ec
959 2391 1062 2469 mode,
1088 2375 1223 2476 quodsi

88 2499 173 2564 idem
188 2500 367 2582 capitulum
383 2521 484 2582 usque
500 2500 587 2583 ipsas
603 2506 733 2566 octavas
752 2500 863 2583 aliqua
887 2501 1105 2564 instrumenta
1121 2521 1218 2584 super

90 2609 172 2674 lacto
200 2608 362 2673 dictarum
393 2608 628 2690 possessionum
662 2608 807 2674 confecta
838 2609 1016 2673 reinvenire
1038 2613 1155 2690 posset,
1182 2609 1216 2672 in

89 2717 207 2782 eisdem
222 2717 344 2781 octaris
355 2716 505 2781 exhihere
522 2723 685 2781 teneretur
695 2737 804 2782 coram
814 2717 924 2798 nobis;
941 2715 1086 2799 aquibus
1096 2717 1218 2782 octavis

90 2829 230 2910 ipsorum
262 2827 549 2891 instrumentorum
581 2825 739 2891 exhibicio
764 2849 803 2892 ac
829 2828 931 2892 tocius
961 2826 1110 2910 premissi
1142 2825 1217 2890 iact'

90 2935 261 3016 discussio,
293 2935 428 3002 diversis
459 2935 654 3001 dilacionum
685 2937 819 3002 cautelis
850 2931 1146 3015 intervenientibus,
1176 2935 1218 3000 ad

91 3044 267 3126 quindenas
280 3042 351 3108 festi
362 3043 449 3108 beati
459 3043 629 3110 Michaelis
646 3044 833 3128 archangeli
863 3043 1032 3109 exstiterat
1046 3048 1223 3128 prorogata

90 3153 220 3218 tandem
229 3155 308 3237 ipsis
319 3153 489 3236 quindenis
505 3153 755 3232 occurrentibus,
773 3154 850 3236 quin
867 3154 1022 3236 magister
1035 3152 1222 3217 Demetrius

90 3259 226 3326 decanus
242 3261 327 3326 dicte
343 3262 474 3330 ecclesie
491 3259 843 3345 Quinqueecclesiensis
853 3281 912 3344 pro
922 3260 1065 3344 capitulo
1081 3260 1223 3326 eiusdem

92 3369 244 3434 ecclesie.
262 3416 268 3429 .
287 3369 510 3450 comparendo,
527 3370 632 3452 ipsum
648 3367 827 3450 capitulum
837 3368 870 3432 in
886 3367 971 3434 facto
988 3369 1224 3452 possessionum

91 3478 309 3562 predictarum
326 3483 359 3542 et
374 3483 534 3544 metarum
551 3477 736 3542 earumdem
747 3477 893 3542 cursibus
904 3476 999 3560 plura
1009 3476 1225 3541 instrumenta

94 3587 234 3651 invenire
250 3608 314 3651 non
330 3585 474 3669 potuisse
493 3585 662 3664 indicarat,
678 3585 712 3650 in
729 3583 895 3650 tenoribus
920 3591 1030 3650 autem
1054 3584 1223 3649 literarum

92 3694 169 3759 dicti
194 3699 366 3759 conventus
393 3691 617 3760 Saxardiensis
643 3694 786 3776 predicte
810 3693 949 3777 litigiose
974 3692 1224 3776 possessionarie

92 3805 256 3886 porciones
272 3802 421 3886 parcium
436 3809 648 3885 utrarumque
664 3822 722 3884 per
731 3801 888 3884 plurimas
904 3806 1007 3866 metas
1023 3799 1224 3865 reambulate

93 3913 253 3977 exstitisse
278 3919 311 3976 et
335 3910 444 3976 ecdem
469 3911 610 3993 litigiose
634 3910 885 3994 possessionarie
910 3910 1076 3993 porciones
1102 3907 1224 3991 absque
1305 3993 1309 4001 Ι

94 4023 334 4086 mensuracione
348 4022 419 4085 risu
444 4019 608 4084 oculorum
626 4019 667 4084 ad
683 4024 754 4084 octo
770 4024 882 4084 aratra
908 4016 1056 4083 sufficere
1082 4014 1224 4082 conside-

95 4129 196 4192 rative
212 4133 340 4212 reperte
355 4129 540 4206 extiterant,
556 4131 810 4210 prememoratus
820 4125 1040 4192 autemfrater
1050 4123 1223 4189 Ladislans

93 4255 156 4318 pro
177 4235 365 4302 dominabus
381 4235 552 4300 antedictis
579 4283 585 4298 .
603 4283 609 4298 .
635 4232 857 4316 comparendo,
873 4233 1037 4316 predictas
1062 4231 1175 4296 literas
1191 4278 1198 4294 .
1216 4281 1222 4294 .

95 4344 176 4408 Bele
191 4345 274 4428 regis
291 4366 403 4409 cursus
420 4343 632 4428 plurimarum
648 4347 806 4408 metarum
826 4343 859 4406 in
889 4363 922 4406 se
947 4340 1146 4406 continentes
1172 4338 1224 4402 de·

95 4458 299 4534 monstrarat,
315 4453 349 4516 in
366 4473 502 4534 quarum
529 4449 693 4516 tenoribus
718 4450 821 4516 dictas
836 4449 993 4532 litigiosas
1009 4447 1224 4532 possessione-

97 4562 166 4626 rias
188 4563 351 4645 porciones
376 4561 595 4644 predictarum
621 4559 766 4642 parcium
790 4579 854 4622 non
879 4563 971 4623 tante
996 4562 1079 4621 mete
1104 4560 1223 4638 quante

97 4671 136 4733 in
161 4671 247 4737 dictis
276 4671 383 4736 literis
408 4674 580 4736 conventus
607 4667 832 4735 Saxardiensis
858 4664 1131 4748 exprimebantur,
1168 4662 1223 4728 sed
