3180 5466
552 535 644 594 1351.
661 537 732 595 uli.
755 535 802 595 19.
1182 534 1245 594 475

111 713 250 793 litigiose
266 711 433 793 sexaginta
459 713 614 794 iugerum,
640 721 676 776 ut
692 712 814 778 dictum
842 713 1031 792 exstitisset,
1048 735 1086 777 ac
1101 711 1143 776 ab
1160 735 1253 776 occu-

112 821 247 903 pacione
263 825 295 883 et
311 819 423 902 quavis
440 841 472 884 se
491 820 524 883 in
542 819 675 885 eandem
700 821 945 898 intromissione,
971 819 1152 904 predictum
1170 842 1244 885 vero

114 927 309 1012 Gregorium
326 927 434 992 Zekul
450 927 579 1008 dictum,
607 949 627 992 a
652 929 833 1012 perdicione
850 934 883 993 et
899 929 1115 1012 qualicunque
1131 930 1250 996 aliena·

114 1039 203 1102 cione
229 1036 434 1120 quibuspiam
464 1037 549 1102 facta
575 1037 624 1100 vel
651 1037 808 1118 facienda,
833 1058 979 1102 asserens
1005 1038 1138 1103 eandem
1167 1044 1253 1104 terre

113 1145 310 1227 particulam
330 1145 500 1226 sexaginta
516 1145 672 1226 iugerum,
690 1150 727 1208 ut
743 1151 941 1209 assereretur
952 1145 993 1209 ad
1010 1146 1170 1230 predictas
1181 1167 1252 1230 pos-

115 1253 272 1318 sessiones
288 1252 499 1337 Mykouchan
526 1259 558 1316 et
583 1251 704 1318 Nostre
730 1254 921 1332 nominatae,
938 1254 1042 1336 ipsum
1060 1261 1092 1320 et
1117 1253 1253 1319 eundem

115 1361 310 1444 Gregorium
340 1361 473 1428 fratrem
506 1385 600 1428 suum
637 1362 733 1428 titulo
765 1363 1003 1428 instrumentali
1035 1365 1252 1428 communiter

115 1471 314 1554 contingenti
330 1473 415 1536 omni
434 1473 505 1536 iure
522 1473 686 1554 pertinere
701 1493 827 1554 semper
843 1479 876 1536 et
891 1473 1094 1555 pertinuisse,
1111 1495 1168 1556 per
1184 1493 1248 1538 mo-

116 1580 192 1643 dum
209 1581 456 1662 protestacionis
472 1579 658 1644 inhibuerat
689 1581 945 1661 contradicendo,
972 1603 1080 1647 coram
1106 1581 1251 1663 sepefato

116 1687 231 1752 comite
248 1687 353 1752 Paulo
370 1695 403 1752 εὴ
419 1687 604 1770 prelatis'ac
613 1688 787 1754 baronibus
799 1692 889 1771 regni
900 1692 1088 1773 prenotatis.
1107 1689 1252 1754 Tandem

115 1818 187 1862 cum
205 1796 292 1860 idem
308 1817 413 1860 comes
430 1795 552 1860 Paulus
569 1797 704 1861 eundem
731 1797 923 1864 Michaelem
949 1797 1082 1864 fratrem
1099 1797 1251 1878 Gregorii

116 1904 191 1968 dicti
219 1903 324 1968 Zekul
355 1924 495 1969 unacum
527 1906 714 1988 prescriptis
731 1906 867 1988 prelatis
893 1912 925 1970 et
948 1905 1133 1984 baronibus,
1150 1907 1189 1970 de
1206 1927 1251 1984 eo,

116 2019 225 2078 utrum
242 2012 310 2094 ipse
327 2013 489 2095 predictas
506 2015 719 2096 possessiones
745 2014 929 2098 Myliochan
946 2021 978 2080 et
993 2013 1114 2080 Nostre
1131 2016 1251 2080 vocita-

115 2129 175 2198 tas,
191 2121 454 2204 particulamque
472 2127 557 2185 terre
583 2122 758 2200 litigiosam
784 2127 989 2204 prenotatam
1016 2123 1057 2188 ad
1083 2123 1252 2209 sexaginta

116 2230 230 2311 iugera
246 2235 407 2293 terrarum
425 2249 458 2292 se
485 2235 520 2292 ut
544 2230 785 2310 premitteretur
820 2229 1052 2306 extendentem,
1078 2229 1188 2294 eodem
1205 2233 1252 2296 iu-

117 2337 325 2402 strumentali
342 2337 448 2420 vigore
474 2357 537 2419 quo
554 2337 698 2420 predicto
716 2335 875 2421 Gregorio
891 2339 985 2402 fratri
1002 2359 1059 2402 suo
1075 2341 1253 2422 pertineret

117 2446 166 2510 vel
183 2445 248 2510 alio
266 2445 470 2528 aliquomodo
496 2446 556 2510 sibi
583 2446 753 2529 pertinere,
780 2447 977 2528 eandemque
1004 2451 1088 2511 terre
1113 2449 1252 2530 particu-

117 2555 181 2619 lam
199 2555 376 2636 litigiosam
393 2555 558 2634 requirere
575 2577 608 2618 se
624 2556 705 2619 velle
721 2555 827 2620 dicere
850 2557 1042 2636 requisitum
1059 2556 1179 2638 pluries
1196 2557 1252 2620 ha-

119 2663 251 2744 buisset,
276 2663 413 2745 ipsaque
437 2664 651 2727 instrumenta
676 2663 793 2744 quibus
816 2663 1031 2729 mediantibus
1048 2663 1106 2728 sibi
1126 2664 1253 2729 easdem

119 2772 283 2854 pertinere
300 2775 494 2853 proponeret
511 2792 569 2834 suo
594 2777 626 2835 et
650 2772 809 2836 dictorum
829 2773 1026 2854 prelatorum
1043 2792 1081 2837 ac
1096 2771 1252 2836 baronum

119 2901 193 2942 cum
210 2878 320 2943 eodem
337 2878 484 2943 videlicet
500 2881 616 2944 comite
641 2880 745 2944 Paulo
770 2881 985 2945 iudicancium
1003 2880 1187 2963 conspectui
1211 2879 1253 2944 ad

121 2987 250 3051 finalem
268 2987 410 3051 eiusdem
427 3007 522 3052 cause
538 2989 656 3053 iustam
673 2989 979 3054 determinationem
1004 2990 1184 3071 presentari
1200 3011 1252 3072 pe·

118 3097 252 3173 tirisset,
269 3095 354 3160 idem
370 3095 512 3161 Michael
539 3096 640 3160 frater
665 3095 817 3179 Gregorii
843 3096 921 3161 dicti
948 3097 1053 3162 Zelrul
1079 3099 1165 3180 ipsas
1182 3119 1253 3179 pos-

119 3205 278 3269 sessiones
304 3204 487 3287 Mykochan
514 3212 546 3269 et.
570 3204 691 3269 Noztre
722 3213 859 3287 vocatas,
885 3207 1142 3289 particulamque
1168 3212 1255 3270 terre

120 3312 295 3395 litigiosam
313 3313 480 3395 sexaginta
496 3314 642 3395 iugerum
669 3319 882 3396 prenotatam,
899 3313 939 3377 ad
959 3313 1086 3378 easdem
1103 3315 1253 3396 posscssi-

119 3443 198 3487 ones
214 3420 399 3505 Mykochan
417 3425 449 3483 et
464 3417 595 3496 Noztre,
612 3426 647 3484 ut
673 3440 730 3502 per
756 3419 890 3484 eundem
912 3419 1105 3484 Michaelem
1132 3421 1253 3485 (lictum

120 3532 236 3596 fuisset
261 3530 486 3611 pertinentem,
504 3550 566 3593 non
583 3529 647 3593 alio
664 3528 773 3611 aliquo
790 3536 998 3612 preterquam
1014 3528 1254 3592 instrumentali

120 3641 229 3722 vigore
246 3645 279 3702 et
294 3639 373 3714 iure,
400 3659 463 3720 quo
489 3639 550 3719 ipsi
576 3635 736 3718 Gregorio
761 3637 856 3700 fratri
883 3659 940 3700 suo
967 3638 1174 3720 pertinerent,
1194 3635 1254 3700 sibi

120 3749 293 3830 pertinere,
308 3747 380 3828 ipsa
396 3753 503 3809 autem
521 3745 738 3810 instrumenta
755 3768 790 3809 eo
817 3745 902 3826 quod
919 3745 953 3808 in
970 3744 1117 3826 partibus
1135 3743 1254 3808 Trans-

120 3855 254 3919 silvanis
281 3860 314 3918 et
339 3875 402 3918 non
427 3875 524 3936 penes
550 3875 583 3918 se
608 3853 814 3930 haberentur,
842 3852 991 3916 exhibere
1007 3873 1065 3932 pro
1091 3859 1168 3916 tnnc
1192 3872 1255 3915 non

122 3983 215 4046 posse
232 3961 398 4026 retulisset
414 3961 533 4044 pluries
550 3961 753 4042 replicando,
779 3959 862 4023 unde
886 3962 963 4042 quia
988 3959 1083 4023 iidem
1108 3959 1254 4042 magistri

121 4071 293 4136 Johannes
310 4075 342 4132 et
357 4069 504 4134 lacobus
520 4067 578 4133 filii
595 4067 776 4133 Alexandri
793 4069 825 4131 in
843 4068 1020 4132 dominium
1038 4067 1255 4150 predictarum

121 4179 360 4263 possessionum
388 4175 549 4242 Sumkuth
574 4183 606 4241 et
638 4177 785 4241 Rososna
816 4181 1001 4242 vocatarum
1034 4197 1071 4240 ac
1096 4175 1255 4258 particule

121 4297 209 4352 terre
226 4285 368 4366 litigiose
385 4285 553 4366 sexaginte
569 4285 714 4364 iugerum
735 4285 776 4347 ad
788 4285 916 4347 easdem
933 4285 1145 4365 possessiones
1163 4282 1254 4348 Sum·

122 4395 205 4460 lruth
223 4399 256 4458 et
273 4393 421 4457 Rososna
447 4399 483 4456 ut
498 4393 595 4456 iidem
621 4413 685 4472 quo
711 4413 809 4475 supra
833 4393 939 4475 sepius
956 4393 1169 4474 propalarunt
1186 4411 1254 4473 per-

122 4503 266 4580 tinentis,
283 4501 373 4566 iuxta
398 4501 477 4564 iuris
503 4502 699 4582 exigenciam
725 4501 931 4582 eiusdemque
958 4500 1083 4566 comitis
1102 4499 1199 4563 Pauli
1223 4505 1256 4562 et

123 4611 378 4694 prescriptorum
405 4609 601 4690 prelatorum
627 4615 660 4674 et
684 4609 841 4673 baronum
862 4609 1065 4672 iudiciariam
1082 4607 1254 4671 commissi-

124 4739 218 4784 onem
234 4717 405 4782 roluerant
421 4722 454 4782 et
470 4715 647 4782 debuerant
662 4719 814 4782 tertiario
832 4718 974 4800 legitime
994 4717 1135 4794 introire,
1152 4716 1226 4802 pref
1244 4753 1255 4766 -
