3188 5476
565 547 750 610 1351000.
769 551 798 610 6.

642 819 716 880 389.

115 982 211 1043 1352.
230 1005 299 1046 nou.
317 983 348 1044 6.
365 979 395 1044 A
413 981 534 1046 adradi
548 981 709 1066 kdptalon
727 981 797 1043 ezerr
822 980 974 1066 Dio'szepi
991 979 1109 1043 Milelo's
1118 978 1172 1060 fio
1190 977 1246 1044 00-

114 1087 347 1174 ναι-1111990011
363 1097 444 1151 oevrt
460 1087 612 1152 Szcbolca
627 1091 811 1174 odrrnepyei
827 1088 931 1152 buck
940 1085 1010 1172 fele
1025 1090 1169 1168 rc‘azccrt,
1185 1109 1246 1150 010-

111 1199 174 1282 lpet
191 1198 302 1263 Do'zaa
328 1199 436 1263 oddar
453 1197 587 1280 fiuiaalc
604 1199 693 1264 adott
719 1203 764 1280 a't,
781 1199 876 1284 Doby
894 1198 1032 1262 Lb'rtocz
1040 1197 1106 1278 fldt
1121 1199 1248 1265 Istorioi

211 1307 798 1395 000101000001011100011111110ῌοί0
815 1308 948 1372 10101001
965 1307 1070 1395 ale‘piti
1085 1307 1139 1371 kt..

220 1465 409 1552 Capitulum
426 1469 558 1534 ecclesie
569 1467 796 1534 Waradiensis
813 1521 819 1534 .
837 1519 843 1532 .
868 1468 910 1533 ad
926 1469 1149 1536 universorum
1163 1470 1246 1536 noti·

108 1575 194 1640 ciam
212 1625 218 1637 .
236 1628 243 1642 .
268 1578 414 1644 volumus
429 1577 605 1662 pervenire,
625 1577 711 1661 quod
726 1577 951 1644 accedentibus
963 1578 1004 1644 ad
1020 1584 1165 1644 nostram
1176 1600 1245 1665 pre-

107 1684 254 1750 senciam
270 1683 415 1751 0010110
431 1683 498 1752 filio
513 1685 644 1752 Nicolai
659 1686 698 1751 de
715 1683 846 1772 Gyozeg
862 1708 921 1771 pro
937 1709 972 1753 se
987 1688 1203 1773 personaliter
1214 1693 1247 1752 et

107 1814 168 1875 pro
185 1793 343 1860 Ladislao
359 1794 425 1860 filio
442 1817 500 1862 suc
526 1795 567 1862 ab
593 1818 655 1862 une
679 1802 780 1880 parte,
806 1817 845 1862 ex
870 1798 976 1862 altera
992 1819 1065 1863 vero
1089 1798 1246 1882 magistro

107 1901 279 1986 Stephano
295 1901 361 1970 filio
377 1904 551 1971 Laurencii
567 1905 606 1970 de
622 1903 726 1989 Doby,
751 1906 931 1972 confessum
955 1907 1082 1972 exstitit
1096 1927 1154 1990 per
1170 1927 1246 1970 eun·

105 2009 182 2077 dem
199 2009 383 2078 Corardum
407 2011 509 2080 filium
538 2011 669 2079 Nicolai
685 2065 716 2080 ..
742 2013 919 2098 quodcum
945 2015 1014 2098 ipse
1039 2013 1244 2082 medietatem

105 2120 279 2185 cuiusdam
310 2127 396 2186 terre
411 2121 545 2206 Bygech
569 2127 680 2187 vocate
709 2123 743 2186 in
768 2123 924 2187 comitatu
941 2121 981 2186 de
997 2119 1154 2188 Zahouch
1180 2122 1244 2186 cxi-

102 2227 231 2306 atentia,
241 2229 275 2294 in
285 2229 468 2312 porcionem
479 2229 622 2296 eiusdem
631 2229 779 2314 magistri
792 2229 950 2314 Stephani
964 2229 1085 2296 dudum
1097 2229 1242 2312 proveni·

104 2337 202 2415 ontis,
219 2339 310 2402 cuins
327 2337 394 2404 alia
409 2337 567 2404 medietas
583 2338 670 2422 apud
680 2339 818 2404 eundem
837 2339 1030 2422 magistrum
1041 2335 1245 2422 Stephanum

102 2452 291 2511 remaneret
307 2453 339 2512 et
354 2448 570 2526 remansisset,
599 2469 638 2512 ex
663 2455 756 2530 parte
782 2448 831 2512 sui
859 2449 960 2532 ipsius
976 2447 1016 2512 de
1032 2466 1188 2512 consensu
1212 2451 1245 2509 et

106 2553 315 2638 beneplacito
331 2555 476 2621 eiusdem
486 2555 635 2640 magistri
646 2554 803 2640 Stephani
818 2553 877 2620 filii
887 2555 1062 2622 Laurencii
1072 2553 1132 2620 sub
1142 2553 1245 2618 forma

107 2663 356 2747 composicionis
382 2669 415 2728 et
439 2663 618 2730 amicabilis
643 2664 868 2742 ordinacionis,
889 2663 1049 2728 nobilibus
1074 2662 1153 2728 viris
1178 2682 1244 2726 ma·

107 2771 226 2854 gistris
242 2770 368 2837 100010
385 2779 418 2836 01
433 2771 538 2838 Paulo
554 2771 629 2838 filiis
645 2771 780 2838 condam
796 2771 909 2837 Dause
924 2771 1062 2854 palatini
1079 2822 1085 2836 .
1102 2820 1109 2834 .
1134 2775 1244 2836 contu-

105 2881 203 2946 lisset
227 2880 298 2944 iure
323 2885 527 2965 perpetue..
553 2880 826 2964 possidendam..
849 2880 891 2945 ob
908 2881 968 2945 hoc
987 2881 1106 2962 ipsein
1125 2898 1244 2944 recom-

106 2989 338 3072 pensacionem
354 2987 495 3054 eiusdem
511 2988 694 3054 medietatis
710 2993 798 3053 terre
817 2988 912 3054 modo
927 2987 994 3054 iam
1009 2992 1154 3070 pretecto
1165 2987 1244 3069 ipsis
1285 2987 1288 2994 “

106 3093 187 3160 filiis
204 3093 317 3159 Dause
333 3113 391 3176 per
407 3095 513 3178 ipsum
529 3093 613 3174 date,
624 3095 830 3160 medietatem
851 3101 936 3160 terre
955 3093 1067 3178 Ohehy
1083 3099 1193 3159 vocate
1210 3094 1244 3157 in

105 3202 223 3268 eodem
254 3203 408 3268 comitatu
434 3201 474 3267 de
499 3201 654 3268 Zabouch
681 3202 856 3282 existentis,
880 3203 913 3266 in
944 3203 1127 3286 porcionem
1152 3223 1243 3266 suam

106 3311 288 3391 cedentem,
321 3333 392 3377 oum
430 3312 577 3378 omnibus
599 3361 630 3378 ..
670 3313 736 3378 suis
758 3362 788 3376 ..
827 3311 1037 3395 pertinenciis
1064 3360 1094 3375 ..
1133 3314 1243 3394 preter

105 3419 279 3500 tributum,
296 3421 382 3503 quod
399 3420 432 3484 in
448 3421 561 3486 eadem
577 3421 654 3486 olim
680 3421 879 3505 exigebatur,
894 3441 952 3504 per
971 3419 1100 3484 modum
1117 3441 1243 3502 permu-

104 3528 248 3594 tacionis
264 3579 271 3594 .
289 3579 295 3591 .
322 3529 558 3596 contulisset..
583 3529 686 3594 eidem
710 3530 866 3612 magistro
882 3527 1049 3612 Stephano
1065 3525 1132 3592 filio
1155 3528 1242 3594 Lau-

104 3634 212 3701 rencii
236 3642 269 3700 et
293 3657 351 3722 per
377 3658 449 3701 eum
474 3636 541 3702 suis
566 3635 786 3703 heredibus..
812 3636 882 3701 iure
912 3641 1115 3719 perpetue..
1142 3635 1241 3718 possi·

104 3743 249 3811 dandam
267 3797 273 3810 .
290 3795 297 3809 .
322 3745 447 3810 Datum
462 3747 563 3812 tercia
579 3745 660 3810 feria
670 3745 816 3829 proxima
826 3750 899 3828 post
913 3744 1029 3808 festum
1041 3742 1144 3808 sancti
1154 3742 1242 3808 Emi-

104 3856 170 3922 rici
186 3854 277 3919 ducis
294 3861 326 3921 et
342 3855 540 3934 confessoris,
556 3876 640 3920 anno
666 3855 787 3920 domini
811 3854 886 3920 Μῐ110
905 3850 1027 3921 000ῐῃο
1043 3851 1241 3935 quinquage-

105 3967 192 4030 simo
209 3964 347 4029 seeundo
364 4013 395 4030 ..
422 3965 575 4049 Philippo
605 3965 779 4048 preposito,
794 3963 970 4029 Benedicta
994 3961 1124 4039 lectore,
1143 3958 1241 4026 Ladi-

107 4073 182 4138 0100
199 4079 339 4151 cantore,
356 4072 515 4155 Gregorio
532 4072 663 4138 custode
688 4073 849 4137 canonicis
866 4093 904 4136 ac
923 4071 1086 4154 magistris
1110 4067 1242 4134 ecclesie

105 4186 221 4246 nostre
238 4180 412 4248 salubriter
428 4180 648 4247 existentibus.

219 4349 244 4396 A
257 4346 348 4410 pecstt
373 4345 446 4395 zbld·
458 4346 485 4395 es
505 4345 674 4396 roma-mine
697 4345 930 4408 selyemsodraton
953 4345 1037 4408 ffigg3
1060 4341 1190 4406 eredetije
1209 4357 1241 4391 az

104 4452 179 4488 orsz.
194 4438 225 4486 lt.
240 4435 338 4486 hincat.
352 4441 419 4486 oszt.
433 4437 466 4485 N.
482 4437 515 4485 a.
530 4437 561 4484 A.
578 4440 655 4486 1716.
671 4442 694 4486 7.
709 4433 776 4499 dipl.
790 4440 857 4485 oszt.
872 4438 951 4486 4316.
972 4433 1073 4484 Ktizli:
1096 4431 1204 4482 Koraos
1215 4431 1240 4480 N
