3138 5462
532 463 627 527 1347.
643 480 712 526 run.
729 465 781 528 23.
1162 463 1223 526 105

101 645 138 708 dc
150 643 244 725 Ungh
260 649 293 708 et
308 641 334 707 J
336 643 462 707 channe
477 641 578 708 fratre
594 664 652 708 suo
670 691 677 706 .
695 693 701 709 .
717 641 810 706 iuxta
826 641 1062 706 continenciam
1079 641 1224 721 priorum

101 753 260 818 literarum
276 757 461 816 nostrarum
477 751 510 814 in
527 751 647 815 octaris
663 750 737 816 festi
761 751 942 816 nativitatis
959 749 1045 814 beati
1061 749 1087 814 J
1088 749 1224 815 ohannis

101 860 242 942 Baptista
258 858 301 924 ad
316 863 463 942 nostram
482 858 635 924 accedens
652 859 861 942 presenciam,
877 867 990 925 contra
1006 859 1142 924 Petrum
1158 858 1223 923 La·

101 966 231 1032 dislaum
246 965 362 1032 Donch
389 971 421 1031 et
436 966 624 1032 Emericum
648 965 731 1032 filios
747 966 820 1032 Bod
835 965 874 1030 de
891 965 1053 1034 Tornolch
1069 969 1103 1031 in
1119 965 1224 1050 figura

101 1074 197 1140 nostri
211 1075 321 1142 iudicii
337 1075 506 1158 proposuit
516 1075 667 1154 eomodo,
684 1075 771 1157 quod
780 1073 899 1159 prefati
909 1075 1057 1158 magistri
1068 1073 1225 1140 Nicolaus

101 1189 131 1248 et
143 1182 308 1248 Johsrmes
324 1182 446 1248 domini
462 1183 512 1248 sui
528 1181 609 1248 feria
625 1189 717 1249 sexta
732 1183 880 1266 proxima
902 1188 978 1249 ante
1002 1182 1120 1249 festum
1135 1183 1223 1249 beati

99 1290 264 1356 Michaelis
280 1291 478 1374 archangeli,
497 1292 589 1356 cuius
614 1291 759 1375 proxime
784 1290 927 1356 secunda
951 1291 1118 1356 adveniret
1133 1311 1221 1356 revo-

102 1397 183 1464 lucio
206 1398 364 1481 annualis,
389 1401 552 1465 annotatis
577 1399 677 1466 Petro
701 1399 857 1466 Ladislao
881 1399 999 1466 Donch
1024 1406 1057 1465 et
1071 1398 1224 1464 'Emerico

97 1505 171 1572 liliis
185 1506 255 1572 Bod
269 1513 336 1573 tres
351 1527 478 1573 marcas
493 1513 693 1592 premiorum
718 1509 922 1574 denariorum
947 1514 1059 1574 mutuo
1084 1528 1226 1574 accomo-

97 1614 234 1694 dasseut,
259 1635 342 1697 quas
357 1616 420 1699 ipsi
435 1615 494 1681 filii
510 1616 583 1682 Bod
599 1616 694 1682 dictis
709 1618 873 1700 magistris
888 1615 1025 1682 Nicolao
1036 1623 1069 1682 et
1078 1615 1104 1682 J
1105 1617 1223 1682 ohanni

96 1722 228 1790 dominis
253 1725 319 1790 suis
350 1723 484 1790 reddere
515 1723 701 1803 noluissem,
732 1723 853 1807 pluries
878 1725 1136 1808 postulantibus3
1159 1745 1224 1806 quo

96 1839 245 1915 percepto
254 1831 1225 1918 JchannesfiliusNicolaideLaayproprciatisfiliisBod..

97 1961 278 2024 exsurgens,
304 1940 432 2006 eosdem
456 1941 592 2006 Petrum
622 1941 813 2008 [ladislaum
837 1941 955 2008 Donch
979 1947 1013 2006 et
1036 1942 1223 2008 Emericum

97 2047 177 2114 filios
187 2049 259 2114 Bod
270 2049 304 2114 in
314 2049 472 2132 premissa
488 2049 617 2116 accione
628 2056 662 2114 et
671 2050 870 2130 aquisioione
886 2049 1046 2116 dictorum
1056 2052 1225 2134 magistro·

96 2179 164 2222 rum
179 2155 310 2222 Nicolai
335 2161 369 2220 et
384 2155 548 2222 Johannis
573 2159 760 2222 innoeentes
784 2155 852 2222 fore
876 2157 991 2224 retulit
1007 2205 1013 2221 .
1031 2205 1037 2220 .
1054 2157 1225 2237 undenos,

96 2263 211 2330 auditis
242 2265 390 2349 parcium
420 2263 707 2348 proposicionibus,
740 2265 963 2330 adiudicantes
998 2257 1224 2344 commisimus,

96 2371 177 2453 quod
201 2371 320 2457 profati
336 2373 456 2440 Petrus
480 2373 654 2440 Ladislaus
670 2373 787 2440 Donch
813 2380 845 2439 et
869 2375 1041 2440 Emerious
1065 2372 1124 2438 filii
1150 2373 1223 2440 Bod

96 2481 168 2546 solis
185 2503 296 2547 eorum
312 2483 346 2546 in
362 2483 508 2568 personis
524 2483 672 2568 propriis,
697 2483 730 2547 in
757 2483 875 2548 octavis
899 2481 973 2548 festi
998 2482 1086 2548 beati
1101 2481 1127 2546 J
1128 2469 1222 2547 aoobi

95 2589 230 2672 apostoli
245 2612 332 2656 nuuc
347 2591 492 2673 proxime
502 2592 655 2670 venturis,
671 2591 705 2655 in
721 2597 878 2657 conventu
894 2591 933 2656 de
949 2589 1055 2668 Lelez,
1071 2591 1105 2655 iu
1121 2611 1167 2671 eo,
1184 2596 1221 2654 ut

94 2699 154 2782 ipsi
170 2700 203 2762 in
219 2699 378 2782 premissa
394 2699 524 2765 accione
540 2707 572 2766 et
588 2701 785 2784 aquisicione
810 2701 970 2766 dictorum
995 2702 1224 2784 magistrorum

94 2805 221 2871 Nicolai
237 2811 271 2872 et
285 2807 311 2874 J
312 2807 448 2874 ohannis
463 2809 649 2874 innocentes
665 2809 730 2874 sint
745 2811 873 2892 penitus
889 2815 922 2874 et
936 2809 1104 2887 immunes,
1120 2829 1225 2874 sacra-

95 2921 235 2981 mentum
250 2921 406 3000 prestare,
421 2922 454 2980 et
470 2917 585 2981 seriem
601 2915 744 2983 eiusdem
760 2923 869 3001 partes
886 2919 919 2982 in
935 2917 1038 2983 literis
1058 2917 1135 2982 dicti
1152 2938 1225 2981 oon-

94 3031 206 3088 ventns
222 3025 263 3089 de
288 3024 314 3089 J
314 3045 394 3089 arou
410 3023 451 3089 ad
468 3031 615 3090 octavum
631 3024 716 3090 diem
735 3024 826 3090 uobis
852 3031 1020 3108 reportare
1044 3030 1224 3089 teneantur.

94 3131 218 3198 Datum
232 3131 337 3215 Bada,
353 3138 465 3198 octavo
487 3132 539 3198 die
563 3133 694 3198 termini
717 3132 889 3218 prenotati,
914 3153 998 3198 anno
1011 3132 1144 3198 'domini
1160 3131 1212 3196 Μο

93 3237 191 3308 0000
214 3240 320 3306 XL¹²¹⁰
336 3240 481 3326 septimo.

192 3403 323 3467 Paplron,
337 3404 463 3454 ztrlatr'm
485 3405 570 3455 kerek
582 3404 674 3466 pecstt
687 3403 864 3466 nyomaiva13
884 3403 1015 3466 credetije
1028 3418 1060 3453 az
1074 3387 1143 3452 orsz.
1157 3402 1225 3452 reu·-

95 3493 146 3542 bsn
159 3509 176 3543 a
190 3493 313 3556 Osicsery
326 3509 361 3544 cs.
376 3493 732 3562 letemnrenyeuen.1<ozli;
751 3493 914 3542 Kammorer
925 3493 1009 3541 mmo.

632 3892 685 3956 45.

96 4051 193 4114 1347.
202 4049 268 4136 jul.
285 4052 335 4114 23.
352 4048 382 4115 A
394 4053 548 4140 pozsoayi
561 4052 716 4139 kdptolon
727 4052 797 4117 elce
812 4053 957 4118 csekleeai
973 4031 1139 4118 Abraham
1155 4053 1222 4117 Me-

93 4160 169 4240 m'cz,
187 4157 275 4222 Bake
289 4165 371 4222 aeva
387 4158 552 4224 tis-sottus
576 4160 625 4224 ket
641 4160 732 4224 tollet
747 4159 866 4226 Misus
879 4160 1031 4248 pozsonpc‘
1040 4159 1223 4245 polycronio

568 4269 751 4355 elzdloposit.

201 4429 391 4514 Capitulum
422 4429 555 4496 ecclesie
586 4430 791 4497 Poscnieusis
833 4431 1052 4516 significamus
1078 4480 1109 4496 ..
1135 4433 1222 4514 quod

91 4539 276 4606 Mauricius
293 4538 400 4604 dietus·
411 4536 560 4606 Abraam
578 4539 665 4605 filius
690 4537 803 4607 Abrae
832 4539 893 4604 rufi
909 4539 948 4606 de
965 4539 1104 4608 Gheklcn
1120 4540 1153 4605 in
1170 4562 1223 4606 no-

91 4649 151 4713 stri
167 4649 340 4733 presencie
357 4697 363 4712 .
381 4697 387 4711 .
404 4648 608 4766 constitptus,
625 4649 705 4715 duos
723 4649 833 4714 laneos
849 4650 992 4734 integros
1008 4649 1041 4712 in
1057 4655 1149 4735 parte
1166 4669 1224 4717 sua
