3188 5470
372 509 438 572 284
727 525 913 572 carcerom
931 512 1145 570 osntsrria.

481 688 611 752 Papiron‚
625 687 750 738 sarlaten
764 688 856 752 pecse't
869 687 1074 752 teredelreive13
1087 688 1218 754 credetije
1228 705 1260 740 az
1271 705 1338 740 orez.
1348 691 1383 739 lt.
1403 689 1499 740 kincst.

374 783 441 828 oszt.
458 783 533 828 15³7.
548 783 589 829 26.
603 777 670 843 dipl.
685 785 752 829 oszt.
767 783 844 830 4034.
859 779 959 830 Kozli:
979 778 1088 829 Koraos
1100 780 1134 829 N.

858 959 1018 968 ...ᾖ-ιυ-

902 1109 973 1168 151.
1062 1109 1064 1114 ’

379 1251 470 1314 1349.
497 1249 702 1329 Brezooicho,
720 1253 794 1334 nrcr'j.
812 1251 864 1312 27.
890 1249 982 1313 Pan
1007 1247 1148 1312 kcmtoki
1174 1251 1268 1334 ispa'n
1291 1246 1323 1312 effe
1350 1253 1501 1332 cdrnapy,

571 1355 715 1442 bizonyos
731 1355 852 1444 typhon
866 1381 888 1422 a
896 1355 1046 1443 felekoelr
1062 1355 1233 1422 hatzeztdet
1248 1357 1300 1421 ad.

479 1516 549 1582 Nos
574 1519 728 1602 magister
754 1519 873 1584 Petrus
905 1540 1009 1584 comes
1036 1525 1069 1584 et
1096 1518 1294 1586 castellanus
1321 1519 1361 1584 dc
1389 1519 1499 1583 maiori

373 1625 519 1692 Kcnrluk
543 1626 657 1692 damus
683 1648 742 1709 pro
774 1626 936 1704 memoria,
968 1627 1054 1708 quod
1088 1649 1218 1694 causam
1245 1648 1344 1709 quam
1376 1627 1501 1691 domins

373 1737 520 1803 Precana
535 1760 664 1804 consors
675 1739 831 1806 ercachii
847 1738 904 1804 filii
916 1740 1047 1822 Thema,
1062 1761 1122 1824 pro
1143 1761 1208 1820 qua
1224 1739 1308 1804 idem
1319 1739 1500 1805 Luoachius
1570 1757 1571 1770 ¹

374 1848 511 1912 maritus
527 1846 596 1912 eius
615 1870 688 1914 cum
713 1847 945 1914 sufficientibus
971 1849 1073 1914 literis
1098 1848 1331 1931 procuratoriis
1356 1847 1500 1931 magistri
1571 1857 1573 1940 ’χ

373 1953 491 2022 Jacobi
517 1957 641 2022 comitis
667 1955 838 2024 Orisiensis
865 1957 979 2040 astitit,
996 1958 1087 2023 iuxta
1112 1956 1348 2024 continenciam
1364 1957 1502 2039 priorum
1573 2021 1574 2026 ,

374 2063 542 2128 literarum
567 2071 750 2130 nostrarum
776 2066 877 2130 tercia
902 2065 983 2130 feria
1007 2067 1155 2149 proxima
1180 2069 1253 2148 post
1278 2065 1398 2130 festum
1423 2063 1502 2128 besti

374 2171 502 2238 Urbani
527 2196 618 2258 pape,
649 2182 762 2241 contra
786 2173 981 2259 Gregorium
1007 2183 1039 2240 et
1063 2176 1200 2242 Petrum
1226 2175 1310 2240 filios
1336 2174 1502 2240 Benedicti
1575 2216 1576 2226 ι

375 2298 501 2345 movere
526 2282 668 2348 habebat
692 2303 801 2348 coram
826 2283 927 2362 nobis,
953 2285 994 2349 ad
1020 2284 1210 2368 peticionem
1236 2283 1354 2349 nobilis
1379 2283 1501 2348 dominc
1576 2315 1577 2320 κ

375 2390 532 2454 consortis
549 2390 696 2473 magistri
711 2391 830 2456 iacobi
847 2392 971 2456 comitis
988 2391 1292 2475 Orisiensis‚p1·oeo
1310 2391 1415 2456 eciam
1433 2392 1502 2472 quia
1577 2410 1578 2422 ¹

375 2500 409 2562 in
425 2499 559 2565 servicio
575 2499 695 2564 domini
711 2502 813 2565 nostri
830 2501 905 2565 bani
922 2499 1050 2578 fuimus,
1066 2500 1108 2564 ed
1121 2501 1302 2582 quindenas
1314 2501 1414 2565 tercie
1429 2499 1501 2564 ferie
1578 2508 1579 2526 ³

375 2606 519 2690 proxime
545 2612 618 2690 post
642 2607 726 2672 diem
752 2607 942 2674 reversionis
967 2613 1076 2672 nostre
1092 2605 1127 2672 in
1143 2605 1288 2673 Kemluk
1314 2607 1500 2690 peremtoria
1579 2606 1580 2618 ¹

375 2714 525 2778 duximus
542 2715 786 2799 prorogandam.
803 2715 950 2781 Dicimus
975 2716 1085 2792 eciam,
1111 2716 1198 2796 quod
1223 2717 1308 2781 idem
1325 2715 1501 2780 Lucachins
1580 2704 1581 2722 ¹

376 2824 479 2905 ipsam
495 2823 658 2888 dominam
674 2823 854 2890 Precanem
879 2831 1058 2890 consortem
1074 2846 1167 2890 suam
1183 2825 1217 2889 in
1233 2823 1328 2889 fectis
1344 2823 1499 2907 potencia·

376 2933 424 2996 rio
441 2933 689 3014 possessionerio
706 2940 738 2998 et
754 2955 862 3000 rerum
878 2930 962 3018 (igy)
979 2939 1127 2999 acturam
1144 2932 1305 2998 indicarit.
1331 2931 1452 2998 Datum
1467 2931 1497 2994 in

377 3040 595 3106 Brezrouicha
611 3041 670 3105 snb
686 3047 793 3108 castro
804 3042 957 3122 Kemluk,
973 3043 1112 3108 secundo
1131 3043 1182 3108 die
1193 3041 1322 3108 termini
1338 3041 1493 3107 antedicti.

372 3170 458 3213 anno
473 3149 594 3214 domini
611 3149 662 3214 Μο
686 3147 769 3215 OOC
779 3159 806 3186 ¹¹⁰
822 3149 928 3216 XL¹¹¹⁰
944 3171 1036 3216 nono.

483 3312 612 3376 Papiron,
625 3313 751 3362 sarlaten
765 3313 857 3375 peccet
870 3313 1068 3378 ttredtlreive13
1085 3313 1216 3378 eredetije
1229 3328 1262 3363 az
1275 3329 1345 3364 orez.
1359 3314 1390 3363 lt.
1403 3312 1495 3362 kincst.

376 3406 443 3451 oszt.
461 3407 536 3453 1747.
552 3407 593 3454 74.
608 3402 674 3466 dipl.
688 3406 755 3452 oszt.
770 3407 848 3454 4047.
863 3403 963 3454 Kozri:
978 3405 1086 3454 Koraos
1099 3405 1132 3454 N.

906 3731 978 3792 152.

378 3891 473 3956 1349.
491 3892 571 3974 mdj.
589 3891 642 3954 28.
660 3889 689 3954 A
697 3893 808 3975 jo‘szni
823 3902 950 3956 convent
966 3891 1038 3955 elon
1051 3890 1153 3958 Jonas
1160 3889 1213 3973 fia
1229 3890 1345 3956 Lazo
1363 3893 1393 3955 e's
1418 3887 1499 3952 Peter

367 3997 433 4080 fiai
451 3997 567 4063 Mikros
585 4021 600 4061 e
619 3999 752 4062 Lo'riacz
767 4000 915 4084 rozpooyi
930 3997 1081 4077 cerneret,
1098 3997 1423 4085 udoarhelycikfolttt
1438 4019 1498 4083 epp-

632 4107 765 4171 mdenak
782 4105 899 4172 ararad
914 4107 1084 4171 υάῖαεειάει
1100 4107 1264 4192 capednek.

486 4268 555 4334 Nos
572 4269 697 4335 Paulus
713 4269 894 4353 prepositus
911 4275 944 4334 et
959 4275 1133 4334 conventus
1149 4270 1337 4336 monasterii
1353 4269 1435 4336 beati
1444 4268 1465 4333 J
1466 4289 1494 4331 o·

377 4378 496 4444 hannis
513 4377 663 4460 Baptista
687 4377 727 4442 de
751 4377 857 4443 anou
883 4429 914 4444 ..
940 4377 1143 4443 declaremus
1169 4428 1201 4442 ..
1228 4379 1312 4462 quod
1339 4377 1499 4445 Ladislaus

377 4483 462 4552 filius
479 4486 504 4551 J
505 4487 642 4552 ohannis
658 4485 700 4551 ab
715 4507 789 4564 una,
805 4485 962 4552 Nicolaus
979 4492 1012 4552 et
1027 4485 1227 4552 Laurencius
1240 4485 1299 4552 filii
1309 4487 1401 4554 Petri
1415 4489 1500 4570 perte

377 4594 419 4659 ab
436 4594 539 4660 altere
566 4593 689 4660 nobiles
714 4593 753 4659 de
780 4595 912 4679 Rozgon
938 4596 972 4660 in
997 4595 1100 4661 nostri
1116 4596 1283 4680 presencia
1298 4593 1500 4679 personaliter

375 4701 552 4780 constituti,
568 4701 652 4768 idem
667 4701 840 4768 Ladislaus
860 4703 1028 4789 proposuit
1044 4755 1051 4770 .
1069 4755 1074 4768 .
1092 4702 1179 4786 quod
1204 4703 1389 4788 porcionem
1412 4719 1493 4766 suam
