3226 5462
378 481 420 540 68
728 493 914 540 nnuouncnr
932 482 1146 540 orrnlnrrln.

379 656 475 721 certis
512 657 605 720 metis
636 655 808 722 limitando
839 662 1051 738 sequestrare,
1083 661 1116 720 et
1141 656 1167 720 si
1198 661 1307 740 partes
1338 655 1517 719 concordes

377 764 500 848 fierent,
525 765 657 831 cuilibet
683 766 770 849 parti
795 787 870 830 suas
895 766 1110 850 possessiones
1136 764 1268 849 pacifice
1300 763 1518 848 possidendas

377 873 569 957 relinquere,
585 875 610 938 si
626 895 684 959 per
695 875 774 940 alios
785 897 846 939 non
859 874 973 940 fuisset
989 875 1233 953 contradictum,
1259 873 1518 939 contradictores

377 1003 452 1047 vero
477 984 503 1047 si
532 983 588 1065 qui
615 981 672 1047 alii
699 982 843 1066 inissent,
874 989 986 1048 contra
1016 983 1144 1049 easdem
1175 983 1321 1048 dominas
1346 982 1387 1046 ad
1412 981 1519 1065 ipsius

378 1091 550 1174 Wyllermi
561 1091 699 1176 palatini
709 1094 909 1176 presenciam
919 1094 1020 1166 citare
1030 1094 1071 1158 ad
1082 1093 1257 1158 terminum
1269 1097 1518 1176 competentem.

378 1199 406 1264 si
422 1219 497 1265 vero
514 1200 547 1264 in
564 1200 675 1282 aliqua
690 1201 850 1284 particula
869 1209 955 1267 terre
980 1209 1089 1286 partes
1117 1200 1278 1266 discordes
1304 1200 1519 1275 exstitissent,

379 1315 497 1374 extunc
513 1307 602 1373 illam
619 1308 813 1392 particulam
835 1315 922 1374 terre
947 1309 1184 1374 contenciosam
1210 1307 1311 1392 regali
1337 1329 1410 1372 cum
1427 1327 1517 1370 men-

381 1439 458 1484 sura
481 1437 676 1494 mensurare,
702 1418 771 1482 visa
802 1419 872 1482 eius
902 1418 1061 1501 qualitate
1092 1418 1276 1501 quantitate
1308 1415 1451 1481 utilitate
1483 1421 1518 1480 et

380 1525 488 1591 valore
505 1525 664 1602 estimare,
690 1525 869 1609 seriemque
897 1527 1039 1592 omnium
1064 1527 1293 1610 premissorum
1318 1531 1428 1608 partes
1446 1544 1519 1607 pre-

379 1635 476 1699 misse
502 1634 544 1698 ad
569 1633 757 1717 vigesimum
783 1634 960 1700 secundnm
979 1635 1063 1700 diem
1079 1634 1217 1720 predicti
1234 1633 1308 1699 festi
1324 1633 1518 1698 Nativitatis

380 1741 512 1824 virginis
538 1741 676 1824 gloriose
701 1741 733 1807 in
759 1742 862 1807 literis
886 1746 1055 1810 memorati
1086 1749 1260 1808 conventus
1286 1741 1516 1808 Saxardiensis

381 1850 671 1933 eidemWyllermo
682 1851 827 1935 palatino
838 1852 1208 1938 reportaredebuissent;
1224 1853 1358 1936 ipsoque
1374 1851 1517 1915 termino

382 1959 615 2044 reportacicnis
641 1960 735 2024 seriei
751 1962 980 2044 premissorum
997 1967 1193 2038 occurrente,
1224 1961 1310 2026 dicto
1335 1959 1518 2043 Wyllermc

382 2068 530 2152 palatino
546 2067 630 2133 viam
647 2069 793 2133 universe
809 2071 915 2134 carnis
941 2071 1086 2154 ingresso
1111 2069 1267 2152 nobisque
1292 2069 1413 2134 honore
1429 2069 1519 2151 pala-

279 2205 294 2223 ·
382 2177 504 2242 tinctus
531 2176 667 2260 adepto,
692 2175 838 2260 prelatus
867 2177 968 2244 frater
993 2177 1166 2244 Ladislaus
1191 2198 1250 2261 pro
1274 2176 1462 2242 memoratis
1489 2225 1519 2240 ..

386 2283 684 2350 sanctimonialibus
710 2335 740 2350 ..
766 2291 800 2350 et
824 2287 944 2352 Petrus
969 2287 1109 2353 decanus
1140 2309 1200 2371 pro
1231 2285 1342 2350 eodem
1375 2285 1519 2368 capitulo

385 2391 517 2460 ecclesie
534 2391 886 2476 Quinqueecclesiensis
903 2445 909 2459 .
927 2446 933 2459 .
950 2397 982 2460 in
999 2401 1110 2460 nostra
1125 2389 1295 2460 iudiciaria
1311 2393 1419 2477 figura
1435 2414 1517 2458 corn-
1596 2455 1597 2472 ,

385 2500 536 2585 parend0,
553 2501 665 2567 literas
690 2502 767 2566 dicti
794 2509 968 2568 conventus
985 2503 1210 2569 Saxardiensis
1235 2502 1328 2567 nobis
1352 2509 1518 2585 presenta—
1596 2485 1597 2550 l

385 2615 470 2688 rant,
487 2609 570 2673 inter
597 2615 706 2674 cetera
735 2609 943 2692 continentes,
970 2612 1055 2695 qnod
1083 2611 1222 2696 predicti
1248 2610 1394 2675 hominos
1419 2610 1520 2694 ipsius

384 2717 557 2802 Wyllermi
573 2715 709 2800 palatini
722 2717 781 2782 snb
791 2719 984 2786 testimoniis
995 2719 1096 2803 ipsius
1107 2725 1280 2784 conventus
1291 2717 1518 2783 Saxardiensis

384 2825 415 2888 in
434 2823 587 2906 predictis
604 2825 724 2888 octavis
740 2823 813 2888 sesti
830 2825 1023 2892 Nativitatis
1048 2825 1183 2908 virginis
1208 2826 1346 2909 gloriose
1373 2825 1520 2888 arcessis-

386 2939 458 2996 sent
474 2932 515 2996 ad
531 2933 630 2996 iacies
645 2934 972 3016 possessionariarum
982 2935 1169 3019 pernionum
1179 2931 1346 3014 Beremus,
1363 2933 1519 3016 Harazty,
1595 2953 1596 3016 ,

385 3038 552 3124 chzlou,
578 3039 753 3123 Kyhyreclr
779 3047 812 3104 et
835 3041 949 3106 Lusulr
974 3049 1171 3122 vocatarum,
1196 3041 1373 3124 vicinisque
1391 3047 1424 3106 et
1440 3063 1520 3105 ccm-

386 3147 543 3212 mctaneis
559 3147 745 3212 earumdem
761 3147 903 3231 legitime
920 3149 1109 3226 convocatis,
1127 3150 1232 3232 primo
1248 3149 1341 3212 iuxta
1357 3149 1520 3213 continen-

386 3256 468 3320 ciam
493 3256 662 3321 literarum
688 3256 936 3340 privilegialinm
962 3257 1064 3340 ipsius
1095 3257 1215 3321 domini
1243 3257 1321 3321 Bcle
1351 3257 1438 3340 regis
1462 3277 1520 3339 per

288 3397 291 3406 ·
387 3363 558 3429 Nicolaum
574 3364 695 3428 dictum
712 3364 752 3428 de
768 3365 884 3431 Kosulr
900 3387 958 3448 pro
984 3365 1078 3430 dictis
1103 3365 1293 3430 dominabus
1310 3415 1316 3431 .
1334 3414 1341 3428 .
1357 3371 1518 3430 astantem
1594 3387 1595 3444 3

389 3472 467 3536 inibi
480 3472 706 3550 exhibitarum,
717 3473 845 3537 demum
854 3473 947 3537 iuxta
956 3474 1190 3540 continenciam
1201 3474 1371 3538 literarum
1383 3471 1518 3556 predicti
1594 3463 1595 3546 i

388 3587 563 3645 conventus
579 3579 875 3646 Pechwaradiensis
892 3580 1075 3663 potenciam
1085 3601 1143 3664 per
1152 3571 1326 3663 magistros
1336 3579 1517 3644 Martinnm

388 3685 650 3752 archidiaconum
675 3688 714 3752 de
740 3687 902 3772 Baranya,
928 3687 1061 3753 Petrum
1096 3689 1253 3753 decanum
1279 3695 1313 3752 et
1339 3688 1523 3753 Johannem

388 3797 618 3860 concanonicos
639 3794 770 3860 ecclesie
787 3793 1144 3878 Quinqueecclesicnsis
1169 3794 1314 3880 predicte
1339 3817 1399 3879 pro
1415 3794 1524 3858 eodem
1593 3821 1594 3878 j

390 3901 1522 3987 capituloQuinqneeoolesiensiinfaciememoratarumpossessionum
1593 3893 1594 3978 j

389 4011 615 4090 exhibitarum,
631 4032 689 4094 per
714 4011 871 4096 plurimas
897 4017 930 4074 et
954 4009 1095 4076 diversas
1126 4017 1229 4075 metas
1254 4011 1288 4074 in
1314 4011 1419 4076 literis
1444 4008 1522 4072 dicti
1593 3989 1594 4024 ³

389 4124 562 4185 conventus
588 4117 816 4185 Saxardiensis
841 4117 926 4182 dicto
952 4117 1082 4183 dominc
1109 4117 1290 4202 Wyllermo
1316 4117 1460 4200 palatino
1475 4137 1526 4179 re·

390 4225 654 4311 scripcicnalibus
674 4232 842 4292 contentas
859 4232 892 4290 et
908 4225 947 4288 de
973 4225 1093 4290 eisdem
1118 4225 1152 4290 in
1177 4232 1306 4291 nostras
1331 4225 1443 4291 literas
1458 4245 1524 4288 me·
1592 4227 1593 4278 l

389 4333 540 4398 moniales
557 4333 702 4397 seriatim
718 4333 893 4415 rescriptas
909 4330 1174 4410 reambulassent‚
1185 4333 1338 4415 ipsasque
1349 4332 1521 4415 possessio·
1592 4351 1593 4422 p

390 4443 499 4506 narias
515 4442 682 4524 porciones
699 4441 784 4504 inter
800 4445 911 4522 partos
927 4439 1094 4520 litigiosas,
1114 4439 1190 4502 licet
1206 4446 1341 4522 propter·
1357 4439 1524 4522 paludinc·
1592 4457 1593 4528 ζ

390 4549 519 4614 citatem
530 4547 816 4612 ctinundacionem
833 4567 991 4629 aquarum
1007 4546 1110 4628 regali
1122 4567 1274 4610 mensura
1285 4567 1349 4611 non
1362 4546 1526 4631 potuerint

390 4677 586 4736 rnorrsnrarc,
620 4661 726 4718 tamen
758 4657 825 4719 visu
859 4655 1023 4718 oculorum
1055 4655 1096 4718 ad
1128 4660 1199 4718 orto
1230 4660 1345 4719 aratra
1377 4653 1523 4718 sulficere
1591 4687 1592 4702 κ
