3192 5466
387 506 451 568 258
732 521 918 568 nnsousoar
934 505 1150 567 onulnrrln.

383 683 469 750 filius
485 681 668 750 Alexandri
684 705 743 768 pro
759 705 792 749 00
809 691 841 750 et
857 685 923 750 suis
949 684 1122 750 heredibus
1148 689 1364 750 reservasset.
1381 735 1387 748 .
1405 703 1515 748 omnes

383 793 496 858 literas
513 841 520 860 .
538 845 544 859 .
561 793 735 859 ouiushbet
765 795 902 878 capituli
927 793 976 860 vel
1001 799 1176 860 conventus
1192 795 1226 860 in
1242 795 1328 860 facto
1343 793 1430 858 dieto
1445 811 1515 876 pos-

384 901 580 968 sessionis..
598 908 774 985 emanatas,
799 908 909 985 preter
934 901 1047 966 literas
1072 901 1150 966 dieti
1166 901 1302 986 oapituli
1327 898 1513 978 Nitriensis,

381 1008 549 1090 inquibus
573 1010 677 1076 forma
693 1010 857 1076 divisionis
882 1009 967 1074 diete
987 1011 1197 1095 possessionis
1217 1009 1346 1074 Warad
1366 1011 1507 1075 contine

382 1125 444 1200 tur,
461 1139 569 1184 cassas
595 1117 828 1184 reddiderunt.
846 1171 853 1185 .
870 1119 925 1197 ita,
942 1123 978 1182 ut
995 1117 1179 1200 ubieunque
1205 1117 1433 1184 exhiberentur
1459 1138 1512 1201 per

385 1228 522 1305 eosdem,
539 1227 660 1292 nullius
677 1233 784 1292 essent
800 1228 929 1310 penitus
953 1225 1127 1305 firmitatis,
1152 1233 1187 1291 et
1211 1227 1343 1309 insuper
1366 1227 1513 1291 universa

384 1342 577 1402 nocumenta
601 1342 634 1400 et
658 1335 793 1400 iniurias
810 1354 913 1415 usque
932 1334 974 1398 ed
989 1333 1049 1400 hee
1065 1341 1213 1418 tempora
1228 1335 1314 1399 inter
1329 1355 1363 1399 se
1379 1339 1471 1399 ortas
1486 1341 1512 1399 et

383 1445 557 1510 suscitatas
574 1445 702 1528 penitus
728 1443 789 1508 sibi
814 1445 950 1508 invicem
976 1444 1174 1522 relaxarunt,
1199 1444 1313 1508 literas
1338 1464 1414 1508 vero
1439 1443 1511 1508 dicti

383 1553 517 1636 capituli
533 1551 709 1618 Nitriensis
726 1552 949 1618 divisionarias
965 1559 1142 1618 memorate
1158 1553 1368 1636 possessionis
1385 1551 1509 1616 Warad

383 1659 417 1723 in
433 1659 541 1742 vigere
557 1679 745 1742 permanere
761 1659 988 1742 relinquerunt
1004 1713 1011 1726 .
1029 1713 1034 1726 .
1052 1659 1176 1726 Datum
1192 1681 1375 1744 permanus
1385 1659 1510 1724 disereti

382 1768 442 1832 viri
458 1767 605 1850 magistri
621 1765 781 1832 Demetrii
797 1768 927 1834 lectoris
952 1767 1084 1834 eoelesie
1101 1775 1219 1849 nostre,
1244 1770 1278 1834 iu
1296 1768 1417 1832 oetavis
1442 1767 1509 1831 festi

383 1875 623 1953 Innooenoium‚
640 1897 725 1940 anno
741 1875 861 1940 domini
877 1876 1053 1942 Millesimo
1070 1874 1192 1944 000ῐῐιο
1208 1877 1314 1942 XIr¹²¹⁰
1331 1897 1422 1942 nono.

491 2058 512 2107 I.
526 2056 609 2120 Lajos
631 2055 780 2120 kirtlynalr
805 2063 882 2108 1363.
906 2059 973 2108 febr.
997 2057 1060 2109 9-00
1085 2059 1233 2124 »magister
1255 2057 1418 2108 Dominicus
1441 2057 1508 2106 filins

382 2148 483 2197 Mothk
496 2149 559 2197 aule
572 2153 665 2196 noster
679 2148 774 2198 miles«
789 2148 939 2198 lrtrelnrere
962 2147 1072 2198 kiadott
1095 2147 1254 2212 ttiratabbl,
1282 2147 1411 2209 melynek
1425 2146 1510 2197 erede·

386 2237 436 2302 tije
449 2253 567 2304 megvan
581 2253 613 2287 az
627 2251 696 2286 orsz.
710 2239 741 2287 lt.
756 2237 855 2287 kinest.
869 2245 937 2288 oszt.
952 2239 986 2288 N.
1000 2239 1033 2288 R.
1047 2239 1080 2288 Α.
1104 2243 1164 2288 933.
1191 2243 1230 2287 11.
1253 2237 1323 2300 dipl.
1346 2241 1414 2288 oszt
1437 2241 1509 2286 4024.

383 2328 483 2378 Kozli:
503 2329 612 2379 Kovtos
625 2329 659 2378 N.

913 2692 984 2756 132.
1012 2681 1016 2688 ’

389 2872 485 2935 1349.
494 2873 568 2957 juo.
585 2873 637 2935 22.
662 2870 779 2955 Ujhely
797 2873 892 2932 odrae
909 2870 1018 2957 birrijo
1044 2875 1075 2936 e's
1102 2873 1235 2936 eskilttei
1251 2868 1326 2934 elon
1341 2869 1444 2934 Jrr'aos
1460 2867 1508 2932 bu·

384 2983 438 3042 ruit
454 2979 613 3066 anyjrival
629 2981 660 3043 6⁸
677 2979 855 3042 raevtreivet
867 2989 984 3064 epytttt,
1001 3005 1022 3044 a
1038 2980 1236 3064 pualiuusok
1254 2989 1338 3042 00001
1355 2977 1509 3062 apparot

521 3097 654 3151 neoezelt
669 3087 899 3152 kolostoro'ualr
911 3111 968 3172 eqy
984 3085 1094 3152 rzetlot
1111 3089 1369 3172 ajdnde'ltozuuk.

490 3265 560 3330 Nos
575 3263 732 3330 Nicoluus
748 3265 832 3330 filins
850 3265 1007 3350 Stephani
1024 3266 1119 3332 iudex
1145 3267 1184 3330 de
1200 3265 1319 3349 Vyhel,
1345 3286 1383 3329 ao
1407 3265 1507 3329 Peten'

385 3373 489 3440 dietus
505 3371 618 3452 Orrus,
641 3374 723 3438 Ivan
740 3373 827 3439 Thot
842 3375 950 3456 iurati,
976 3395 1098 3438 necnon
1123 3372 1289 3438 duodecim
1306 3373 1444 3438 seniores
1458 3393 1508 3437 ee-

383 3481 509 3564 terique
533 3481 675 3564 hospites
702 3482 741 3546 de
768 3482 880 3546 eadem
898 3533 904 3548 .
922 3535 928 3547 .
945 3480 1164 3566 significamus
1182 3531 1188 3545 .
1206 3531 1212 3545 .
1228 3481 1316 3564 quod
1341 3479 1507 3546 10010010-
1578 3497 1579 3516 ¹

384 3589 506 3654 hannes
522 3587 608 3654 filius
624 3589 742 3654 ‹laeobi
759 3588 870 3656 Goluh
888 3592 927 3656 de
943 3591 1085 3656 elaustro
1095 3591 1184 3655 beati
1194 3589 1305 3673 Egidii
1316 3588 1508 3660 confessoris,
1578 3597 1579 3604 ’

384 3719 522 3762 ananum
539 3698 671 3762 domins
687 3705 791 3762 matre
807 3719 865 3763 sua
882 3700 998 3765 relicta
1014 3698 1156 3764 eiusdem
1170 3698 1195 3764 J
1196 3697 1297 3775 aeobi,
1314 3697 1357 3761 ad
1374 3701 1507 3761 nostram

382 3803 569 3869 secedentes
594 3805 808 3888 personaliter
838 3807 1045 3888 presenciam,
1071 3805 1195 3870 exstitit
1226 3807 1423 3890 propositum
1450 3825 1507 3886 per

383 3914 470 3996 ipsos
488 3964 494 3976 .
511 3962 517 3976 .
535 3913 623 3994 quod
640 3913 803 3996 quandam
820 3915 945 3979 vineam
962 3913 1105 3996 ipsorum
1122 3935 1142 3977 0
1158 3915 1321 3979 sororibus
1339 3921 1373 3979 et
1389 3911 1508 3978 filiabus

384 4021 467 4084 dicte
483 4021 610 4086 domine
636 4021 669 4084 in
694 4021 850 4086 divisione
867 4023 912 4086 eis
928 4022 1122 4100 devolutam,
1138 4023 1172 4086 in
1189 4024 1348 4107 superiori
1365 4022 1508 4088 11000101-

383 4128 462 4192 tatis
478 4128 623 4212 prediote
639 4129 745 4207 sitam,
761 4134 890 4214 aparte
915 4129 1062 4194 meridiei
1087 4130 1174 4194 eirea
1198 4129 1362 4208 fossatam,
1387 4137 1511 4214 aparte

385 4237 576 4303 oecidentali
592 4239 683 4303 vinee
700 4237 859 4322 Stephani
877 4238 1006 4304 Hernat
1031 4245 1227 4322 perveteres
1252 4247 1358 4306 metas
1383 4241 1509 4306 cirrum·

384 4363 512 4427 queque
529 4346 711 4428 existentes,
738 4347 784 4411 010
800 4353 836 4410 ut
850 4346 877 4412 J
877 4345 995 4412 aoobns
1020 4353 1113 4430 pater
1132 4367 1209 4412 suus
1224 4349 1422 4432 possedisset,
1437 4368 1508 4412 eum
1577 4363 1578 4366 ’

384 4453 450 4516 0010
469 4453 665 4520 utilitatibus
682 4475 805 4520 necnon
820 4455 916 4520 terris
933 4455 974 4519 ad
990 4475 1062 4520 eam
1078 4456 1297 4539 pertinenciis,
1319 4478 1377 4540 pro
1392 4455 1509 4521 anima·

383 4559 443 4624 bns
459 4561 563 4643 patris
574 4567 607 4625 et
615 4561 766 4644 ipsorum,
777 4564 909 4628 00010010
918 4563 1004 4628 beati
1015 4563 1125 4646 Egidii
1135 4562 1261 4630 abbatis
1278 4571 1312 4629 et
1328 4563 1509 4630 oonsessoris

383 4665 588 4751 delegassent
603 4675 637 4733 et
652 4691 759 4736 eoram
775 4671 1116 4756 nobisdelegavernnt,
1133 4693 1191 4755 pro
1209 4677 1400 4738 testamento
1415 4671 1508 4736 dede
