3180 5470
680 477 857 520 nurcnuonr
874 462 1077 520 cnuburria.

843 747 918 811 261.

316 908 409 971 1351.
419 909 491 992 jon.
512 907 562 969 13.
590 904 620 970 A
648 905 765 970 edredi
789 916 915 970 conceal
941 905 1211 992 bizcnysdplccele,
1232 906 1310 990 bopp
1337 905 1458 991 Beqesi

313 1013 514 1100 Dcmja'afia
532 1014 644 1079 Ldezlc'
660 1013 826 1078 Petblendi
843 1013 1036 1099 Mibdlylyal
1051 1013 1199 1095 bibetur,
1216 1039 1230 1078 a
1247 1015 1325 1098 bopy
1344 1011 1455 1078 Cause-

314 1123 391 1186 reret
407 1132 487 1187 narb
509 1121 610 1186 tiriolo
635 1121 812 1206 batdrjeleit
831 1120 982 1186 Pellzlcud
1007 1119 1108 1184 birtok
1127 1121 1210 1206 feld
1235 1121 1325 1184 lrbzda
1351 1133 1456 1208 cpper-

668 1228 793 1294 drldssel
809 1228 1086 1314 rnepdilapitottrib.

421 1392 491 1459 Nos
506 1394 531 1458 J
533 1393 676 1459 ohannes
692 1395 876 1479 prepositus
895 1400 927 1458 et
942 1400 1116 1460 conventus
1136 1397 1325 1461 monasterii
1345 1397 1457 1462 sancti

315 1502 471 1587 Stephani
489 1503 753 1586 prothomartiris
770 1501 809 1566 de
829 1504 1049 1586 promontorio
1066 1503 1297 1569 waradiensi.
1318 1553 1324 1566 .
1350 1506 1456 1588 signi-

314 1613 493 1678 ficamus..
525 1611 611 1694 quod
645 1611 799 1676 Ladislao
835 1610 904 1676 filio
932 1611 1087 1676 Damiani
1112 1611 1152 1676 de
1176 1611 1283 1695 Beges
1309 1635 1349 1677 ex
1374 1633 1457 1688 una,

314 1720 476 1788 Michaele
487 1740 560 1784 vero
570 1718 637 1784 filio
653 1719 746 1784 Petri
762 1719 801 1784 de
816 1718 978 1784 Pethlend
994 1723 1089 1802 parte
1103 1739 1142 1784 ex
1159 1719 1273 1798 altera,
1284 1719 1455 1784 nobilibus

314 1831 353 1895 de
369 1829 525 1894 comitatu
549 1827 735 1894 Bihoriensi
760 1849 870 1894 coram
893 1827 981 1894 uobis
1006 1826 1222 1912 personaliter
1248 1829 1453 1894 constitutis.

314 1941 428 2019 sponte
456 1934 635 2001 consessum
666 1935 791 2000 exstitit
824 1956 882 2017 per
917 1933 1045 2000 eosdem
1062 1985 1093 2000 ..
1126 1935 1212 2019 quod
1238 1957 1334 2019 super
1360 1935 1453 2000 facto

314 2051 472 2111 metarum
482 2045 691 2129 possessionis
707 2043 906 2112 Obeustelek
921 2050 1042 2124 vocate,
1058 2066 1116 2128 pro
1133 2065 1198 2127 qua
1216 2045 1257 2110 lis
1274 2052 1307 2110 ct
1323 2051 1456 2110 contro

313 2153 467 2218 versionis
482 2153 621 2218 materia
636 2153 722 2218 inter
748 2173 800 2218 eos
825 2173 926 2236 usque
951 2153 1045 2218 modo
1072 2152 1186 2218 fuisset
1203 2159 1314 2218 exorta
1329 2160 1363 2218 et
1378 2151 1454 2217 diu-

314 2262 381 2326 cius
404 2261 582 2336 ventillata
599 2261 848 2327 reformantibus
865 2268 897 2325 et
913 2261 1137 2326 ordinantibus
1163 2263 1312 2346 plurimis
1337 2261 1454 2346 probis

314 2369 392 2436 viris
417 2375 527 2454 partes
550 2391 624 2435 suas
648 2369 934 2453 interponentibus,
951 2369 1061 2434 taliter
1085 2369 1324 2447 concordantes
1340 2369 1454 2453 presa.

314 2487 382 2546 tam
396 2486 518 2545 terram
535 2479 731 2548 (lheustelek
755 2485 901 2545 vocatam
917 2501 937 2544 a
952 2479 1151 2562 possessione
1167 2479 1286 2562 prefati
1302 2478 1453 2544 Michae-

279 2584 282 2590 ’
314 2588 354 2652 lis
370 2586 427 2652 filii
442 2586 535 2652 Petri
550 2586 711 2652 Pethlend
735 2592 857 2665 vocata,
883 2579 1003 2650 talibus
1028 2586 1123 2650 metis
1140 2591 1173 2650 et
1195 2586 1296 2668 signis
1320 2586 1452 2651 metali·

292 2695 374 2766 ¹bus
399 2693 440 2760 ab
474 2693 611 2760 invicem
639 2701 827 2779 separantes
855 2694 1094 2760 distinxisscnt:
1120 2695 1227 2778 prima
1252 2694 1335 2759 enim
1361 2701 1453 2760 meta

315 2803 428 2887 incipit
453 2804 539 2869 circa
564 2803 726 2886 quandam
746 2803 830 2870 viam
846 2825 998 2888 magnam
1014 2825 1073 2888 per
1090 2823 1188 2885 quam
1204 2802 1244 2867 de
1260 2802 1452 2886 Kereztzug

313 2912 381 2976 itur
412 2932 523 2977 versus
541 2911 673 2991 Cholch,
696 2933 716 2976 a
741 2912 865 2978 duabus
899 2913 993 2977 metis
1024 2911 1140 2977 terreis
1171 2910 1316 2991 antiquis
1346 2933 1452 2996 prope

316 3019 489 3103 quamdam
507 3019 620 3086 silvam
638 3042 658 3084 a
673 3022 772 3105 plaga
782 3020 1045 3105 septemtrionali,
1062 3027 1095 3086 et
1104 3021 1195 3084 iuxta
1212 3019 1346 3084 eandem
1359 3021 1448 3086 viam

314 3127 403 3193 vadit
418 3127 460 3192 ad
475 3128 607 3211 plagam
623 3129 814 3195 orientalem
831 3151 934 3213 usque
951 3130 992 3194 ad
1009 3128 1181 3211 quemdam
1197 3131 1338 3196 rivulum
1348 3128 1452 3212 Zyler
1581 3121 1582 3184 Ῐ

315 3236 446 3315 dictum,
461 3237 554 3302 iuxta
577 3257 673 3318 quem
690 3259 729 3302 ex
745 3239 844 3322 plaga
860 3238 1052 3304 occidentali
1071 3237 1148 3304 eunt
1163 3238 1226 3302 due
1242 3243 1326 3302 mete
1341 3243 1451 3302 terres

315 3345 466 3426 antique3
483 3351 515 3410 et
530 3345 574 3410 ibi
590 3347 705 3413 relicta
724 3347 795 3430 ipsa
813 3367 931 3430 magna
947 3346 1007 3425 via,
1023 3348 1056 3412 in
1073 3367 1169 3412 cursu
1179 3345 1321 3411 eiusdem
1346 3345 1451 3410 rivuli

315 3452 414 3537 Zyler
438 3453 517 3519 dicti
543 3453 684 3520 declinat
700 3455 742 3520 ad
762 3459 889 3538 partem
915 3453 1166 3534 meridionalem,
1184 3472 1351 3535 quousque
1377 3454 1450 3534 qui-

314 3561 390 3625 dam
414 3561 499 3626 alter
524 3561 647 3628 rivulus
674 3583 730 3628 seu
755 3562 864 3628 alveus
884 3563 971 3629 cadit
990 3563 1154 3628 incursus
1180 3561 1323 3626 eiusdem
1348 3561 1448 3626 rivuli

315 3669 412 3753 Zyler
431 3668 518 3748 dicti,
535 3675 567 3734 et
582 3670 628 3736 ibi
643 3671 677 3735 in
693 3693 789 3737 cursu
816 3672 959 3738 eiusdem
983 3671 1078 3736 rivuli
1103 3669 1245 3735 declinat
1260 3669 1302 3734 ad
1317 3675 1450 3753 partem

315 3777 545 3844 occidentalem
571 3785 603 3844 et
627 3779 716 3845 vadit
739 3779 826 3846 infra
850 3801 952 3864 usque
978 3780 1020 3846 ad
1036 3779 1221 3846 clausuram
1238 3775 1451 3862 Gergurgata

314 3886 443 3965 dictam,
458 3887 492 3951 in
509 3887 599 3953 cuius
615 3887 678 3952 fine
694 3909 733 3951 ex
749 3893 844 3972 parte
869 3888 1030 3973 aquilonis
1046 3893 1123 3953 sunt
1148 3887 1209 3952 due
1231 3893 1315 3952 mete
1342 3892 1451 3951 terroe

313 3995 464 4078 antique3
479 3994 534 4060 ubi
545 3995 658 4062 relicto
669 4017 766 4062 cursu
780 3997 996 4081 ipsiusrivuli
1013 4019 1125 4063 versus
1142 3997 1277 4062 eandem
1294 3995 1448 4060 occiden-

315 4109 380 4168 tem
404 4103 494 4168 radit
518 4105 559 4169 ad
588 4105 761 4186 quamdam
787 4108 937 4173 arborem
962 4106 1044 4172 ilicis
1071 4111 1243 4190 promota
1273 4103 1449 4187 signatam,

314 4211 388 4276 inde
404 4212 548 4279 declinat
563 4234 674 4278 versus
698 4214 866 4278 meridiem
883 4220 914 4279 et
930 4215 1018 4279 vadit
1034 4215 1075 4280 ad
1092 4213 1265 4298 quamdam
1294 4233 1451 4295 magnam
1581 4207 1582 4218 ’

314 4319 407 4398 viam,
438 4340 495 4404 per
527 4341 623 4402 quam
649 4321 689 4385 de
713 4321 897 4406 Kerestzug
922 4323 987 4388 itur
1020 4344 1130 4388 sersus
1160 4320 1325 4406 Kumady,
1356 4319 1453 4386 iuxta

315 4449 413 4511 quarn
429 4428 626 4494 transeundo
642 4428 744 4513 ipsam
770 4431 856 4496 viam
881 4453 992 4497 versus
1018 4431 1152 4497 eandem
1176 4429 1345 4496 meridiem
1372 4435 1453 4511 sunt

315 4535 376 4600 due
401 4540 485 4602 mete
512 4541 617 4601 terreo
643 4537 793 4621 antiquc3
818 4539 893 4604 hinc
909 4538 1084 4605 reflectitur
1108 4561 1219 4605 versus
1249 4537 1452 4604 occidentem

316 4650 347 4710 et
379 4644 466 4710 vadit
498 4643 540 4710 ad
571 4646 741 4728 quemdam
766 4647 865 4713 alium
896 4647 1036 4714 rimrlum
1060 4648 1226 4716 Vaesaner
1252 4650 1384 4727 dictum,
1419 4661 1454 4722 et
