3180 5470
566 477 660 538 1350.
680 478 813 538 ((11.12.

130 653 334 720 denariorum
366 655 603 737 viennensium,
634 675 776 720 marcam
808 654 986 737 quamlibet
1017 677 1089 720 cum
1121 663 1261 738 quatuor

131 765 237 846 pensis
253 764 477 846 computando,
494 765 585 829 iuxta
601 764 836 830 continenciam
855 763 1024 829 literarum
1050 765 1183 849 capituli
1200 766 1261 830 Po-

128 872 283 936 soniensis
299 872 483 956 patencium
508 871 585 936 olim
610 871 738 954 pignori
765 870 971 954 obligassent,
996 872 1099 938 eidem
1123 873 1261 940 Nicolao

129 979 191 1043 fiho
207 978 339 1045 Mathie
355 1000 414 1063 pro
431 979 543 1045 eadem
562 981 697 1063 pecunie
723 981 907 1062 quantitate
932 980 1080 1048 videlicet
1105 987 1260 1062 quatuor-

128 1086 228 1152 decim
245 1109 427 1154 marcarum
451 1088 546 1172 plene
561 1095 599 1153 ut
615 1088 807 1154 asseruisset
822 1093 856 1153 et
871 1088 1076 1170 integraliter
1092 1088 1133 1154 ab
1149 1089 1259 1156 eodem

126 1193 262 1260 Nicolao
278 1193 345 1261 filio
360 1195 487 1262 Mathia
503 1195 649 1280 receptis,
674 1196 822 1262 similiter
847 1195 984 1262 confessi
1000 1196 1137 1262 fuissent
1153 1219 1186 1262 se
1203 1199 1259 1262 im·

127 1304 316 1386 pignorasse
332 1303 553 1369 redimendam
570 1305 647 1368 dum
663 1309 793 1387 possent
809 1304 850 1370 ab
866 1304 987 1382 eodem,
1011 1311 1043 1370 et
1059 1305 1164 1371 medio
1181 1312 1259 1370 tem-

125 1433 200 1495 pore
217 1412 323 1478 eidem
340 1411 589 1496 expediendam
611 1413 743 1494 insuper
758 1411 844 1476 idem
859 1411 1017 1478 Nicolaus
1032 1412 1118 1478 filius
1130 1413 1258 1480 Mathie

125 1519 289 1586 adiecerat
305 1541 342 1586 eo
359 1519 463 1603 mode,
488 1520 681 1602 quodunam
706 1520 804 1585 aliam
829 1521 1022 1604 particulam
1039 1527 1125 1586 terre
1141 1522 1259 1590 ibidem

124 1629 253 1692 nomine
269 1633 356 1694 terre
382 1629 424 1694 ad
449 1628 568 1694 dictam
593 1629 824 1712 possessionem
849 1625 945 1714 Apey
969 1629 1170 1713 pertinentis,
1196 1651 1259 1714 que

123 1741 232 1800 tamen
249 1736 290 1800 ad
307 1757 398 1802 snam
415 1737 648 1822 possessionem
659 1735 798 1821 Moytuh
814 1742 959 1802 vocatam
969 1743 1075 1802 etnon
1086 1737 1127 1802 ad
1138 1739 1256 1804 dictam

123 1843 219 1930 Apey
235 1845 401 1924 attineret,
416 1867 573 1930 occupare
590 1845 737 1911 officialis
754 1844 831 1910 dicti
857 1845 976 1911 domini
992 1846 1129 1930 palatini
1155 1847 1257 1911 inten-

123 1953 234 2017 disset.
252 1949 379 2036 Quibus
389 1955 557 2038 perceptis,
567 1975 639 2018 cum
651 1953 866 2036 nospartibus
884 1953 1064 2019 volentibus
1079 1975 1137 2038 per
1152 1955 1257 2038 regios

126 2067 160 2124 et
176 2061 313 2143 capituli
329 2061 534 2126 Posoniensis
550 2062 696 2126 homines
712 2062 745 2126 in
762 2061 884 2126 octavis
900 2061 1145 2128 Purificacionis
1163 2060 1256 2128 beate

121 2169 256 2251 virginis
272 2169 305 2234 in
322 2169 467 2253 predicto
482 2190 567 2234 anno
583 2169 755 2252 preteritis,
770 2169 917 2252 partibus
942 2170 993 2234 vel
1018 2191 1128 2236 earum
1145 2191 1257 2254 procu·

122 2275 287 2341 ratoribus
304 2277 516 2360 presentibus
542 2283 645 2342 metas
670 2275 830 2342 dictarum
846 2278 1083 2360 possessionum
1108 2279 1255 2362 parcium

121 2384 154 2448 in
171 2383 290 2466 quibus
307 2407 375 2450 sese
392 2385 567 2468 attingunt,
582 2385 694 2450 vicinis
705 2387 974 2450 etcommetaneis
984 2385 1050 2452 suis
1065 2387 1256 2464 convocatis,

119 2494 213 2557 insta
238 2515 352 2558 cursus
378 2514 452 2558 suos
482 2515 574 2558 veros
599 2499 631 2558 et
656 2494 807 2576 antiquos
832 2493 941 2560 debito
967 2494 1063 2560 modo
1088 2500 1120 2559 et
1144 2493 1256 2560 ordine

120 2601 352 2684 perambulari,
369 2609 402 2666 et
427 2602 601 2668 secundum
618 2601 704 2686 ipsos
730 2624 843 2668 cursus
868 2610 1025 2668 metarum
1041 2604 1075 2666 in
1092 2623 1129 2666 eo
1145 2607 1255 2666 utrum

117 2709 270 2792 predicta
285 2709 445 2793 particula
470 2716 564 2787 terre,
590 2731 687 2792 quam
713 2710 817 2775 dictas
843 2709 999 2776 Nicolaus
1024 2711 1109 2776 filius
1125 2709 1254 2774 Mathis

119 2817 159 2880 de
175 2819 380 2901 possessione
396 2817 533 2902 hloytuh
550 2817 696 2900 predicta
712 2817 882 2884 officialem
905 2821 1005 2903 ipsius
1031 2820 1150 2884 domini
1165 2819 1254 2902 pala-

118 2923 180 2988 tini
198 2944 357 3007 occupare
375 2923 550 2990 intendisse
567 2923 701 3007 dicebat,
727 2926 769 2990 ad
786 2927 922 2991 eandem
938 2926 1077 3011 Maytuh
1093 2926 1141 2990 vel
1158 2925 1254 3010 Apey

115 3031 298 3114 predictam
324 3031 494 3096 attinuerit
524 3037 557 3097 et
584 3033 732 3112 attineat,
757 3055 813 3099 seu
835 3035 919 3099 inter
944 3057 1056 3100 cursus
1088 3041 1248 3100 metarum

116 3139 262 3206 eiusdem
278 3141 487 3224 possessionis
504 3139 644 3225 Maytuh
663 3148 720 3206 aut
746 3143 830 3208 dicte
854 3143 1063 3227 possessionis
1088 3141 1183 3228 Apey
1199 3165 1251 3208 ex·

116 3249 239 3313 stiterit
255 3254 288 3313 et
304 3248 429 3330 existat,
440 3249 672 3314 conscienciose
687 3249 799 3315 habito
815 3250 874 3315 deo
890 3273 948 3334 pre
964 3251 1064 3316 oculis
1080 3251 1251 3316 revidendo

115 3355 282 3420 verissime
309 3355 505 3422 considerari
529 3357 698 3422 veritatem
724 3363 756 3421 et
780 3359 941 3442 perpendi,
967 3381 1005 3425 ac
1029 3359 1157 3423 demum
1179 3379 1251 3442 pre-

114 3463 223 3528 dictas
239 3463 417 3548 particulas
438 3469 524 3529 terre
548 3464 707 3547 litigiosas
732 3465 844 3530 ambas
870 3467 973 3550 regali
998 3489 1149 3532 mensura
1165 3487 1250 3531 men-

116 3571 262 3636 surando
279 3570 327 3635 vel
344 3573 413 3636 visu
430 3572 668 3651 considerando,
685 3574 859 3638 secundum
875 3575 966 3658 regni
986 3574 1250 3640 consuetudinem

115 3679 275 3758 estimari,
307 3700 345 3744 ac
369 3681 472 3745 tocius
497 3679 574 3746 facti
601 3681 715 3746 seriem
740 3683 781 3746 ad
807 3689 953 3748 octavum
980 3683 1064 3748 diem
1090 3685 1122 3748 in
1147 3684 1250 3750 literis

111 3787 219 3870 ipsius
236 3787 370 3870 capituli
387 3788 593 3854 Posoniensis
620 3811 678 3873 per
693 3797 802 3874 partes
819 3791 910 3856 nobis
935 3794 1097 3876 reportari
1122 3795 1249 3858 commi-

112 3897 287 3977 sissemus3
306 3897 437 3961 tandem
453 3897 523 3980 ipso
538 3897 676 3962 termino
693 3901 925 3982 reportacionis
942 3901 1035 3965 seriei
1052 3901 1249 3980 adveniente,

111 4004 229 4068 eodem
246 4004 375 4068 domino
391 4004 536 4088 palatino
553 4007 765 4088 personaliter
785 4013 922 4088 astante,
932 4008 1077 4092 prefatus
1094 4008 1248 4076 Nicolans

109 4111 203 4176 filius
235 4109 362 4176 Mathia
393 4133 453 4195 pro
484 4133 518 4177 se
548 4113 761 4195 personaliter
792 4122 824 4180 et
854 4137 913 4200 pro
944 4116 1063 4182 eisdem
1094 4117 1249 4183 fratribus

111 4220 183 4284 suis
200 4241 274 4284 cum
290 4219 524 4301 procuratoriis
540 4221 644 4287 literis
661 4271 668 4286 .
686 4271 692 4286 .
709 4223 933 4306 comparanda
952 4223 1142 4289 exhibuerat
1158 4226 1249 4292 nobis

108 4327 230 4392 literas
247 4325 325 4392 dicti
346 4327 480 4409 capituli
496 4329 700 4395 Posoniensis
717 4332 925 4410 continentes,
951 4333 1037 4416 quod
1055 4331 1193 4417 Andpch
1209 4334 1248 4399 dc

110 4433 210 4519 Ogya
226 4441 261 4499 et
277 4435 432 4500 Matheus
457 4435 496 4499 de
516 4435 673 4521 Kapalna
689 4439 834 4504 homines
850 4440 939 4523 regii,
965 4439 1167 4523 presentibus
1183 4465 1248 4508 ma·

109 4543 216 4625 gistro
242 4540 348 4607 Paulo
374 4542 526 4608 canonico
552 4549 584 4608 et
608 4544 744 4610 Nicolao
770 4547 937 4630 capellano
961 4549 1152 4614 testimoniis
1169 4551 1248 4616 dicti

108 4648 248 4733 capituli
264 4649 480 4730 Posoniensis,
499 4652 533 4716 in
558 4651 643 4717 dicto
660 4654 796 4718 termino
821 4654 955 4738 prefatis
981 4656 1091 4721 vicinis
1117 4663 1150 4722 et
1165 4679 1247 4723 com-
