3180 5470
661 529 668 546 ·
686 517 872 562 uurouuom
889 504 1103 562 osnlurulu.

846 751 919 813 251.

320 931 415 992 1350.
431 941 486 993 oct.
504 930 555 992 21.
582 925 610 991 A
628 929 728 992 turici
742 927 897 1013 lodptahm
914 928 985 993 elt'tt
1003 954 1041 995 oz
1057 931 1265 1016 apdcartkaok
1285 931 1447 995 bokos-nu-

315 1037 406 1122 qperi
423 1035 529 1121 birrijo
546 1034 613 1100 root
630 1039 699 1099 meis
716 1035 960 1122 holda-mepperi
975 1037 1173 1123 fh'ldcsurulo
1188 1039 1328 1103 birdiual
1347 1041 1377 1102 e's
1388 1039 1448 1122 joh

317 1143 491 1230 bdqpoicol
525 1152 629 1230 eppittt
662 1143 821 1228 oldadjo'k,
856 1147 935 1231 hopy
965 1142 1086 1210 Hos'szo
1111 1146 1264 1212 Sahrmon
1295 1147 1450 1210 bacdouiri

316 1251 403 1316 asido
426 1276 463 1316 uz
488 1253 630 1336 apdczu'lc
654 1251 745 1338 oppilo
762 1250 923 1338 jobbdpya
954 1253 1032 1317 ellan
1055 1255 1206 1340 addssdpi
1224 1266 1298 1340 pert
1323 1255 1450 1336 inditotq

317 1358 457 1426 azoaboa
495 1359 715 1424 hovmodszori
748 1358 882 1424 mazare
921 1381 985 1422 sem
1014 1361 1160 1444 jetoauda
1198 1384 1277 1446 cnop,
1312 1384 1450 1446 pernora-

802 1467 879 1530 tcsst
892 1466 965 1530 cdli.

424 1647 494 1713 Nos
511 1646 689 1730 capitulum
705 1613 866 1711 Budensis
877 1646 1009 1712 ecclesie
1019 1649 1171 1714 memorie
1182 1650 1451 1728 commendamus,

317 1757 404 1838 quod
428 1755 541 1820 Fatus
567 1754 694 1822 villicus
720 1753 924 1838 iobagionum
949 1756 1244 1822 sanctimonialium
1269 1759 1310 1823 de
1335 1759 1452 1824 Belas-

317 1887 436 1949 meger,
452 1866 530 1930 item
547 1863 691 1930 Michael
708 1863 813 1928 dictus
830 1863 918 1944 Zeel,
934 1862 959 1927 J
960 1864 1103 1929 ohannes
1119 1865 1204 1932 filius
1215 1867 1308 1932 Petri
1325 1867 1451 1952 iobagio

317 1974 439 2059 domini
456 1971 583 2037 abbatis
600 1971 639 2036 de
655 1970 755 2056 Pylis,
771 1969 797 2035 J
797 1969 940 2035 ohannes
957 1969 1041 2036 filius
1052 1971 1215 2038 Dominioi
1225 1972 1354 2039 villicus
1370 1974 1452 2041 ioha-

317 2083 449 2166 gionum
475 2079 637 2164 quondam
662 2078 811 2161 magistri
837 2077 1004 2161 Stephani,
1029 2080 1146 2146 Petrus
1171 2081 1259 2146 filius
1285 2081 1453 2166 Stephani,

317 2188 503 2274 Stephanus
528 2189 613 2256 filius
639 2188 776 2254 Antonii
807 2188 933 2254 villicus
965 2188 1169 2272 iobagionum
1201 2199 1455 2272 nostrorumst

318 2299 437 2364 Petrus
462 2297 548 2365 filius
574 2297 702 2364 Nicolai
733 2297 876 2380 hospites
902 2297 940 2361 de
966 2297 1078 2362 eadem
1097 2299 1318 2384 Behasmeger
1345 2323 1454 2368 coram

318 2406 410 2472 uobis
428 2405 605 2484 constituti,
623 2405 818 2470 unanimiter
844 2412 876 2470 et
901 2405 1102 2472 concorditer·
1127 2407 1277 2474 dixerunt
1297 2431 1336 2474 eo
1353 2409 1455 2491 modo,

318 2515 492 2596 quodcum
509 2497 660 2580 Salomon
676 2512 791 2595 longus
815 2512 929 2578 iudeus
955 2513 994 2577 de
1019 2519 1125 2579 castro
1146 2515 1301 2596 Budeusi,
1317 2516 1454 2601 Stepha-

285 2702 291 2711 .
316 2645 394 2688 num
409 2622 612 2705 iobagionem
628 2625 938 2704 prememoratarum
964 2621 1257 2689 sanctimonialium
1272 2624 1314 2689 de
1330 2625 1454 2690 Belas-

316 2751 434 2814 meger,
450 2731 596 2814 legitima
612 2729 766 2794 citaoione
783 2728 949 2811 premissa,
976 2729 1104 2793 racione
1129 2729 1239 2796 decem
1256 2729 1451 2798 florenorum

318 2845 351 2904 et
367 2859 539 2904 usurarum
565 2841 946 2920 superaugmentatarum
961 2837 995 2900 in
1011 2838 1211 2920 presenciam
1228 2840 1278 2904 sui
1295 2839 1396 2906 villici
1420 2839 1452 2904 iu

319 2968 454 3012 oausam
479 2945 676 3026 attraxisset,
702 2944 898 3008 intermino
924 2943 1044 3010 eisdem
1068 2944 1144 3010 dato
1178 2945 1264 3012 idem
1295 2945 1451 3014 Salamon

318 3056 430 3120 iudeus
466 3061 578 3120 contra
602 3055 708 3137 ipsum
740 3052 951 3136 Stephanum,
977 3059 1014 3117 ut
1041 3054 1234 3136 premissum
1265 3061 1324 3139 est,
1358 3077 1452 3139 super·

320 3165 429 3230 decem
454 3161 592 3227 florenos
618 3168 651 3227 et
676 3182 791 3228 usuras
816 3181 912 3244 super
937 3160 1065 3226 eosdem
1080 3169 1316 3244 augmentatas,
1346 3185 1452 3231 coram

319 3272 426 3337 villico
443 3277 475 3335 et
491 3270 569 3353 ipsis
585 3289 715 3335 oausam
733 3290 824 3334 suam
850 3267 1095 3348 manifestasset,
1111 3275 1144 3333 et
1158 3269 1244 3336 idem
1259 3270 1389 3336 villicus
1412 3271 1453 3338 ad

317 3378 511 3463 peticionem
526 3379 669 3444 eiusdem
694 3376 851 3460 Stephani
876 3377 967 3440 iuxta
993 3377 1254 3444 consvetudinem
1278 3376 1452 3444 commuuiss

317 3488 396 3552 tatis
411 3507 468 3552 seu
483 3485 700 3568 possessionis,
717 3484 821 3549 eidem
846 3482 1011 3568 Stephano
1037 3485 1210 3550 terminum
1236 3487 1454 3568 responsionis

318 3601 435 3662 contra
449 3593 583 3686 obiecta,
600 3593 658 3659 sub
675 3615 713 3659 ea
728 3593 914 3658 condicione
930 3592 1016 3676 quod
1035 3613 1223 3676 quecunque
1239 3596 1389 3676 parcium
1413 3594 1456 3659 ad

319 3705 495 3770 terminum
511 3724 576 3766 non
593 3703 722 3780 veniret,
738 3723 831 3766 suam
846 3721 978 3768 causam
1003 3702 1153 3784 perderet
1178 3707 1210 3765 et
1234 3703 1383 3767 convicta
1398 3703 1455 3766 ha-

288 3837 289 3840 *
317 3815 451 3878 beretur
468 3831 505 3874 eo
521 3808 614 3888 facto,
630 3809 844 3892 assignasset3
861 3809 931 3890 ipso
956 3813 1067 3873 autem
1091 3808 1229 3874 termino
1255 3807 1456 3886 adveniente,

316 3922 403 3989 idem
417 3919 602 4004 Stephanus
629 3939 737 3983 coram
762 3915 866 3982 villico
892 3937 950 3980 suo
975 3922 1008 3980 et
1032 3916 1111 3999 ipsis
1136 3915 1181 3980 ibi
1206 3915 1456 3981 consedentibus

317 4027 553 4110 comparuisset
568 4030 605 4089 ut
620 4024 792 4103 debuisset,
809 4023 866 4088 sed
881 4021 1045 4106 predictus
1061 4023 1175 4089 iudeus
1195 4041 1299 4106 neque
1315 4024 1457 4088 venisset

319 4156 424 4219 neque
441 4155 500 4218 pro
516 4153 550 4198 se
567 4133 707 4216 aliquem
723 4133 973 4212 transmisisset3
989 4130 1117 4196 demum
1142 4131 1183 4196 ad
1203 4129 1459 4196 convincendam

317 4244 554 4313 contumaciam
571 4243 714 4308 eiusdem
730 4242 817 4307 iudei
845 4241 1021 4306 secundum
1046 4240 1228 4319 terminum,
1254 4239 1370 4304 deiude
1387 4247 1457 4304 ter-

317 4357 401 4422 cium
437 4353 611 4418 terminum
642 4352 762 4417 eisdem
794 4349 941 4435 partibus
970 4348 1116 4432 predicto
1146 4349 1241 4414 iudeo
1271 4349 1459 4415 nunciaudo

317 4463 554 4544 assignassent3
571 4466 603 4524 et
627 4459 706 4542 ipsis
723 4459 964 4525 occurrentibus
991 4457 1149 4536 terminis,
1165 4457 1250 4523 idem
1266 4455 1459 4540 Stephanus

318 4570 506 4636 intermino
522 4569 735 4652 comparendo
755 4569 898 4652 legitime
925 4589 1018 4632 suum
1043 4565 1263 4630 adversarium
1288 4571 1461 4648 expectas·

317 4684 375 4756 set,
392 4677 448 4742 sed
464 4677 550 4741 idem
565 4676 676 4742 iudeus
693 4697 798 4758 neque
814 4675 1028 4759 personaliter
1039 4693 1232 4756 comparere,
1243 4693 1301 4738 uec
1311 4671 1461 4755 aliquem
