3138 5462
503 431 598 493 1347.
614 448 702 494 sarr.
721 432 771 494 14.
1135 434 1198 496 119

82 608 165 675 Pauli
180 607 219 672 de
236 606 346 674 Olnad
362 608 575 692 personaliter
600 615 693 692 parte
710 631 749 673 ex
765 608 870 676 altera
893 611 934 676 ad
952 617 1094 676 nostram
1111 633 1199 677 acce-

82 718 181 782 dentes
205 716 416 799 presenciam,
440 717 552 782 literas
578 717 713 799 predicti
738 718 874 802 capituli
890 719 1097 785 Wachiensis
1113 720 1200 802 regie
1240 719 1242 724 ’

82 827 241 908 rescnptas
257 825 425 890 serenitati
440 825 531 890 nobis
547 832 752 908 presentarat
768 827 976 906 continentes,
994 827 1080 909 quod
1091 827 1198 910 ipsum

83 933 248 1016 capitidum
274 933 470 999 Wachiense
487 985 493 998 .
510 983 516 997 .
533 955 605 998 cum
622 934 749 1017 prelato
765 935 928 1000 Michaele
944 935 1010 1000 filio
1026 935 1199 1002 Michaelis

82 1044 115 1107 dc
129 1039 214 1106 Goth
231 1042 359 1106 homine
376 1043 473 1125 regie,
497 1061 597 1107 uuum
614 1064 652 1106 ex
669 1042 771 1126 ipsis.
789 1092 795 1107 .
813 1042 1014 1127 Stephanum
1030 1045 1152 1109 socium
1168 1048 1201 1108 et

83 1151 318 1216 concanonicum
343 1150 485 1232 ipsorum
510 1152 764 1216 transmisissent
788 1173 847 1235 pro
873 1152 1055 1216 testimonio
1072 1152 1113 1216 ad
1129 1172 1200 1236 pre·

82 1261 170 1324 missa
192 1259 399 1339 exequenda3
431 1259 486 1341 qui
512 1258 642 1342 quidem
667 1260 762 1323 homo
793 1261 900 1342 regius
924 1261 1055 1324 tandem
1081 1258 1123 1324 ad
1148 1280 1201 1325 eos

83 1389 217 1432 reversus
241 1417 273 1430 ..
299 1367 466 1432 retulisset
480 1367 542 1430 isto
558 1366 661 1446 mode,
692 1368 778 1450 quod
808 1369 877 1450 ipse
903 1389 968 1432 una
992 1389 1066 1432 eum
1089 1368 1199 1432 eodem

83 1475 253 1541 testimonio
269 1475 422 1558 ipsorum,
439 1476 472 1540 in
489 1475 631 1540 crastino
648 1481 834 1542 octavarum
861 1475 924 1540 diei
950 1476 1104 1542 Oinerum
1129 1497 1201 1558 pre·

82 1585 229 1649 dictarum
260 1585 470 1648 accessissent
500 1583 542 1648 ad
573 1582 688 1648 faciem
720 1583 933 1664 quarumdam
967 1583 1201 1666 particularum

82 1705 157 1758 terre
181 1698 213 1756 et
237 1691 308 1756 loca
333 1692 571 1775 piscaturarum
597 1691 630 1754 in
656 1690 781 1755 duabus
807 1690 1073 1773 angulacionibus
1105 1693 1201 1774 vulgo

82 1801 198 1884 Zygeth
214 1800 334 1864 uocatis
351 1849 357 1864 .
374 1849 381 1863 .
398 1801 617 1872 existendum,
634 1821 692 1882 per
709 1799 937 1865 adduccicnem
954 1807 986 1865 et
1002 1799 1200 1865 demonstra·

82 1911 194 1973 cionem
211 1909 358 1990 magistri
379 1907 455 1972 Dok
470 1907 602 1989 literati,
617 1907 755 1991 legitimi
764 1909 983 1990 procuratoris
994 1907 1071 1972 dicti
1081 1907 1201 1972 domiui

82 2017 212 2100 episcopi
236 2013 418 2099 Agriensis,
444 2023 478 2081 et
494 2016 621 2080 easdem
637 2015 750 2082 ricinis
766 2025 798 2081 et
815 2017 1042 2082 commetaneis
1058 2015 1201 2100 ipsarum

82 2127 214 2210 legitime
238 2126 419 2191 convocatis
446 2131 479 2189 et
502 2123 624 2189 eisdem
648 2125 861 2208 presentibus
886 2124 1133 2208 specialiterque
1150 2144 1202 2187 co-

82 2256 144 2298 ram
169 2231 302 2299 Andrca
327 2239 360 2297 et
384 2233 535 2298 Emerico
560 2231 690 2297 famulis
722 2238 754 2296 et
778 2225 913 2298 Andrea
947 2232 1052 2298 villico
1084 2231 1202 2314 prelati

83 2343 228 2427 Stephani
245 2342 313 2406 tilii
321 2343 417 2406 Pauli
440 2341 479 2406 de
496 2339 613 2420 Olnad‚
638 2341 725 2424 ipsas
751 2341 928 2424 particulas
953 2347 1039 2406 terre
1070 2347 1102 2405 et
1132 2341 1203 2406 loca

81 2453 309 2534 piscaturarum
326 2451 448 2516 seilicet
473 2451 706 2535 dimidietatem
723 2451 850 2531 antiqui
867 2455 992 2514 meatus
1008 2448 1096 2514 fluvii
1109 2449 1201 2534 Saye,

82 2582 154 2644 quas
164 2561 246 2625 idem
256 2558 497 2642 magister-Dok
507 2565 697 2642 procurator
711 2558 812 2641 ipsius
824 2559 944 2623 domini
962 2558 1103 2642 episcopi
1116 2559 1203 2622 iutra

82 2673 174 2731 metas
190 2665 398 2751 possessionis
409 2665 578 2748 Hyduegh
595 2665 795 2742 asseruisset,
811 2667 1051 2747 recaptirasset,
1069 2665 1202 2746 recapti-

81 2783 223 2858 ratasque
240 2795 312 2839 cum
332 2774 393 2856 ipsi
409 2773 538 2838 easdem
554 2774 681 2837 nomine
697 2773 776 2838 iuris
792 2773 876 2838 dicte
888 2772 1019 2838 ecclesie
1030 2771 1202 2855 Agriensis

82 2893 112 2948 ut
137 2892 237 2948 terras
262 2887 295 2948 et
321 2883 502 2965 piscaturas
528 2881 569 2946 ad
594 2880 753 2964 prefatam
778 2881 1009 2964 possessionem
1034 2879 1204 2965 Hydwegh

82 2994 233 3076 pertinere
258 2993 413 3058 debentes
439 2993 662 3074 prenominato
688 2990 817 3055 domino
842 2989 979 3056 Nioolao
1005 2990 1153 3074 episcopo
1169 2991 1202 3054 in

82 3121 272 3184 personaque
290 3122 350 3164 sna
365 3099 468 3164 eidem
485 3099 639 3182 magistro
650 3097 726 3163 Dok
736 3099 865 3162 literato
882 3103 1026 3162 statuere
1041 3097 1202 3176 voluisset,
1263 3165 1268 3176 ,

83 3210 202 3274 tandem
217 3209 315 3274 iidem
331 3207 482 3274 Andreas
499 3213 532 3271 et
552 3207 722 3272 Emericus
748 3205 861 3270 famuli
887 3212 919 3270 et
944 3204 1027 3270 alter
1052 3202 1204 3271 Andreas

82 3316 197 3382 villicus
212 3317 281 3381 rice
291 3322 324 3380 et
334 3315 460 3380 nomine
476 3315 577 3397 ipsius
594 3313 751 3397 Stephani
764 3312 821 3377 filii
832 3311 929 3378 Pauli
947 3312 1067 3377 domiui
1084 3335 1204 3394 eorum,

84 3425 162 3507 ipsos
190 3447 252 3490 non
278 3445 299 3489 a
323 3423 581 3488 reamhulacione
613 3423 668 3487 sed
694 3443 714 3487 a
739 3423 918 3486 stetucione
951 3427 1203 3486 memoratarum

83 3534 308 3614 particularum
324 3539 410 3596 terre
427 3537 459 3596 et
474 3532 713 3614 piscaturarum
738 3528 979 3612 prohibuissent
997 3530 1123 3594 nemine
1139 3527 1203 3593 alio
1276 3579 1279 3584 .

84 3641 312 3706 contradictore
338 3645 533 3724 apparente3
557 3645 589 3702 et
614 3639 691 3722 quia
716 3638 814 3702 series
838 3637 1065 3719 ‘predictarum
1092 3621 1201 3702 litera-

83 3770 145 3812 rum
176 3757 360 3812 nostrarum
394 3748 454 3812 hoc
487 3745 689 3828 exprimeret,
721 3751 758 3808 ut
783 3746 809 3808 si
836 3744 940 3808 dictus
967 3744 1151 3826 Stephanus
1168 3745 1202 3808 in
1301 3789 1307 3796 ·

82 3859 328 3940 recaptivacione
344 3863 376 3920 et
391 3856 570 3921 statncione
587 3855 771 3936 aliquarum
797 3853 1032 3937 particularum
1051 3860 1137 3918 terre
1152 3853 1203 3917 vel

82 3966 193 4046 piscine
209 3960 452 4042 contradiceret,
463 3964 568 4047 ipsum
578 3964 679 4028 citare
688 3983 751 4027 non
762 3960 975 4040 incumberet,
993 3961 1070 4042 quia
1082 3960 1205 4044 absque

83 4073 208 4154 aliquali
226 4067 382 4138 citacione
392 4071 424 4136 in
436 4071 486 4136 die
497 4071 729 4155 reportacionis
747 4069 839 4134 seriei
856 4069 1086 4152 premissorum
1097 4090 1206 4135 coram

83 4180 165 4245 nobis
180 4179 395 4263 comparando
410 4179 573 4244 racionem
598 4199 654 4243 sue
671 4177 938 4243 contradiccionis
963 4176 1097 4242 reddere
1113 4197 1205 4259 opor-

84 4295 167 4366 teret,
193 4289 266 4353 ideo
292 4309 355 4352 non
386 4287 540 4351 citassent
566 4284 768 4369 Stephanum
795 4285 1035 4368 supradictum3
1068 4290 1100 4348 et
1127 4284 1205 4364 qnia

85 4405 152 4462 tunc
167 4398 199 4460 in
216 4395 282 4462 illis
298 4393 444 4478 partibus
460 4395 493 4459 in
511 4393 629 4474 quibus
645 4392 789 4476 predicte
805 4391 1020 4476 possessiones
1037 4391 1206 4476 Hydwegh

84 4513 111 4570 et
126 4506 229 4572 Olnad
254 4505 461 4586 haberentur,
486 4503 586 4568 nimia
601 4503 773 4570 inundaeio
798 4523 958 4584 aquarum
984 4500 1205 4585 prevaluisset,

85 4613 120 4678 ob
136 4614 193 4680 hoc
217 4613 279 4699 ipsi
306 4618 471 4698 protectas
490 4609 668 4696 particulas
684 4617 769 4675 terre
786 4616 818 4674 et
833 4609 1014 4694 piscaturas
1030 4630 1089 4674 nec
1104 4629 1206 4674 ream·
