3226 5462
372 491 412 558 58
719 513 907 562 arrouxonr
924 499 1137 560 oxrrturmtx.

370 697 436 757 quo
453 681 604 760 percepto
622 676 765 759 profatus
792 675 889 740 Marlr
909 675 995 742 filius
1015 677 1096 742 Ivan
1122 699 1180 762 pro
1206 676 1317 742 codem
1343 679 1498 759 magistro

369 783 465 848 Denlr
483 785 611 850 domino
628 808 685 851 suo
703 835 709 850 .
727 837 733 851 .
750 807 933 869 exsurgens,
959 787 1172 868 responderat
1187 785 1228 850 ab
1245 786 1388 861 adverso,
1414 784 1497 868 quod

369 897 557 975 prenotatus
577 895 732 976 magister
755 893 852 958 Denk
868 943 875 956 .
893 944 899 957 .
917 895 949 958 in
967 893 1051 959 facto
1077 893 1238 958 dictarum
1263 893 1498 978 possessionum

370 999 567 1086 Byztrelrezy
599 1007 632 1066 et
659 1002 877 1087 Rennulrkezy
909 1009 1095 1068 vocatarum
1126 1003 1341 1067 instrumenta
1366 1000 1499 1066 haberet

370 1109 526 1190 vigorosa,
537 1131 599 1192 que
611 1109 695 1175 idem
711 1111 867 1193 magister
881 1108 979 1174 Dcnk
996 1159 1002 1173 .
1020 1161 1026 1174 .
1043 1111 1076 1173 in
1093 1111 1230 1176 termino
1246 1127 1304 1193 per
1320 1130 1377 1174 nos
1394 1109 1497 1174 eidem

371 1217 565 1299 assignando
581 1216 704 1283 valeret
719 1218 878 1282 exhibere.
895 1215 1029 1283 Etcum
1045 1239 1103 1284 nos
1118 1218 1168 1284 bis
1184 1219 1344 1300 perceptis
1362 1217 1497 1282 eundem

282 1395 286 1400 ,
368 1323 468 1389 Marlx
492 1324 594 1390 filium
619 1323 701 1390 Ivan
726 1325 906 1408 legitimum
938 1331 1180 1409 procuratorem
1215 1327 1315 1410 ipsius
1350 1327 1498 1409 magistri

368 1433 465 1498 Denlx
481 1433 514 1496 in
531 1455 576 1512 eo,
593 1441 702 1498 utrum
719 1435 787 1518 ipse
805 1436 1028 1516 procuratorio
1049 1434 1242 1499 auctoritate
1268 1433 1355 1498 dicta
1381 1435 1498 1498 instru-

369 1547 479 1607 menta
504 1541 645 1606 eiusdem
671 1541 792 1606 domini
809 1543 858 1606 sui
875 1543 902 1606 si
919 1564 983 1625 qua
1000 1543 1032 1606 in
1049 1541 1134 1608 facto
1153 1541 1312 1608 dictarum
1328 1543 1499 1626 possessio·

368 1673 444 1714 uum
471 1648 605 1714 haberet
635 1649 788 1728 confecta,
813 1657 845 1715 et
870 1649 1054 1733 specialiter
1085 1649 1227 1733 prefatas
1253 1649 1364 1714 literas
1396 1650 1499 1732 ipsius

368 1757 501 1842 capituli
519 1757 558 1821 de
575 1757 682 1840 Posga
699 1779 780 1840 quas
797 1759 965 1822 memorati
991 1757 1108 1823 Dobou
1125 1764 1157 1823 et
1173 1757 1330 1824 Nicolaus
1346 1779 1498 1840 procura-

368 1873 453 1932 tores
469 1864 546 1930 dicti
563 1864 683 1929 domini
701 1867 750 1930 sui
776 1867 808 1930 in
835 1864 957 1949 profixo
983 1867 1119 1930 termino
1145 1867 1287 1932 insacia
1313 1866 1498 1935 earumdem

367 1974 604 2057 possessionum
620 1973 818 2057 Byztrelrezy
828 1979 860 2037 et
870 1973 1090 2058 Rsnnulrkezy
1100 1995 1209 2040 coram
1219 1975 1373 2058 predictis
1389 1975 1499 2058 probis

368 2083 442 2148 viris
459 2088 492 2147 et
507 2082 689 2146 testimonio
707 2081 784 2146 dicti
801 2089 974 2147 conventus
991 2082 1030 2147 de
1046 2081 1070 2147 J
1073 2103 1152 2147 azou
1168 2082 1398 2160 exhibuissent,
1417 2090 1496 2148 tunc

368 2191 409 2256 ad
426 2211 556 2274 presens
582 2210 689 2254 coram
709 2189 801 2253 nobis
818 2173 968 2254 exhibere
985 2189 1106 2254 valeret
1122 2211 1246 2266 necne,
1263 2191 1386 2256 vicibus
1401 2191 1498 2256 trinis

368 2299 559 2382 requisitum
591 2296 826 2374 habuissemus
857 2319 932 2362 mox
963 2298 1047 2362 idem
1072 2297 1171 2363 Marlr
1202 2306 1394 2383 procurator
1420 2298 1498 2363 dicti

368 2407 515 2488 magistri
531 2403 628 2468 Denk
653 2427 711 2488 per
735 2404 870 2469 eundem
887 2405 1051 2470 dominum
1078 2429 1171 2472 suum
1196 2414 1273 2472 tunc
1299 2407 1341 2471 ad
1365 2427 1498 2490 presens

368 2514 496 2578 easdem
514 2535 577 2577 ηοη
593 2533 686 2596 posse
703 2512 847 2577 exhiberi
873 2520 1075 2595 asseruerat3
1099 2514 1185 2578 unde
1205 2515 1283 2597 quia
1300 2521 1497 2578 memoratus

368 2623 523 2705 magister
538 2619 635 2686 Dcnlr
650 2618 794 2704 prefatos
810 2620 970 2702 legitimos
990 2628 1216 2705 procuratores
1233 2643 1306 2687 suos
1322 2623 1355 2686 in
1371 2642 1498 2704 proces·

367 2731 455 2795 sibus
472 2729 556 2794 dicte
573 2751 669 2794 crausc
685 2736 718 2794 et
729 2729 761 2793 iu
772 2729 853 2794 facie
869 2728 1029 2794 dictarum
1045 2731 1283 2814 possessionum
1299 2730 1498 2814 Byztrelxezy

368 2835 628 2920 etRennuklrezy
644 2838 880 2902 nominatarum
900 2837 1044 2921 prelatas
1064 2838 1175 2902 literas
1192 2838 1326 2921 capituli
1338 2839 1378 2904 de
1389 2839 1496 2922 Posga

368 2967 474 3012 coram
491 2944 585 3010 dictis
601 2944 710 3026 probis
726 2944 907 3010 hominibus
932 2953 965 3011 ct
988 2943 1172 3010 testimonio
1197 2947 1298 3030 ipsius
1323 2953 1498 3012 conventus

368 3055 408 3118 de
424 3053 448 3119 J
450 3075 528 3118 arou
545 3073 584 3116 ex
599 3052 681 3116 serie
697 3053 916 3134 predictarum
932 3054 1101 3119 literarum
1117 3061 1302 3120 nostrarum
1313 3055 1498 3121 exhibuisse

367 3162 598 3246 reperiebatur,
615 3161 700 3224 idem
725 3181 799 3226 vero
825 3163 923 3228 Marlx
948 3171 1139 3245 procurator
1164 3185 1243 3228 suus
1267 3163 1433 3247 legitimus
1457 3165 1499 3229 ad

367 3279 509 3336 nostram
535 3268 736 3335 iudiciariam
761 3271 1008 3354 requisicionem
1039 3279 1116 3337 tunc
1140 3272 1182 3336 ad
1207 3293 1338 3354 presens
1370 3271 1499 3336 easdem

368 3401 429 3442 nou
446 3394 537 3463 posse
556 3378 708 3445 exhibere
724 3383 892 3464 allegarat,
917 3383 988 3447 ideo
1004 3385 1266 3448 commiseramus
1282 3383 1499 3459 decernentes,

368 3487 453 3570 quod
470 3488 615 3568 prefatus
632 3489 787 3571 magister
804 3491 899 3554 Denlr
916 3497 1078 3572 pretactas
1094 3491 1205 3556 literas
1231 3489 1334 3573 ipsius
1361 3489 1497 3574 crapituli

367 3595 406 3658 de
420 3595 531 3678 Posga
556 3603 588 3660 et
614 3597 695 3662 alias
722 3597 748 3661 si
774 3620 856 3681 quas
887 3599 920 3662 in
951 3597 1036 3664 facto
1068 3599 1229 3664 dictarum
1260 3599 1498 3681 possessionum

367 3704 561 3789 Byztrelrezy
573 3711 606 3770 et
616 3707 834 3792 Rennulrlrezy
844 3707 979 3773 haberet
995 3709 1169 3786 universas,
1185 3705 1387 3774 eamindicio
1398 3708 1499 3771 trium

366 3824 548 3878 marcarum
565 3820 640 3878 ante
664 3813 731 3878 litis
755 3816 936 3897 ingressum
960 3837 1018 3897 per
1043 3817 1148 3898 ipsum
1164 3815 1362 3898 deponendo,
1386 3821 1500 3879 contra

367 3927 538 3986 annotatos
567 3923 737 4002 magistros
762 3922 897 3987 Petrum
924 3929 955 3988 et
981 3923 1172 3988 Ladislaum
1198 3925 1348 3990 similiter
1378 3927 1498 3991 instru-

366 4035 475 4093 menta
506 4031 648 4112 ipsorum
674 4032 707 4096 in
733 4032 818 4097 facto
844 4033 1027 4098 carumdem
1053 4036 1290 4118 possessionum
1322 4034 1499 4116 producere

366 4133 527 4220 debentes,
537 4140 570 4202 in
579 4141 699 4204 octavis
715 4139 787 4205 festi
803 4139 1048 4206 Purificaciouis
1059 4141 1152 4206 beate
1168 4143 1307 4230 virginis
1319 4163 1406 4207 nuuc
1425 4163 1498 4224 pro-

365 4243 451 4308 xime
465 4248 629 4329 preteritis
646 4269 754 4313 coram
772 4248 863 4313 nobis
884 4248 1035 4314 exhibere
1062 4255 1260 4329 tenerentur,
1286 4249 1404 4332 quibus
1420 4249 1498 4316 visis

366 4351 544 4420 laceremus
559 4362 656 4438 prout
671 4355 834 4421 videretur
850 4356 914 4420 iuri
930 4377 1105 4422 consonare
1116 4358 1149 4420 in
1159 4358 1333 4442 premissis.
1350 4358 1499 4424 Tandem

365 4459 444 4542 ipsis
459 4465 579 4528 octavis
590 4462 661 4527 sesti
673 4463 915 4529 Purificacionis
931 4464 1065 4546 virginis
1082 4465 1220 4548 gloriose
1236 4466 1492 4544 occurrentibus,

367 4567 493 4632 Potheu
510 4567 575 4633 filio
601 4567 711 4653 Syuka
728 4592 786 4652 pro
803 4570 956 4652 predictis
982 4573 1146 4655 magistris
1163 4574 1263 4638 Petro
1279 4572 1345 4638 filio
1362 4571 1498 4658 Georgii

368 4681 399 4743 et
415 4675 569 4744 Ladislao
586 4675 651 4741 filio
676 4677 702 4742 J
703 4678 839 4743 ohannis
865 4679 942 4743 dicti
969 4679 1052 4745 Sous
1069 4729 1075 4744 .
1093 4731 1099 4744 .
1118 4702 1226 4746 coram
1242 4681 1334 4746 nobis
1360 4689 1499 4762 astante,
