3138 5462
506 493 601 554 1347.
622 511 690 554 ron.
707 495 758 556 25.
1150 493 1220 556 107·

91 669 163 732 tilios
176 668 313 733 tiliorum
331 718 338 732 .
356 721 361 734 .
378 669 603 752 possidendam
620 719 627 733 .
644 721 650 735 .
667 671 886 736 renunciando
911 673 998 736 omni
1022 673 1084 736 iuri
1111 674 1211 736 omni·

93 799 146 859 qne
159 778 349 860 proprietati
368 777 454 860 qnod
479 777 530 842 vel
555 797 654 860 quam
680 780 713 843 in
738 780 810 862 ipsa
826 829 832 843 .
850 829 856 844 .
873 781 1026 863 porcione
1043 829 1050 843 .
1069 832 1074 844 .
1091 779 1211 846 habere

92 884 299 951 noscebantur.
324 885 448 951 Datum
465 886 498 950 in
513 887 626 970 vigilia
642 886 714 953 festi
730 887 816 952 beati
827 887 852 952 J
854 888 944 954 aoobi
962 889 1109 972 apostoli,
1126 911 1210 953 anno

91 993 197 1058 domini
213 992 265 1058 M⁰
288 991 409 1062 OOOffl⁰
425 993 530 1060 XL¹¹²⁰
548 1015 640 1060 nono.

187 1137 339 1201 Hsrlapjsn
362 1139 454 1202 peccet
475 1141 652 1205 nycmaiva13
672 1139 802 1203 eredetije
824 1155 840 1188 s
859 1139 893 1189 N,
908 1141 1102 1205 Muzeumban,
1126 1157 1142 1190 a
1163 1155 1202 1205 gr.

92 1228 198 1293 Forgr'rcs
217 1243 251 1276 cs.
265 1228 403 1280 resistam

563 1429 724 1436 --—-—--.-

616 1628 669 1692 47.

91 1787 173 1849 1347.
181 1787 243 1870 jad
270 1786 323 1850 25.
350 1785 380 1852 A
397 1785 515 1851 adradi
529 1785 686 1872 kriptalaa
702 1787 773 1851 etta
788 1789 901 1852 Pdrcsi
917 1787 1004 1852 Mite
1020 1788 1095 1872 fiai,
1112 1789 1206 1854 dirto-

244 1894 357 1958 icailcat
372 1894 489 1980 mapale
504 1895 603 1959 kozctt
619 1895 729 1960 hdrorn
745 1896 846 1960 resero
853 1896 1035 1982 felosztjdk.

182 2055 250 2122 Nos
276 2055 456 2138 capitulum
481 2055 613 2121 ecclesie
636 2057 864 2124 Waradiensis
889 2057 1156 2142 ..significamus
1174 2109 1204 2124 ..

87 2165 164 2248 qnod
188 2164 375 2230 :recedentes
401 2164 442 2229 ad
467 2171 612 2230 nostram
646 2167 846 2250 presenciam
871 2167 1015 2250 Pyrinch
1040 2166 1149 2252 Zanyo
1175 2174 1208 2232 et

86 2272 242 2338 Dionisius
257 2271 319 2336 filii
335 2271 434 2356 Myke
451 2272 490 2336 de
506 2272 612 2337 Perch
628 2272 667 2336 de
684 2274 839 2340 comitatu
849 2273 1033 2340 Bihoriensi
1050 2324 1057 2338 .
1075 2325 1081 2338 .
1098 2295 1206 2340 coram

85 2380 167 2446 nobis
182 2385 256 2445 sunt
273 2378 417 2462 confessi,
444 2380 531 2461 quod
546 2381 675 2446 racione
697 2381 825 2446 unionis
850 2388 883 2446 et
906 2381 1084 2458 concordie,
1099 2382 1206 2448 rolen-

5 2573 6 2578 ἵ
83 2495 187 2569 tesqne
210 2488 369 2553 discordie
393 2494 427 2552 et
450 2487 654 2553 discessionis
679 2489 849 2555 materiam
875 2491 1013 2568 evitare,
1038 2493 1073 2555 at
1097 2491 1205 2556 existi·

83 2603 198 2662 mantes
208 2595 275 2662 fore
286 2617 465 2680 congruum
475 2596 688 2662 ethonestum
704 2603 742 2662 ut
761 2597 899 2678 quilibet
914 2599 1058 2682 ipsorum
1073 2600 1206 2682 propria

82 2707 220 2788 porcione
236 2705 490 2788 possessionaris
506 2704 646 2788 gaudeat
661 2704 793 2788 pacifice
809 2712 842 2772 et
857 2706 974 2787 quiete,
984 2707 1017 2772 in
1034 2707 1205 2790 possessio·

82 2812 169 2878 nibus
192 2834 302 2878 eorum
327 2813 543 2896 infrascriptis
569 2813 666 2880 talem
691 2813 842 2879 fecissent
866 2815 1054 2881 divisionem
1071 2865 1077 2882 .
1094 2863 1101 2878 .
1117 2813 1205 2882 Nam

82 2924 178 3005 primo
193 2922 427 3006 possessionem
453 2943 564 2986 eornm
579 2921 821 3005 Eghaziathlan
837 2921 944 2987 Peroh
963 2929 1108 2988 vocatam
1124 2903 1204 2988 divi-

80 3032 192 3096 sissent
207 3033 240 3096 in
256 3037 324 3096 tres
339 3035 449 3114 partes
466 3029 646 3111 coequales,
671 3050 810 3112 quarum
826 3030 933 3113 prima
949 3029 1099 3096 videlicet
1114 3032 1203 3096 ricus

80 3139 209 3223 duplicis
233 3141 355 3205 ordinis
380 3141 484 3223 primo
509 3160 529 3204 a
554 3132 695 3222 qiradam
719 3139 772 3203 via
797 3137 926 3221 publica
957 3139 1048 3204 iuxta
1073 3139 1202 3204 hortum

82 3248 174 3330 ipsius
191 3248 350 3334 Pyrynch,
360 3255 393 3312 et
403 3269 442 3312 ex
458 3248 605 3332 opposito
621 3247 698 3312 ordo
715 3247 850 3312 alterius
866 3248 926 3312 vici
944 3267 963 3311 a
979 3247 1070 3314 curia
1085 3247 1203 3314 Deme-

80 3357 131 3420 trii
146 3357 300 3422 inclusive
314 3355 474 3421 tendendo
490 3375 600 3421 versus
613 3355 781 3420 meridiem
806 3376 909 3437 usque
934 3354 1031 3420 finem
1056 3357 1203 3422 cessisset

79 3465 108 3528 in
123 3465 169 3530 ins
184 3472 218 3529 et
232 3466 465 3549 proprietatem
490 3463 633 3528 eiusdem
649 3463 800 3542 Dionisii,
815 3464 904 3529 viem
922 3470 1031 3528 antem
1047 3463 1202 3545 simplicis

79 3572 190 3638 ordinis
206 3571 389 3655 incipiendo
406 3594 426 3638 a
442 3573 532 3637 curia
552 3558 701 3636 ‘eiusdem
726 3570 886 3637 Demetrii
911 3571 1065 3637 inclusive
1090 3593 1201 3636 versus

81 3687 197 3760 partem
209 3679 501 3763 septemtrionalem
514 3698 616 3759 usqne
627 3677 723 3743 finem
733 3679 912 3745 devenisset
922 3680 955 3745 in
966 3681 1201 3764 proprietatem

79 3785 183 3872 anyo
207 3787 370 3870 prelibati,
394 3777 567 3852 alter'vero
583 3789 671 3852 vicus
687 3807 726 3852 ex
742 3789 889 3870 opposito
908 3787 1063 3872 simplicis
1080 3786 1201 3852 ordinis

78 3895 224 3979 incipiens
240 3917 261 3960 a
277 3895 422 3978 predicta
437 3897 489 3960 ria
504 3893 634 3977 publica
651 3901 683 3960 et
707 3916 727 3960 a
752 3896 903 3980 porcione
931 3896 1032 3978 ipsius
1056 3895 1200 3962 Dionisii

79 4023 180 4068 versus
196 4003 457 4086 septemtrionem
473 4002 633 4068 tendendo
644 4002 853 4084 usquefinem
864 4009 1033 4086 prenotato
1050 4003 1201 4086 Pyrynch

78 4109 248 4176 devenisset
263 4117 418 4193 perpetuo
436 4109 664 4192 possidendus3
680 4113 804 4177 curiam
819 4133 894 4176 vero
904 4113 937 4175 in
948 4111 1061 4176 eadem
1077 4130 1200 4192 posses-

78 4219 158 4283 sione
173 4221 207 4283 in
219 4238 286 4300 qua
302 4240 386 4284 nunc
396 4220 465 4302 ipse
475 4219 623 4304 Perynch
639 4219 774 4298 habitat,
791 4219 875 4284 idem
885 4219 1035 4304 Perynch
1045 4225 1077 4283 et
1087 4217 1200 4302 Zanyo

77 4326 153 4392 inter
168 4349 202 4392 se
217 4327 452 4394 commisissent
468 4329 680 4392 communiter
695 4326 938 4410 possidendam3
962 4326 1075 4392 silvam
1091 4332 1200 4394 autem

78 4435 106 4497 in
121 4435 230 4500 eadem
256 4437 456 4518 possessione
480 4435 708 4520 Eghazathlan
733 4437 839 4502 Peroh
856 4442 888 4500 et
903 4437 995 4501 iuxta
1018 4433 1128 4500 villam
1145 4435 1200 4500 ha-

76 4539 178 4623 bitam,
201 4543 262 4609 hcc
276 4543 371 4608 modo
386 4544 584 4610 divisissent:
609 4565 683 4608 nam
707 4544 812 4626 primo
838 4543 976 4627 quedam
1001 4544 1052 4608 via
1067 4565 1199 4628 progre-

77 4649 158 4716 diens
187 4674 208 4716 a
239 4659 333 4736 parte
358 4652 557 4718 meridionali
590 4653 632 4718 ad
663 4657 789 4738 partem
820 4651 1017 4729 orientalem,
1049 4651 1199 4756 intrando
