3192 5466
568 505 662 568 1349.
679 523 749 567 aar.
768 507 818 568 30.
1202 509 1264 570 259

127 685 207 746 runt
226 731 232 745 .
251 731 258 745 .
274 681 308 747 in
336 687 537 768 perpetuum,
563 703 583 747 a
608 684 699 750 nulla
724 703 862 767 persona
888 685 1123 750 contradictore
1148 688 1266 752 irrevc

126 787 278 856 cabiliter
295 790 522 875 possidendam
539 840 545 855 .
563 842 569 855 .
585 791 663 856 item
688 791 816 856 domine
842 791 973 857 Kolcha
999 791 1085 858 Scba
1100 799 1133 858 et
1159 794 1264 860 Filena

127 897 193 963 filie
210 898 354 964 eiusdem
368 897 394 964 J
395 898 486 964 acobi
512 919 550 962 ac
565 919 691 964 sorores
716 898 827 964 fratris
843 899 868 966 J
869 901 1005 965 ohannis
1030 899 1178 965 similiter
1193 921 1265 985 per-

128 1007 287 1072 sonaliter
303 1027 411 1072 coram
427 1005 518 1072 nobis
535 1013 766 1092 comparentes,
782 1005 968 1073 donacionis
987 1015 1020 1073 et
1046 1007 1260 1092 delegacionis

126 1133 319 1180 consensum
335 1120 367 1178 et
382 1134 549 1180 assensum
566 1113 775 1199 prebuerunt,
795 1117 828 1180 iu
845 1116 935 1181 nullo
951 1115 1194 1200 prohibuerunt.
1223 1117 1264 1182 in

127 1225 220 1288 euius
237 1224 285 1288 rei
310 1226 477 1307 presencia
502 1225 544 1289 ad
569 1224 722 1289 maiorem
748 1225 909 1289 cautelam
929 1245 967 1290 ac
982 1223 1263 1291 confirmacionem·

123 1331 270 1416 predicte
279 1331 494 1416 delegacionis
504 1337 537 1398 et
546 1332 732 1397 donacionis
743 1353 781 1396 ac
790 1331 922 1411 roboris,
932 1338 1098 1416 presentes
1108 1339 1257 1417 patentes

124 1440 228 1524 sigilli
244 1443 347 1505 nostri
363 1442 475 1506 literas
491 1447 620 1506 nostras
636 1441 767 1506 fecimus
784 1441 982 1506 communiri.
999 1441 1125 1506 Datum
1140 1443 1172 1506 in
1182 1441 1263 1506 festo

124 1549 211 1614 beati
227 1549 397 1617 Vincencii
413 1549 566 1632 martiris,
582 1569 667 1614 anno
683 1549 803 1614 domini
817 1549 892 1614 Μιῃο
909 1546 1030 1616 00οω0
1048 1549 1153 1616 XL¹¹¹⁰
1170 1569 1260 1614 nono.
1370 1641 1371 1644 Ἴ

234 1713 388 1776 Hatlapjan
407 1712 844 1776 pacsetnyomaiva13eredetije
867 1728 898 1762 aa
922 1727 991 1762 orez.
1016 1715 1046 1762 lt.
1074 1711 1172 1762 lineat.
1193 1718 1252 1762 oszt

121 1803 191 1867 dipl.
205 1809 275 1854 osai.
290 1809 369 1854 4028.
389 1803 488 1856 Kozli:
509 1804 625 1854 Koraos.
639 1805 672 1853 N.

656 2185 729 2247 133.

125 2347 224 2409 1349.
232 2351 307 2434 jan.
325 2347 377 2408 30.
396 2344 558 2430 Aezepeei
574 2344 732 2431 'criptulae
749 2344 821 2407 elect
835 2343 1100 2428 DetrefiaJa'noe
1117 2349 1148 2410 e‘o
1165 2345 1263 2410 eaaek

112 2457 193 2538 fiai,
208 2455 334 2520 Dolina
345 2464 427 2520 need
444 2454 632 2518 tirrokolat
649 2453 770 2517 Mittor
785 2453 884 2518 ldcsei
895 2455 1161 2539 plebdaoaaake‘s
1172 2454 1264 2520 Han·

169 2585 231 2628 aaa
247 2563 344 2627 lbesei
366 2562 549 2647 polpdrnale
565 2562 738 2626 buezonkdt
763 2559 858 2646 desei
884 2563 1049 2627 mrirkde‘rt
1075 2563 1213 2650 eladjdlc.

236 2723 306 2790 Nos
323 2725 501 2808 capitulum
518 2723 650 2788 ecclesie
667 2721 754 2786 beati
770 2723 909 2788 Martini
925 2723 964 2788 de
981 2723 1102 2808 Scepus
1119 2773 1125 2788 .
1140 2774 1146 2789 .
1164 2726 1260 2807 signi-

126 2833 262 2898 ficamus
280 2885 286 2900 .
304 2882 310 2896 .
327 2833 413 2915 quod
428 2831 454 2897 J
455 2831 581 2896 ohanne
606 2830 672 2895 filio
698 2831 824 2895 Detriei
849 2831 888 2895 de
913 2831 1036 2897 Dolina
1051 2833 1091 2897 de
1107 2835 1262 2898 comitatu

126 2945 251 3024 Scepns
268 2941 310 3004 ab
326 2962 391 3006 una
407 2961 466 3022 pro
482 2960 516 3004 se
532 2961 571 3005 ac
586 2938 661 3004 filiis
688 2940 753 3004 suis
770 2938 903 3004 Detrico
920 2947 953 3004 et
969 2940 1115 3020 Nicolao,
1139 2943 1237 3008 item.
1254 2995 1261 3008 .

123 3048 264 3114 Nicolao
289 3048 427 3134 plebano
458 3047 639 3113 Leuchensi
671 3047 770 3112 fratre
796 3053 830 3111 et
854 3050 1066 3113 concanonico
1092 3056 1203 3114 nostro
1229 3056 1262 3114 et

127 3156 271 3222 Hannus
289 3155 355 3220 filio
372 3155 506 3222 Gablini
522 3155 582 3219 lilii
597 3155 723 3238 Wynoz
743 3155 803 3218 civi
828 3154 867 3218 de
893 3155 1004 3219 eadem
1022 3155 1151 3222 Leuche
1167 3163 1261 3241 parte

125 3265 166 3329 ab
191 3265 298 3330 altera
322 3285 431 3329 coram
456 3263 549 3329 nobis
575 3263 791 3346 personaliter
815 3263 1008 3344 constitutis,
1043 3287 1100 3347 per
1125 3265 1261 3330 eundem

126 3374 314 3438 ‚Iohannem
330 3393 388 3437 suo
404 3379 437 3437 et
460 3371 600 3436 filiorum
627 3393 757 3436 suorum
776 3370 993 3454 predictorum
1010 3373 1138 3437 nomine
1154 3373 1262 3438 extitit

127 3482 307 3548 confessum
324 3531 331 3546 .
348 3534 354 3547 .
372 3481 458 3564 quod
473 3486 625 3564 quartam
641 3485 768 3563 partem
792 3478 876 3544 dicte
902 3480 1111 3562 possessionis
1127 3479 1258 3560 Dolina,

128 3591 277 3656 videlicet
292 3589 477 3655 inferiorem
492 3588 640 3672 equalem
657 3588 863 3652 medietatem
889 3587 972 3652 linee
997 3609 1053 3652 seu
1079 3589 1261 3654 medietatis

129 3699 203 3764 ville
228 3699 354 3764 Dolina
379 3695 530 3780 sepefata,
547 3697 702 3761 situatam
722 3717 742 3760 a
766 3703 860 3779 parte
885 3697 1039 3775 meridiei,
1064 3718 1136 3760 cum
1164 3699 1261 3762 curiis

125 3807 270 3888 edificiis,
287 3803 510 3890 iobagionibus
536 3825 648 3868 novem
666 3803 806 3868 fertones
831 3825 890 3887 pro
915 3824 1012 3869 censu
1037 3825 1093 3869 seu
1119 3807 1261 3888 terragio

128 3916 328 3981 solventibus
346 3915 521 3990 annuatim,
542 3933 664 3976 necnon
690 3913 787 3977 terris
813 3913 908 3977 cultis
934 3920 966 3977 et
991 3913 1132 3990 incultia
1157 3915 1259 3995 pratis

129 4025 253 4090 rubetis
285 4045 324 4088 ae
352 4021 500 4088 omuibus
525 4021 598 4086 aliis
624 4073 654 4087 ..
680 4023 886 4104 pertinenciis
913 4023 979 4086 suis
1005 4043 1043 4086 ac
1078 4022 1202 4086 iuribus
1228 4029 1260 4086 et

124 4133 333 4199 libertatibus
364 4131 506 4196 eiusdem
525 4131 691 4212 universis,
723 4131 932 4214 preallegatis
964 4129 1092 4195 domino
1123 4129 1260 4195 Nicolao

125 4241 263 4325 plebano
280 4247 314 4306 et
330 4240 470 4306 Haunus
495 4240 555 4303 civi
581 4260 639 4320 pro
663 4239 776 4321 viginti
803 4237 927 4304 duabus
943 4239 1060 4303 marcis
1077 4245 1110 4302 et
1126 4237 1260 4303 dimidia

128 4371 312 4434 grossorum
339 4349 544 4413 denariorum
576 4347 702 4411 numeri
727 4345 925 4430 Scepsieusis
952 4396 982 4414 ..
1008 4346 1204 4412 vendidisset
1229 4398 1261 4422 .,

126 4461 207 4542 ipsis
222 4480 260 4524 ac
275 4479 333 4543 per
359 4459 464 4542 ipsum
490 4455 630 4520 Hannus
655 4453 825 4520 heredibus
842 4455 909 4520 suis
925 4507 932 4521 .
949 4507 956 4520 .
971 4476 1030 4539 per
1054 4454 1160 4538 ipsum
1185 4473 1259 4517 vero

126 4565 292 4630 dominum
308 4563 483 4647 plebanum
499 4563 551 4628 his
567 4561 685 4645 quibus
702 4564 771 4646 ipse
786 4562 922 4626 eandem
938 4562 1170 4646 possessionem
1186 4581 1258 4626 ven-

126 4672 230 4737 ditam
241 4672 410 4736 donaverit
425 4722 450 4736 ..
467 4677 499 4738 et
509 4672 730 4753 assignaverit,
742 4670 811 4734 iure
822 4675 977 4754 perpetuo
993 4719 1017 4738 ..
1034 4667 1259 4752 possidendam

1101 4795 1149 4845 ιτ*
