3180 5470
537 567 633 630 1350.
649 584 723 628 nov.
743 568 793 629 17.
1165 565 1228 624 417

100 751 228 829 sancte,
254 766 312 828 pro
337 751 494 830 perpetua
519 745 617 809 missa
641 743 734 808 beate
754 743 888 826 virginis
911 763 1009 826 super
1034 741 1146 807 eadem
1172 764 1232 808 ara

100 853 291 920 celebranda
307 859 339 918 et
355 874 413 937 pro
429 853 586 920 ministris
613 853 717 918 eidem
733 873 807 917 aree
832 851 1044 917 servientibus
1060 871 1116 916 seu
1132 850 1231 918 offici-

101 962 235 1042 entibus,
251 965 299 1028 ita
314 963 471 1046 videlicet,
487 969 524 1028 ut
538 962 647 1028 nullus
664 961 806 1028 eiusdem
824 962 957 1028 ecclesie
973 962 1122 1028 sacerdos
1138 983 1231 1046 paro·

100 1072 256 1138 chionalis
272 1073 466 1137 constitutus
482 1072 533 1136 vel
549 1071 801 1154 constituendus,
821 1071 909 1136 nullo
928 1090 1072 1152 unquam
1086 1076 1231 1154 tempore

99 1183 219 1249 habeat
244 1203 316 1247 cum
349 1181 469 1246 eisdem
495 1201 569 1246 aree
595 1179 750 1246 ministris
779 1181 949 1264 disponere
980 1181 1108 1246 racione
1133 1180 1231 1246 doun·

100 1292 227 1356 oionum
243 1291 386 1356 eiusdem
403 1291 630 1373 predictarum,
646 1291 710 1354 imo
727 1289 817 1354 dedit
833 1295 865 1354 et
881 1290 1012 1356 donavit
1022 1288 1231 1355 coremnobis

100 1405 254 1482 perpetuo
286 1397 560 1482 possidendam..
583 1397 708 1463 Datum
743 1397 824 1462 feria
849 1404 966 1480 quarta
985 1399 1132 1481 proxima
1156 1403 1231 1462 ante

99 1513 228 1574 somnes
243 1507 317 1573 sesti
332 1506 420 1573 beati
436 1508 572 1574 Martini
584 1507 783 1586 confessoris,
794 1528 879 1572 anno
889 1507 1010 1572 domini
1027 1507 1080 1572 Μο
1109 1504 1231 1574 00οΜ

100 1617 355 1701 quiquagesimo.

206 1799 378 1864 Ugyanazon
399 1799 590 1863 kdptalannak
616 1803 691 1848 1359.
717 1798 760 1848 ἑνὶ
783 1814 846 1849 nov.
863 1799 941 1851 ll·tn
970 1801 1152 1851 »Benedictus
1174 1801 1231 1864 ple-

99 1891 185 1940 banus
211 1891 325 1940 ecclesie
346 1895 439 1940 sancte
461 1890 549 1938 crucis
571 1888 604 1938 de
626 1890 743 1953 Magyar
774 1889 916 1940 districtus
944 1890 1114 1940 Ohallokuz«
1142 1889 1230 1941 ketel-

99 1981 171 2030 mere
193 1981 304 2030 kiadott
326 1979 485 2044 stirattbbl,
505 1980 634 2043 molynek
656 1978 786 2044 credetije
809 1995 926 2046 megvan
948 1997 980 2032 az
1003 1997 1071 2031 orez.
1086 1983 1117 2032 lt.
1132 1981 1232 2030 kincst

98 2076 163 2119 oszt.
178 2073 254 2121 Mon.
268 2071 366 2120 Poson.
384 2075 424 2120 11.
440 2075 481 2120 50.
495 2070 561 2133 dipl.
576 2073 644 2120 oszt.
658 2074 736 2122 4812.
756 2071 855 2120 szli:
875 2071 983 2122 Koraos
996 2072 1029 2120 N.

585 2269 665 2276 --.—...
680 2271 701 2275 -.

628 2471 702 2534 257.

100 2628 476 2709 1350.Boua,n0v.17.
501 2627 644 2714 LLojoe
668 2630 776 2734 birdly
803 2631 914 2697 Bulcsi
939 2631 1097 2696 Demoleos
1122 2631 1231 2710 fiducie

308 2733 435 2802 Candor
452 2738 603 2802 Parenos
615 2738 804 2824 polloejopot
818 2739 1019 2826 odo-motuyoz.

207 2915 278 2982 Nos
310 2915 492 2983 Lodovicus
518 2965 549 2982 ..
588 2937 645 2982 rex
670 2967 701 2981 ..
734 2919 951 3002 significamus
976 2969 1007 2985 ..
1031 2921 1118 3005 quod
1150 2923 1232 2987 sicut

97 3045 155 3106 pro
171 3023 383 3090 fidelitatibus
394 3031 427 3090 et
443 3026 650 3090 serviciorum
667 3025 822 3108 preclaris
839 3029 963 3093 meritis
983 3030 1129 3112 magistri
1140 3029 1231 3094 Petri

96 3131 177 3198 dicti
194 3132 314 3198 dear
329 3132 389 3198 filii
405 3134 568 3198 Dominici
585 3134 623 3198 de
640 3134 747 3199 Bulch
763 3135 836 3199 aula
852 3141 961 3201 nostre
971 3138 1103 3215 iuvenis,
1113 3136 1231 3221 quibus

95 3240 183 3306 idem
199 3241 426 3324 multipliciter
450 3243 484 3306 in
510 3243 635 3307 cunctis
660 3243 778 3307 nostris
804 3249 836 3308 et
862 3245 953 3327 regni
972 3245 1074 3310 nostri
1092 3245 1231 3329 negociis
1326 3285 1329 3292 ·

96 3350 263 3432 prosperis
273 3350 397 3432 pariter
414 3356 446 3414 st
461 3350 613 3429 adversis,
624 3372 697 3416 oum
714 3372 840 3416 summa
851 3351 1065 3418 sollicitudine
1082 3355 1231 3418 continue

95 3458 190 3523 nobis
206 3457 384 3522 inherendo
398 3459 518 3524 meruit
533 3457 741 3542 complacere,
757 3481 822 3524 non
838 3461 943 3525 minus
960 3481 1018 3544 pro
1035 3459 1178 3526 utilitate
1199 3467 1231 3526 et

95 3564 266 3631 commodo
276 3566 366 3649 regni
383 3565 494 3645 nostri,
505 3566 607 3631 eidem
617 3568 772 3651 magistro
783 3568 881 3634 Petro
892 3568 979 3632 dioto
990 3567 1107 3634 dear
1122 3569 1232 3635 huius-

95 3673 186 3740 modi
202 3673 348 3756 graoiam
365 3673 513 3740 duximus
538 3674 728 3758 faciendam,
753 3683 789 3742 ut
814 3698 924 3742 omnes
939 3675 1026 3742 fures
1042 3683 1075 3742 et
1090 3675 1231 3743 latrones

95 3805 135 3848 ac
151 3784 235 3848 alios
253 3783 413 3864 quoslibet
429 3783 652 3850 malefactores
677 3786 823 3851 hominos
848 3788 935 3852 intra
954 3793 1056 3852 metus
1076 3793 1108 3852 et
1123 3787 1232 3853 termi-

96 3911 155 3957 nos
171 3891 413 3975 possessionum
430 3912 561 3957 suarum
577 3891 698 3974 ubique
707 3891 901 3977 habitarum,
913 3893 1119 3977 quovismodo
1132 3895 1232 3958 nomi-

95 4007 250 4065 natorum
276 4006 308 4066 et
333 4001 567 4082 pertinencium
593 4001 634 4064 ed
660 4001 789 4066 easdem
808 4002 1026 4085 reprehensos,
1042 4003 1177 4086 ipsemet
1200 4007 1233 4066 et

95 4111 146 4173 sui
162 4109 283 4175 fratres
301 4109 431 4187 uterini,
440 4109 604 4174 iudicandi
613 4110 833 4176 tormentandi
850 4111 1065 4194 suspendendi
1081 4117 1114 4176 et
1130 4110 1231 4193 queli-

94 4215 152 4280 bet
167 4237 254 4300 pena
269 4215 380 4282 debita
396 4215 566 4300 plectendi,
582 4239 640 4282 nec
664 4239 729 4283 non
754 4219 936 4302 patibulum
960 4241 998 4285 uc
1023 4219 1089 4284 alis
1114 4239 1232 4303 genera

95 4331 335 4390 tormentorum
351 4325 438 4389 intra
454 4330 557 4390 metes
583 4332 616 4390 et
640 4327 795 4392 terminos
820 4328 1041 4410 predictarum
1060 4328 1232 4410 possessio-

95 4455 176 4497 num
193 4453 328 4498 suarum
344 4432 465 4514 ubique
489 4435 699 4500 existencium
719 4442 752 4500 et
776 4435 818 4500 ad
844 4435 972 4500 easdem
996 4436 1231 4519 pertinencium

95 4541 245 4625 erigendi
261 4546 294 4605 et
310 4540 528 4624 conservandi,
538 4547 729 4626 perpetuam
739 4549 838 4625 etque
848 4543 984 4610 liberam
998 4543 1118 4610 babeat
1133 4542 1232 4609 lacul-

94 4655 209 4728 tatem‚
225 4649 431 4734 presencium
456 4650 625 4715 literarum
651 4656 833 4718 nostrarum
858 4654 1037 4734 patrocinio
1052 4651 1232 4733 mediante;

96 4763 266 4842 presentes
283 4765 392 4824 autem
418 4759 606 4824 informem
633 4761 735 4824 nostri
762 4760 922 4843 privilegii
948 4761 1049 4844 redigi
1069 4760 1232 4840 iaciemus

143 4895 301 4930 assensores
318 4881 489 4934 frustreris.
508 4894 532 4932 ν.
544 4885 639 4934 ndens.
1092 4892 1124 4940 tl
