3226 5462
531 493 625 554 1347.
642 494 714 554 uir.
733 492 783 552 12.
1126 559 1131 569 ,
1180 491 1216 551 e]

104 672 137 735 ud
163 674 289 732 octavas
317 669 391 732 testi
418 669 522 732 sancti
548 667 684 752 Georgii
715 667 858 732 martiris
888 689 973 731 nuno
989 675 1164 751 presentes,
1190 670 1223 732 in

101 779 191 844 literis
206 777 308 858 ipsius
333 777 467 858 capituli
491 775 688 862 Scepsiensis
704 795 761 860 per
776 777 863 859 ipsos
888 777 1059 859 magistros
1086 777 1222 842 Petrum

102 893 129 952 et
141 885 328 950 Ladislaum
344 884 446 949 dictos
463 883 545 950 Sous
562 884 652 948 nobis
669 884 871 948 volueramus
888 885 1055 967 reportari.
1082 885 1223 950 Demum

104 998 163 1078 ipso
179 995 317 1058 termino
333 993 567 1076 reportaciouis
584 993 677 1056 seriei
694 992 923 1074 premissorum
940 998 1137 1071 occurrente,
1162 993 1222 1058 Pe-

104 1103 173 1167 tbeu
187 1101 272 1166 filius
289 1100 400 1184 Synlra
416 1100 473 1182 pro
490 1100 610 1164 eisdem
626 1101 789 1182 magistris
800 1100 898 1163 Petro
915 1107 947 1164 et
957 1099 1111 1164 Ladislao
1128 1101 1224 1165 dictis

104 1211 175 1276 Sous
199 1210 238 1274 de
263 1208 375 1274 Sowar
399 1257 429 1273 ..
455 1208 497 1273 ad
513 1213 657 1274 nostram
688 1208 841 1272 accedens
872 1209 1080 1290 presenciam,
1112 1210 1223 1274 literas

103 1316 261 1400 prescripti
277 1316 411 1398 capituli
427 1315 558 1380 ecclesie
576 1315 775 1396 Scepsiensis
796 1315 1000 1380 memoriales
1016 1323 1126 1380 nostro
1143 1318 1223 1382 iudi-

105 1425 192 1490 ciario
223 1425 407 1506 conspectui
447 1423 647 1506 presentavit
686 1423 892 1502 continentes,
925 1423 1009 1504 quod
1041 1423 1223 1505 predictum

106 1533 271 1615 capitulum
289 1531 477 1614 Scepsiense
502 1530 715 1614 peticionibus
740 1529 859 1596 nostris
876 1530 1019 1596 benivole
1036 1539 1223 1616 annuentes,

103 1663 228 1705 unacum
244 1640 331 1706 dicto
347 1639 499 1704 Jehannc
514 1659 632 1722 magno
658 1638 785 1702 homine
811 1639 908 1721 regio,
926 1660 1036 1704 eorum
1061 1641 1224 1706 misissent

102 1750 251 1814 hominem
267 1769 327 1832 pro
353 1747 537 1812 testimonio
554 1797 560 1810 .
578 1795 585 1810 .
603 1745 775 1811 Nicolaum
801 1748 955 1812 lectorem
981 1747 1114 1812 ecclesie
1140 1749 1222 1831 ipso-

102 1879 173 1938 rum,
197 1857 252 1940 qni
284 1856 401 1920 abinde
436 1854 615 1936 redeuntes,
647 1855 766 1919 eisdem
798 1855 998 1920 concorditer
1029 1857 1223 1935 retulissent,

102 1963 177 2046 quod
192 1965 271 2054 feria
297 1971 389 2030 sexta
405 1970 437 2027 et
452 1962 588 2028 sabbato
613 1963 768 2047 proximis
794 1971 868 2028 ante
895 1965 1087 2028 dominicam
1103 1966 1223 2030 Letare

102 2071 235 2156 proxime
246 2073 435 2154 preteritam
446 2071 487 2136 ad
497 2071 596 2136 facies
606 2071 765 2136 dictarum
776 2073 1011 2156 posscssionum
1027 2072 1223 2156 Byztrekezy

101 2185 131 2242 et
153 2178 368 2264 Rennukkezy
400 2179 505 2244 dictus
536 2180 631 2243 homo
662 2181 769 2263 regius
795 2179 939 2261 predicto
958 2181 1089 2260 homine
1112 2187 1221 2246 nostro

103 2295 241 2369 presente
258 2287 447 2369 secedendo,
464 2288 592 2352 easdem
603 2309 661 2370 per
671 2287 895 2352 distiuccioues
912 2293 1072 2352 metarum
1083 2289 1116 2352 in
1128 2289 1222 2354 dictis

101 2393 194 2458 literis
210 2397 328 2460 nostris
345 2403 570 2461 contentarum
581 2403 612 2461 et
628 2395 713 2460 iufra
729 2395 965 2478 descriptarum
982 2396 1222 2475 reambulasset‚

103 2503 376 2586 reambulatasque
401 2503 562 2568 nobilibus
587 2505 664 2568 viris
694 2505 857 2586 magistris
883 2505 983 2568 Petro
1009 2511 1042 2569 et
1066 2504 1221 2570 Ladislao

103 2610 188 2676 dictis
204 2609 296 2689 Sons,
322 2631 521 2676 cumeorum
548 2611 704 2676 universis
721 2611 927 2693 utilitatibus,
953 2611 1012 2676 sub
1038 2613 1222 2677 earumdem

101 2723 250 2782 metarum
266 2719 426 2797 cursibus,
442 2739 478 2783 eo
495 2719 563 2783 iure
580 2741 643 2802 quo
660 2719 779 2783 eisdem
795 2719 1037 2784 dinoscerentur
1052 2723 1222 2804 pertinere,

101 2827 163 2888 sine
186 2825 363 2907 preiudieio
389 2828 467 2891 iuris
492 2827 599 2905 alieni,
616 2827 873 2892 contradiccione
899 2827 1045 2909 magistri
1063 2829 1162 2894 Denk
1182 2829 1221 2893 de

99 2931 222 2997 Nekche
238 2941 270 2998 et
286 2935 426 3000 aliorum
452 2935 668 3018 quorumlibet
692 2957 756 2999 non
780 2935 938 3018 obstante,
964 2937 1132 3002 statuisset
1148 2959 1219 3020 per-

98 3049 188 3124 petuo
211 3042 429 3124 possidendas.
455 3039 576 3108 Cursus
602 3064 676 3106 vero
702 3049 860 3109 metarum
887 3050 1135 3128 prenotatarum
1163 3045 1221 3109 hoc

99 3149 202 3213 ordine
218 3149 487 3232 distingerentur:
505 3151 592 3232 quod
608 3151 714 3233 prima
738 3159 825 3217 meta
852 3153 1047 3235 inciperetur
1064 3155 1096 3217 in
1113 3155 1218 3236 eapite

100 3257 183 3324 fluvii
197 3260 314 3343 Byztre
341 3257 411 3343 (etb.
437 3283 582 3344 opperiar
606 3262 707 3325 ezdrdl
731 3265 833 3340 sadra,
859 3264 938 3326 mint
957 3261 1093 3346 fdotabb
1118 3261 1218 3325 olcas-

101 3365 191 3450 aare),
215 3375 246 3432 et
262 3367 307 3432 ibi
325 3375 491 3448 separaret
507 3373 539 3432 et
554 3368 746 3452 distingeret
762 3377 865 3434 metas
882 3369 1091 3454 possessionis
1108 3367 1219 3434 Seuer

99 3481 199 3540 rorate
215 3482 248 3540 et
262 3475 308 3539 ibi
325 3475 586 3560 terminarentur.
609 3475 734 3544 Verum
751 3477 828 3558 quia
847 3478 990 3561 predicte
1006 3478 1220 3560 possessiones

97 3582 284 3667 sztrekezy
297 3589 330 3647 et
346 3583 564 3669 Rennulrlrezy
581 3593 690 3651 vocate
700 3609 758 3670 per
768 3587 950 3671 predictum
969 3563 1056 3670 regie
1073 3586 1221 3651 maiesta-

96 3691 133 3754 tis
148 3692 307 3756 hominem
323 3699 471 3774 presente
488 3692 566 3757 dicti
582 3693 715 3775 capituli
733 3693 931 3778 Scepsiensis
948 3697 1140 3774 testimonio,
1157 3696 1217 3760 sub

97 3801 319 3882 premissorum
329 3805 490 3864 metarum
506 3800 653 3865 cursibus
665 3850 671 3864 .
683 3803 932 3885 prenominatis
944 3804 1107 3885 magistris
1118 3803 1217 3867 Petro

97 3913 125 3970 et
134 3905 284 3972 Ladislao
295 3907 390 3971 dictis
401 3905 484 3972 Sous
494 3929 567 3972 cum
577 3907 725 3972 omnibus
736 3929 845 3974 earum
858 3961 864 3973 .
876 3958 882 3973 .
892 3909 1116 3993 pertinenciis.
1131 3933 1219 3994 ,per-

97 4021 189 4095 petua
205 4015 382 4080 stabilitate
398 4016 488 4078 nullo
498 4015 735 4080 contradictore
752 4015 909 4080 existente
926 4023 1048 4083 statute
1066 4019 1164 4084 fuisse
1180 4041 1219 4083 ex

96 4123 171 4186 serie
188 4122 408 4204 predictarum
425 4122 594 4187 literarum
611 4123 688 4188 dicti
714 4123 849 4207 capituli
866 4123 1065 4208 Scepsiensis
1083 4127 1220 4210 reperie-

98 4227 218 4312 bantur,
245 4229 315 4295 ideo
331 4251 470 4296 unacum
495 4230 669 4296 baronibus
696 4238 728 4296 et
752 4233 843 4315 regni
871 4231 1030 4298 nobilibus
1056 4235 1220 4300 nobiscnm

95 4337 231 4402 tribunal
242 4337 392 4402 iudiciale
402 4338 790 4420 consedentibus,easdem
800 4341 1217 4426 possessionesByztrekezy

97 4452 125 4509 et
140 4446 358 4530 Rennulrlrezy
374 4453 505 4512 vocatas
521 4469 594 4512 cum
620 4448 768 4512 omnibus
788 4469 898 4513 earum
916 4502 923 4515 .
940 4503 945 4514 .
964 4451 1171 4534 pertinenciis
1189 4500 1217 4515 ..

98 4552 181 4618 iuxta
196 4555 339 4619 eiusdem
357 4556 504 4636 magistri
520 4555 615 4620 Denlr
631 4555 690 4620 filii
708 4555 835 4621 Nicolai
852 4563 1061 4640 spontaneam
1078 4559 1220 4642 resigna·

96 4661 287 4733 cionemsub
296 4663 550 4746 prescriptarum
562 4669 721 4727 metarum
732 4664 879 4728 cursibus
891 4716 896 4728 .
910 4664 1045 4730 ‚eisdem
1056 4668 1219 4750 magistris
