3192 5466
339 477 404 537 208
698 491 886 537 aurounosr
901 477 1116 536 onulurrin.

342 652 523 717 destinatus
540 651 656 730 fuerat,
682 652 792 718 taliter
818 654 903 718 inter
920 674 953 718 se
970 653 1220 719 concordassent
1238 705 1244 718 .
1263 704 1269 719 .
1286 653 1373 736 quod
1389 654 1470 718 idem

340 760 498 826 Nicolaus
514 760 599 826 filius
616 761 706 826 Petri
722 783 781 844 pro
806 762 990 826 omnimoda
1014 763 1220 846 expedicione
1246 763 1331 828 dicte
1358 766 1469 828 mortis

340 869 373 934 N
375 871 468 934 icolai
485 869 544 935 filii
561 869 727 954 Stephani,
744 871 863 934 totales
879 871 1046 954 porciones
1063 892 1138 936 suas
1148 877 1182 936 et
1191 871 1329 955 predicti
1345 873 1467 938 comitis

341 980 433 1044 Petri
450 983 553 1064 patris
570 1001 608 1045 ac
623 979 786 1044 Johannis
803 979 915 1044 fratris
932 981 982 1045 sui
998 982 1032 1044 in
1051 979 1306 1064 possessionibus
1322 979 1469 1061 Mezalya

341 1094 373 1152 et
388 1088 555 1172 Dorogma
579 1088 701 1152 vocatis
727 1088 760 1152 in
785 1089 940 1152 comitatu
965 1087 1175 1152 Borsodiensi
1200 1094 1238 1152 ut
1262 1088 1385 1153 dicitur
1411 1088 1469 1150 eri-

341 1196 500 1261 stentihus
516 1195 654 1276 habitas,
669 1217 728 1278 per
753 1201 890 1262 mortem
915 1196 1050 1261 condam
1067 1196 1092 1260 J
1093 1197 1232 1262 ohannis
1248 1195 1308 1262 filii
1324 1197 1468 1278 Chepaui

340 1305 478 1388 proximi
494 1325 604 1369 eorum
618 1304 715 1369 titulo
732 1305 927 1370 successorio
942 1305 1135 1388 racioneque
1151 1305 1235 1370 linae
1252 1305 1468 1388 generacionis

340 1413 382 1477 ad
399 1413 485 1496 ipsos
510 1412 684 1490 devolutas,
709 1435 781 1478 oum
807 1434 919 1478 earum
936 1462 943 1476 .
959 1464 965 1478 .
983 1413 1198 1496 pertinenciis,
1224 1411 1468 1496 specialiterque

242 1561 245 1566 -
340 1520 532 1585 molendinis
557 1527 590 1585 et
618 1522 718 1598 ouria,
744 1521 882 1604 prefatis
908 1519 1007 1585 nobih
1039 1521 1166 1586 domine
1192 1527 1224 1586 et
1249 1521 1325 1586 filiis
1351 1520 1418 1586 suis
1432 1540 1467 1584 ao

341 1632 483 1713 ipsorum
493 1627 665 1694 heredibus
675 1635 830 1712 perpetuo
840 1627 1049 1712 possidendas
1066 1628 1285 1708 contulissent,
1296 1635 1330 1694 et
1340 1631 1468 1714 iusuper

340 1745 443 1804 totam
453 1737 697 1820 requisicionem
707 1759 799 1802 suam
816 1759 914 1821 quam
924 1738 993 1820 ipse
1003 1740 1132 1804 racione
1151 1738 1319 1804 vulnerum
1331 1761 1467 1817 suorum,

341 1845 552 1930 possessionis
568 1867 624 1910 sue
640 1844 881 1924 combuscionis‚
905 1851 1045 1929 quatuor
1064 1846 1109 1910 de
1135 1868 1265 1912 snorum
1291 1848 1468 1923 evulsionis,

341 1954 476 2020 ducrum
493 1953 685 2020 famulorum
711 1977 840 2019 suorum
866 1955 1102 2020 vulneracionis
1128 1962 1160 2020 et
1185 1956 1324 2020 aliarum
1340 1957 1468 2020 iniuria·

342 2084 414 2128 rum
430 2069 527 2146 atque
544 2063 736 2127 damnorum
752 2063 911 2128 illacionis
937 2069 1052 2128 contra
1068 2063 1196 2128 eosdem
1212 2063 1295 2128 filios
1313 2063 1468 2146 Stephani

342 2171 511 2236 iudiciario
527 2169 638 2236 ordine
654 2191 783 2234 movere
799 2171 954 2236 voluisset
978 2179 1010 2235 et
1035 2173 1203 2254 potuisset,
1220 2173 1350 2255 penitus
1367 2179 1400 2236 et
1416 2191 1468 2254 per

342 2281 450 2344 omnia
466 2278 675 2361 supersedere
691 2277 845 2359 faciendo,
861 2280 948 2362 ipsos
965 2277 1048 2343 filios
1065 2277 1223 2363 Stephani
1240 2299 1338 2362 super
1355 2280 1467 2344 eisdem

342 2388 447 2452 causis
464 2438 470 2452 .
488 2436 494 2450 .
511 2386 675 2469 expeditos
691 2387 886 2469 reliquisset,
906 2393 939 2450 et
948 2386 1110 2469 quandam
1126 2389 1310 2470 porcionem
1327 2389 1467 2471 ipsorum

342 2498 626 2580 possessionariam
651 2498 684 2560 in
709 2497 908 2578 possessione
925 2495 1022 2560 Koch
1047 2503 1160 2560 vocata
1184 2503 1223 2560 ut
1248 2496 1367 2562 dicitur
1383 2497 1467 2562 hahi-

343 2611 419 2686 tam,
445 2625 544 2687 quam
568 2604 651 2667 idem
677 2602 833 2668 Nicolaus
858 2603 1047 2668 interiectus
1073 2609 1216 2687 tempore
1241 2605 1305 2668 vite
1331 2627 1388 2670 sue
1413 2605 1469 2668 sibi

342 2713 623 2795 impignoraverat
640 2711 790 2776 similiter
806 2711 900 2776 dictis
911 2710 986 2776 filiis
999 2711 1155 2794 Stephani
1173 2711 1378 2794 resignasset,
1403 2713 1469 2778 lite·

342 2841 462 2903 rasque
479 2842 574 2903 super
590 2820 703 2884 eadem
719 2819 991 2904 impignoracione
1008 2826 1151 2884 mortuas
1163 2818 1229 2883 lore
1246 2819 1469 2886 denunciasset

342 2977 349 2992 .
368 2981 373 2993 .
391 2929 462 2992 ideo
479 2928 632 3011 sepedicti
649 2927 708 2992 filii
726 2928 883 3010 Stephani
909 2934 941 2992 et
966 2927 1096 2991 domina
1121 2933 1226 2990 mater
1243 2928 1387 3010 ipsorum
1404 2951 1470 3012 pre-

343 3038 499 3119 scriptum
515 3035 688 3100 Nicolaum
704 3035 806 3101 filium
824 3037 914 3100 Petri
941 3042 974 3099 et
1000 3037 1102 3118 ipsius
1127 3034 1263 3099 heredes
1289 3057 1387 3120 super
1404 3039 1471 3120 ipsa

343 3151 446 3208 morte
462 3141 592 3209 Nicolai
608 3143 719 3208 fratris
735 3145 880 3227 ipsorum
896 3165 1026 3238 prorsus
1044 3149 1077 3207 et
1092 3164 1150 3226 per
1176 3143 1282 3208 omnia
1307 3144 1470 3227 expeditos

343 3253 552 3334 reliquissent
577 3301 608 3316 ..
633 3258 667 3316 et
691 3251 909 3336 prenominati
945 3273 1049 3316 comes
1074 3251 1193 3316 Petrus
1219 3251 1306 3317 filius
1330 3250 1408 3316 Aba
1433 3274 1468 3316 ac

344 3359 513 3424 Johannes
530 3361 636 3424 iunior
652 3359 738 3426 filius
754 3383 830 3425 suus
849 3361 999 3426 similiter
1024 3359 1239 3444 personaliter
1255 3381 1364 3424 coram
1380 3360 1469 3424 nobis

345 3473 576 3551 comparentes,
593 3469 626 3534 in
643 3469 776 3534 dacione
793 3477 824 3534 et
843 3459 1092 3553 perpetuacione
1108 3475 1327 3552 protactarum
1352 3472 1471 3552 porcio

343 3599 420 3641 num
438 3577 760 3660 possessionariarum
770 3578 803 3641 in
813 3577 962 3661 Mezalya
976 3584 1008 3642 et
1017 3578 1183 3660 Dorogma
1193 3598 1257 3659 quo
1268 3599 1367 3660 supra
1382 3577 1471 3643 habi-

344 3689 459 3764 tarum,
476 3684 516 3749 ob
532 3685 672 3750 savorem
688 3685 768 3751 dicti
784 3684 914 3750 Nicolai
929 3684 988 3748 filii
1014 3692 1046 3750 et
1061 3685 1174 3750 fratris
1200 3686 1342 3768 ipsorum
1360 3707 1398 3750 ao
1414 3708 1470 3770 pro

343 3793 568 3858 roboramenta
598 3794 681 3858 dicte
711 3795 799 3878 pacis
830 3793 963 3876 plenum
995 3813 1182 3858 consensum
1214 3793 1414 3877 prebuerunt
1440 3801 1470 3858 et

343 3921 531 3965 assensum.
549 3953 555 3965 .
573 3908 605 3966 et
621 3909 657 3966 ut
672 3901 760 3966 dicta
776 3923 839 3985 pax
863 3901 948 3966 inter
971 3908 1079 3985 partes
1104 3902 1281 3984 perdurare
1306 3909 1416 3984 posset
1439 3909 1470 3966 et

343 4008 377 4071 in
403 4029 494 4072 evum
520 4029 717 4091 permanere,
743 4009 897 4094 sepedicti
924 4030 1030 4074 comes
1056 4009 1174 4073 Petrus
1200 4016 1233 4074 et
1257 4008 1414 4076 Nicolaus
1434 4033 1470 4076 ac

343 4115 512 4181 ‚lohannes
537 4115 595 4180 filii
621 4119 670 4180 sui
695 4118 729 4182 in
753 4117 1010 4182 additamentum
1035 4121 1257 4200 protectorum
1283 4119 1469 4202 porcionem

346 4225 671 4306 possessionariarum
688 4224 797 4289 decem
807 4247 932 4290 marcas
950 4245 1134 4308 grossorum
1144 4228 1281 4308 compoti
1294 4224 1469 4292 (lossensis.

343 4333 463 4414 partim
479 4334 512 4396 in
523 4339 650 4416 promta
666 4331 802 4415 pecunia
818 4331 938 4414 partim
954 4330 1072 4394 veroin
1083 4331 1287 4396 estimacione
1304 4333 1470 4416 condigna

343 4439 377 4502 in
393 4439 495 4505 tribus
511 4441 657 4505 terminis
674 4438 890 4522 infrascriptis
909 4439 1032 4502 solvere
1048 4445 1269 4504 assumserunt
1284 4439 1471 4524 prescriptis

343 4546 418 4611 filiis
436 4546 594 4630 Stephani
611 4555 643 4613 et
658 4547 759 4613 nobili
785 4547 911 4612 domiue
937 4547 1035 4612 matri
1061 4549 1204 4630 ipsorum
1229 4569 1337 4613 coram
1364 4547 1470 4614 nohis:

343 4657 492 4722 videlicet
517 4665 582 4722 tres
607 4681 734 4723 marcas
766 4658 889 4723 solvent
915 4658 947 4721 iu
973 4658 1092 4722 octavis
1117 4655 1308 4722 Natiuitatis
1340 4657 1471 4740 virginis
