3180 5470
548 551 644 618 1351.
660 573 749 614 runa,
768 553 817 614 14.
1189 555 1255 615 429

120 731 246 815 absque
260 733 483 816 assignacione
499 733 637 800 alicuius
651 732 809 798 cudentis
819 729 967 810 racionis,
978 729 1106 797 casdem
1121 727 1256 814 (h)acte-

123 864 193 924 nus,
220 848 318 926 prout
341 842 375 908 in
399 843 503 908 literis
528 843 647 908 nostris
678 841 933 926 privilegialibus
964 840 1078 906 exinde
1104 839 1256 904 confectis

121 951 244 1016 clarius
269 952 501 1034 exprimuntur,
517 971 722 1016 conservasse
741 950 927 1032 ridebatur;
953 948 1024 1014 ideo
1044 969 1102 1013 nos
1118 969 1256 1012 unacum

121 1058 244 1124 eisdem
260 1059 377 1124 iuratis
394 1059 608 1126 assessoribus
628 1067 660 1124 et
676 1061 790 1125 ceteris
808 1060 899 1138 regni
915 1056 1075 1122 nobilibus
1091 1054 1257 1120 nobiscum

121 1169 155 1232 in
183 1168 271 1234 diota
297 1168 548 1252 congregacione
576 1175 688 1233 nostra
718 1166 958 1244 adherentibus,
984 1165 1145 1250 predictas
1176 1163 1257 1229 duas

121 1282 234 1358 partes
250 1277 460 1359 possessionis
476 1275 638 1360 Obongua
658 1281 826 1358 prenotate
843 1275 906 1357 ipsi
922 1275 1077 1356 magistro
1093 1271 1257 1348 Michaeli,

122 1382 287 1451 residuam
312 1404 386 1448 reru
411 1385 544 1448 terciam
569 1391 697 1467 partem
723 1381 866 1448 eiusdem
891 1381 976 1448 dieto
1002 1381 1101 1446 Petro
1126 1381 1257 1445 literato

121 1493 210 1557 omni
227 1513 264 1557 eo
280 1492 350 1556 iure
367 1512 430 1573 quo
447 1491 488 1556 ad
505 1493 589 1576 ipsos
605 1491 837 1574 dignoscuntur
853 1491 1023 1576 pertinere,
1038 1489 1257 1574 perennaliter

121 1600 355 1679 adiudicantes,
365 1601 516 1666 duximus
532 1599 713 1666 reddendas
729 1605 761 1664 et
777 1599 995 1682 resignandas.
1015 1596 1124 1681 Quare
1138 1585 1257 1663 'discre-

121 1709 224 1774 cionis
266 1715 371 1774 vestre
396 1707 574 1774 amiciciam
598 1707 800 1792 presentibus
828 1707 1069 1791 requirimus..
1096 1713 1257 1788 quatenus

121 1827 266 1885 vestrum
283 1818 424 1882 mittatis
440 1817 601 1882 hominem
617 1837 676 1901 pro
693 1817 876 1882 testimonio
892 1815 955 1881 fide
972 1816 1113 1900 dignum,
1124 1815 1157 1879 in
1168 1816 1257 1880 cuius

121 1927 293 2012 presencia
309 1924 511 1992 Laurencius
528 1923 614 1990 filius
631 1925 722 1990 Petri
739 1924 832 1990 horno
853 1930 961 1990 noster
978 1924 1019 1988 ad
1035 1923 1096 1988 hoc
1112 1923 1258 2008 speciali-

122 2043 174 2100 ter
190 2035 375 2118 deputatus,
393 2034 434 2099 ad
452 2034 566 2100 faciem
592 2033 737 2118 predicte
763 2033 972 2116 possessionis
989 2030 1152 2116 Ohongwa
1171 2055 1258 2098 acce·

120 2143 228 2208 dendo
254 2193 286 2208 ..
317 2149 442 2209 statuat
467 2143 601 2208 eandem
628 2145 661 2208 in
686 2142 811 2208 duabus
840 2142 989 2227 partibus
1014 2142 1076 2225 ipsi
1102 2141 1257 2224 magistro

121 2252 281 2318 Michaeli
298 2253 422 2318 cantori
437 2253 528 2318 iuxta
545 2253 703 2318 dictarum
722 2251 890 2317 literarum
907 2251 1169 2318 statuoionalium
1186 2270 1258 2315 con·

121 2360 309 2440 tinenoiam‚
326 2363 357 2428 in
375 2361 476 2428 tercia
492 2382 566 2427 vero
577 2367 669 2444 parte
690 2360 793 2425 eidem
809 2362 909 2426 Petro
925 2360 1064 2442 literato,
1082 2381 1154 2424 cum
1171 2359 1257 2423 omni

121 2469 326 2553 plenitudine
350 2471 469 2536 iurium
496 2492 615 2553 earum,
632 2470 887 2536 contradictione
912 2471 1082 2555 perscripti
1110 2470 1258 2552 magistri

119 2577 145 2642 J
146 2577 287 2644 ohannis
303 2599 367 2644 non
384 2579 541 2657 obstante,
558 2600 594 2644 eo
611 2581 680 2645 iure
697 2601 760 2663 quo
785 2578 827 2645 ad
842 2580 927 2662 ipsos
952 2579 1164 2644 dinoscuntur
1188 2599 1259 2660 per·

122 2688 237 2770 tinere,
258 2695 414 2771 perpetuo
430 2687 648 2772 possidendas,
664 2687 759 2752 salvis
782 2685 906 2753 iuribus
923 2686 1046 2764 alienis,
1062 2686 1089 2752 si
1105 2707 1163 2770 per
1178 2685 1258 2751 alios

121 2796 295 2878 quospiam
311 2816 375 2860 non
391 2795 488 2861 scierit
504 2795 740 2861 contradictum
753 2821 759 2877 ;
772 2795 828 2860 alii
845 2795 955 2861 verosi
972 2796 1027 2879 qui
1044 2793 1257 2861 contradicto·

121 2924 175 2968 res
208 2904 402 2988 exstiterint,
434 2906 512 2970 citet
545 2904 673 2972 eosdem
712 2911 826 2971 contra
864 2906 1026 2990 predictos
1065 2904 1258 2988 magistrum

121 3009 326 3090 Michaelem,
348 3018 380 3076 et
405 3012 538 3078 Petrum
563 3013 729 3078 literatum
754 3015 797 3079 ad
821 3019 965 3080 nostram
993 3014 1192 3098 presenciam
1217 3012 1258 3076 ad

121 3119 302 3184 terminum
318 3126 560 3204 competentem.
583 3121 629 3187 Et
645 3127 719 3204 post
734 3122 793 3188 heo
809 3123 924 3188 seriem
943 3123 1044 3207 ipsius
1070 3122 1259 3188 statucionis

119 3248 194 3290 oum
214 3225 398 3292 nominibus
416 3228 589 3294 citatorum
605 3229 632 3294 si
648 3230 703 3312 qui
719 3227 848 3308 fuerint,
864 3235 896 3295 et
911 3229 1084 3295 terminum
1110 3231 1252 3312 assigna-

120 3341 195 3400 tum
211 3335 306 3401 nobis
323 3337 536 3405 amicabiliter
552 3338 746 3407 rescribatis.
771 3339 895 3405 Datum
912 3346 1001 3405 sexto
1017 3340 1068 3404 die
1085 3359 1258 3422 congrega·

121 3445 227 3508 cionis
267 3452 376 3510 nostre
415 3454 585 3530 prenotate
628 3455 661 3514 et
691 3449 760 3513 loco
800 3447 970 3528 antedicto,
1010 3469 1094 3514 anno
1136 3447 1259 3512 domini

121 3552 170 3617 M.
181 3551 305 3621 000ῃο
317 3555 584 3638 quinquagesimo
600 3557 712 3639 primo.
736 3555 806 3622 Nos
825 3557 936 3640 itaque
962 3607 992 3621 ..
1024 3577 1163 3622 unacum
1188 3575 1258 3639 pre·

122 3662 214 3727 dicto
231 3663 415 3730 Laurenoio
435 3663 500 3729 lilio
526 3665 617 3730 Petri
642 3667 770 3732 bomine
795 3671 900 3733 restro
926 3667 967 3732 ad
992 3666 1053 3733 hoc
1077 3663 1259 3749 specialiter

120 3773 328 3851 transmisse,
353 3793 452 3837 unum
477 3793 517 3838 ex
540 3771 640 3856 nobis,
666 3773 813 3840 videlicet
838 3825 868 3840 ..
899 3775 1093 3858 magistrum
1124 3773 1259 3838 Petrum

45 3893 49 3900 '
121 3880 392 3945 archidiaconum
408 3879 447 3944 de
464 3881 579 3966 Kyzdy
597 3881 756 3948 decanum
771 3883 903 3948 ecclesie
919 3887 1028 3947 nostre
1045 3879 1086 3946 ad
1101 3881 1258 3965 premissa

122 3987 317 4072 exequenda
341 3987 490 4054 duximus
514 3990 808 4069 transmittendum,
824 3991 880 4073 qui
907 4040 936 4055 ..
967 3988 1158 4069 retulerunt,
1174 3988 1259 4072 quod

121 4098 188 4180 ipsi
205 4096 290 4162 feria
306 4097 447 4162 secunda
466 4098 613 4181 proxima
629 4105 703 4182 post
718 4098 836 4164 festum
852 4097 1099 4163 Purificacionis
1124 4097 1257 4179 virginis

122 4206 266 4290 gloriose
306 4210 523 4290 prenotatam,
558 4207 600 4272 ad
638 4206 753 4273 faciem
791 4208 1013 4292 prenominato
1051 4205 1260 4291 possessionis

122 4313 292 4397 Ohongua
318 4315 536 4394 accessissent,
552 4315 796 4399 convocatisque
822 4315 969 4382 omnibus
995 4315 1108 4381 ricinis
1128 4320 1161 4379 et
1177 4334 1259 4380 oom-

122 4422 284 4488 metaneis
316 4421 466 4501 eiusdem,
491 4422 634 4508 ipsisque
666 4421 868 4507 presentibus
893 4423 984 4488 etin
1014 4423 1103 4488 nullo
1135 4427 1259 4487 contra·

120 4529 318 4612 dicentibus,
334 4529 397 4594 imo
422 4530 706 4610 consencientibus,
722 4531 802 4596 duas
827 4536 936 4615 partes
962 4531 1062 4614 ipsius
1088 4531 1260 4615 possessio·

121 4639 174 4704 nis
201 4636 368 4722 Ohongwa
393 4639 549 4722 magistro
573 4637 730 4704 Michaeli
755 4641 879 4705 cantori
904 4640 1036 4705 ecclesie
1061 4645 1180 4720 nostre,
1199 4645 1261 4705 ter·

123 4749 210 4812 ciam
241 4767 314 4810 vero
339 4753 465 4830 partem
490 4747 590 4812 Petro
615 4747 754 4830 literato,
771 4769 807 4812 eo
824 4750 893 4814 iure
910 4771 972 4832 quo
989 4748 1030 4814 ad
1062 4749 1147 4834 ipsos
1172 4748 1260 4812 dino-
