3226 5462
368 481 411 546 44
718 499 904 546 nsrounosr
921 487 1136 548 cuulurrls.

367 662 503 744 septimo
522 661 681 727 editarum
701 661 898 728 declarabat:
911 664 998 744 qircd
1017 665 1133 732 nobilis
1142 668 1191 731 vir
1200 667 1506 750 magisterThomas

366 769 451 835 filius
468 767 620 836 Alsdarii
637 771 677 836 de
693 792 809 856 genere
825 773 932 838 Peech
949 777 1145 842 castellanus
1171 776 1210 840 de
1238 775 1368 860 Wynar
1383 777 1423 842 de
1438 776 1506 842 Be·

367 878 464 943 rench
480 879 566 944 etde
582 877 730 946 Ohehthe
746 880 788 946 ab
803 903 877 963 una,
893 889 925 948 ct
941 883 1129 950 Demetrius
1146 883 1231 948 filius
1247 884 1420 950 Michaelis
1437 885 1503 948 filii

366 987 503 1052 Martini
528 1011 587 1072 pro
613 988 767 1055 Ladislao
792 990 893 1056 fratre
918 1013 976 1056 suo
993 1044 999 1057 .
1017 1043 1023 1055 .
1040 995 1119 1058 item
1136 989 1298 1076 Georgius
1323 991 1408 1058 filius
1428 993 1506 1058 Ste-

365 1094 464 1178 phani
496 1094 554 1160 filii
585 1096 758 1162 Michaelis
790 1098 829 1162 de
855 1098 968 1166 Ohaba
1003 1122 1062 1183 pro
1088 1121 1121 1166 se
1146 1100 1360 1184 personaliter
1384 1109 1416 1166 et
1439 1123 1504 1184 pro

367 1203 493 1268 Thema
508 1203 609 1270 fratre
625 1227 683 1270 suo
699 1207 826 1271 uterino
842 1259 848 1272 .
866 1255 873 1271 .
890 1209 967 1272 item
992 1209 1180 1274 Demetrius
1206 1215 1238 1273 et
1264 1207 1425 1291 Georgius
1441 1230 1506 1291 pro

366 1311 535 1392 Demetrio
545 1312 611 1377 lilio
621 1312 749 1379 Nicolai
760 1313 818 1380 filii
834 1314 986 1382 Ferkssii
997 1317 1036 1381 de
1047 1317 1202 1382 comitatu
1220 1316 1343 1382 Wrbaz
1360 1369 1366 1380 .
1384 1370 1390 1381 .
1407 1323 1505 1401 parte

366 1417 407 1482 ab
424 1419 537 1498 alters,
554 1420 595 1485 ud
611 1422 713 1518 ipsius
733 1424 867 1508 capituli
884 1423 1060 1490 Nitriensis
1085 1424 1273 1491 accedentes
1289 1427 1505 1509 presenciam,

367 1527 452 1593 idem
469 1531 624 1612 magister
640 1529 782 1598 Thomas
799 1531 885 1597 filius
901 1531 1054 1598 Alsdarii
1071 1555 1109 1597 ex
1127 1533 1311 1599 nacionibus
1327 1535 1360 1599 in
1377 1535 1500 1600 eisdem

366 1635 470 1701 literis
486 1640 677 1722 conscriptis
695 1689 701 1703 .
718 1689 725 1703 .
742 1642 973 1724 possessionem
989 1642 1116 1726 Zeplak
1133 1664 1205 1708 cum
1221 1643 1368 1708 omnibus
1386 1643 1453 1709 suis
1475 1694 1503 1708 ..

366 1747 576 1827 pertinenciis
592 1797 599 1810 .
616 1797 622 1810 .
640 1748 760 1813 eisdem
785 1749 945 1816 nobilibus
971 1759 1003 1815 et
1027 1773 1084 1834 per
1110 1773 1163 1817 eos
1189 1753 1255 1818 suis
1280 1752 1505 1818 heredibus..

366 1873 403 1918 eo
419 1853 498 1932 iure,
515 1874 578 1934 quo
594 1855 637 1920 ad
653 1856 739 1940 ipsos
755 1857 976 1923 dinosceretur
990 1859 1161 1944 pertinere,
1176 1861 1246 1925 iure
1257 1865 1413 1945 perpetuo
1429 1882 1505 1944 pos·

368 1961 534 2026 sidendam
551 1964 734 2031 remisisset.

474 2089 557 2140 Garsi
570 2091 673 2141 Miklbs
695 2093 837 2143 nsuornak
864 2099 939 2144 1404.
965 2094 1023 2156 jau.
1038 2095 1121 2144 5·ken
1143 2096 1201 2145 kelt
1223 2095 1374 2158 lteletebdl,
1395 2097 1504 2158 melyec

366 2179 448 2229 ismet
460 2180 608 2244 Zsigrnond
621 2183 713 2245 kirtly
738 2189 814 2234 1406.
837 2191 918 2234 ruant.
942 2185 1024 2236 as-au
1049 2187 1206 2236 »Johannes
1229 2187 1303 2236 filius
1326 2186 1439 2250 Georgii
1463 2187 1500 2236 de

366 2270 504 2320 Warbek«
518 2269 668 2322 hdrelrnere
682 2273 727 2324 lrt.
741 2274 786 2338 ἐκ
800 2275 889 2325 ennek
900 2275 1029 2339 credetije
1039 2291 1157 2341 megvau
1164 2291 1198 2328 az
1210 2292 1277 2327 orez.
1289 2278 1320 2326 lt.
1331 2277 1429 2328 kirrcst.
1441 2283 1505 2328 oszt

367 2359 401 2409 N.
415 2361 448 2411 R.
462 2360 496 2412 A.
512 2367 570 2414 107.
586 2369 627 2416 17.
641 2364 707 2428 dipl.
720 2366 752 2416 lt.
767 2370 846 2418 8859.
865 2366 965 2416 Kozli:
985 2367 1096 2418 Kovdcs
1108 2369 1145 2418 N.

857 2527 1014 2537 ——....-

908 2661 961 2722 23.

371 2800 464 2862 1347.
485 2796 573 2884 Gydr
589 2799 713 2882 mellett,
729 2823 798 2885 apr.
815 2801 868 2865 30.
888 2799 1003 2864 Miletos
1018 2800 1120 2865 reddor
1139 2799 1221 2864 uttal
1240 2809 1346 2865 tortott
1362 2801 1502 2888 buzyge-

368 2906 447 2971 le'sea
458 2906 547 2992 (iydr
561 2912 727 2994 cdrmegye
744 2907 1071 2993 tuctuiscldijeleulih
1090 2908 1169 2994 bopy
1181 2908 1416 2994 Noyymurtoni
1435 2910 1502 2974 Pul

519 3016 706 3102 orszdgbtro,
723 3011 822 3080 Hercu
838 3024 919 3080 need
936 3015 1080 3081 birlclcdu
1096 3020 1201 3080 cemos
1215 3016 1362 3081 szedctett.

474 3158 543 3226 Nos
559 3159 715 3226 Nicolaus
732 3211 738 3224 .
755 3210 761 3224 .
779 3161 942 3244 palatinus
959 3167 992 3226 et
1007 3161 1104 3226 iudex
1121 3181 1327 3225 comanorum
1343 3161 1502 3227 memorie

369 3269 637 3348 commendamus,
655 3269 741 3350 quod
758 3269 791 3335 in
807 3270 1059 3353 congregacione
1084 3275 1196 3334 nostra
1213 3270 1356 3352 generali
1372 3271 1502 3334 univer-

369 3378 460 3441 sitati
487 3375 644 3442 nobilium
660 3376 684 3442 J
686 3377 845 3442 auriensis
862 3381 895 3442 et
911 3377 1179 3443 Komaroniensis
1189 3369 1407 3456 comitatuum,
1418 3377 1505 3444 feria

368 3484 509 3550 secunda
533 3486 682 3568 proxime
705 3491 780 3570 post
806 3485 923 3551 festum
954 3485 1042 3551 beati
1068 3481 1201 3568 Georgii
1227 3485 1371 3550 martiris
1397 3507 1504 3572 prope

369 3595 532 3659 civitatem
564 3594 771 3661 Jsuriensem
798 3594 968 3677 celebrata,
994 3615 1098 3660 comes
1124 3592 1280 3659 Matheus
1305 3592 1503 3660 officialis..

368 3703 503 3787 capituli
529 3705 663 3770 ecclesie
687 3704 872 3769 dumiensis
890 3755 896 3768 .
914 3753 920 3767 .
937 3725 996 3788 pro
1022 3704 1134 3768 eodem
1159 3703 1301 3787 capitulo
1327 3703 1366 3767 de
1393 3704 1504 3769 medio

371 3813 508 3878 aliorum
525 3813 726 3895 exsurgendo
744 3813 826 3878 dixit
851 3833 888 3877 eo
913 3813 1016 3890 modo,
1043 3813 1130 3893 quod
1155 3833 1251 3894 super
1275 3812 1505 3878 villacomitis

368 3919 465 3983 Pauli
490 3919 605 3983 iudicis
622 3921 710 3984 curie
720 3920 807 4002 regie
817 3919 933 4004 Icreny
949 3925 1071 3998 vocata,
1088 3919 1247 3984 tributum
1265 3920 1351 4000 quod
1368 3921 1502 4003 exigere

368 4047 431 4091 non
459 4027 572 4094 suisset
601 4027 813 4092 constitutum
838 4049 923 4093 nunc
939 4029 1130 4110 exigeretur,
1160 4033 1273 4110 petens
1289 4027 1375 4092 idem
1392 4048 1503 4094 comes

368 4135 521 4200 Matheus
561 4140 750 4218 procurator
789 4135 867 4200 dicti
899 4136 1032 4218 capituli
1073 4135 1258 4201 ,lauriensis
1298 4135 1331 4198 in
1362 4155 1506 4218 persona

369 4243 510 4309 ciusdem
527 4243 661 4328 capituli
677 4266 749 4308 cum
765 4245 936 4325 instancia,
962 4250 999 4308 ut
1014 4266 1072 4309 nos
1089 4265 1184 4327 super
1201 4265 1247 4322 ec,
1272 4249 1382 4308 utrum
1398 4243 1505 4308 tribu-

368 4361 439 4418 tum
455 4373 552 4436 super
567 4353 713 4437 predicta
728 4351 805 4416 villa
830 4353 944 4436 Icreny
971 4351 1012 4416 ab
1037 4352 1172 4433 antiquo
1197 4351 1281 4416 iuste
1306 4351 1355 4414 rel
1379 4351 1505 4416 iniuste

369 4467 516 4526 exactum
547 4460 661 4526 fuisset
685 4460 735 4524 vel
761 4461 888 4544 exigere
915 4466 1098 4526 consuetum
1123 4481 1181 4525 nec
1209 4481 1257 4538 ne,
1287 4459 1503 4544 vicecomites

368 4567 490 4634 iudices
506 4567 661 4633 nobilium
672 4575 704 4634 et
720 4571 844 4635 iuratos
860 4590 1037 4634 assessores
1054 4569 1263 4632 comitatuum
1279 4567 1503 4650 predictorum

369 4677 410 4746 ud
427 4677 526 4746 fidem
539 4698 650 4746 eorum
666 4683 698 4744 et
713 4677 903 4746 fidelitatem
920 4677 1048 4744 domino
1063 4682 1174 4744 nostro
1184 4675 1253 4760 regi
1270 4695 1391 4758 sueque
1407 4695 1503 4742 sacre
