3180 5470
533 585 616 647 1351
635 605 704 646 arn.
722 588 774 648 23.
1165 591 1227 652 451

91 759 166 824 liter
182 765 342 826 astantem
358 782 454 844 super
470 782 516 840 eo,
533 769 641 827 utrum
657 764 726 847 ipse
742 763 831 829 dicta
841 764 905 830 duo
921 765 1088 850 privilegia
1105 766 1223 832 eisdem

92 865 229 932 Nicolao
254 875 287 932 et
312 867 454 952 Georgio
471 919 500 932 ..
526 871 568 936 ad
584 871 776 936 servandum
793 871 941 952 dedisset,
967 875 1222 957 quesivissemus,

92 975 178 1039 idem
195 973 330 1042 Oozmas
347 976 501 1060 allegavit
517 978 550 1041 in
566 979 653 1044 hune
677 977 818 1059 modum,
844 981 930 1061 quod
954 982 1023 1065 ipse
1050 983 1138 1048 dicta
1164 983 1227 1049 duo

90 1083 260 1166 privilegia
275 1107 440 1168 nunquam
458 1085 577 1152 eisdem
603 1087 740 1154 Nicolao
765 1093 798 1153 et
824 1086 966 1173 Georgio
983 1141 989 1154 .
1007 1140 1014 1154 .
1042 1090 1083 1156 ad
1100 1113 1228 1157 servan·

91 1191 168 1256 dum
185 1241 215 1258 ..
241 1192 438 1271 tradidisset,
465 1194 520 1258 sed
545 1195 633 1260 dicta
658 1196 721 1260 dno
740 1197 910 1280 privilegia
935 1218 1060 1282 semper
1085 1205 1119 1263 et
1142 1200 1228 1264 omni

90 1307 245 1383 tempore,
262 1322 282 1364 a
297 1305 441 1384 tempore
458 1303 560 1368 eciam
576 1305 791 1370 emanaoionis
809 1305 1003 1384 earumdem,
1018 1306 1106 1391 apud
1121 1307 1227 1390 ipsum

92 1414 125 1472 et
150 1410 377 1491 generaciones
405 1431 488 1488 suas,
504 1431 572 1474 nec
597 1433 660 1475 non
687 1403 771 1496 apu'd
807 1412 1049 1495 predecessores
1082 1415 1227 1498 ipsorum

90 1517 248 1584 fuissent.
266 1572 272 1585 .
290 1520 473 1602 specialiter
490 1520 575 1603 apud
587 1521 705 1587 Donch
720 1522 1131 1606 patremipsiusDominici
1148 1523 1227 1587 exti-

88 1627 205 1692 tissent
221 1633 254 1691 et
269 1649 355 1693 nunc
372 1627 459 1711 apud
475 1630 581 1712 ipsum
591 1629 797 1694 Dominioum
808 1631 1015 1710 haberentur,
1026 1633 1104 1714 quia
1120 1633 1222 1697 eciam

87 1734 186 1798 iidem
202 1733 358 1801 Nicolaus
375 1743 408 1800 et
424 1731 584 1820 Georgius
601 1787 632 1800 ..
655 1760 822 1822 nunquam
850 1739 883 1803 in
908 1761 973 1804 una
990 1740 1076 1804 linea
1093 1761 1224 1823 genera·
1264 1771 1268 1776 ·

89 1842 189 1906 rionis
206 1864 280 1907 cum
296 1843 365 1927 ipso
379 1849 412 1907 et
427 1845 499 1909 aliis
516 1846 779 1926 generationibus
805 1847 870 1912 suis
887 1847 1078 1926 extitissent,
1094 1849 1224 1914 racione

88 1950 180 2014 cuius
198 1951 262 2033 ipsi
279 1951 440 2034 predictas
457 1953 568 2018 literas
584 1953 801 2037 privilegiales
818 1976 1006 2020 conservare
1022 1953 1229 2024 debuissent3

91 2057 222 2124 demum
240 2081 312 2123 cum
329 2060 464 2125 eundem
485 2059 657 2125 Nicolaum
673 2061 793 2126 dictum
814 2063 960 2146 Ohynige
977 2063 1043 2128 vice
1059 2063 1177 2127 iterata
1193 2065 1226 2128 in

89 2187 148 2230 sua
165 2172 201 2230 et
216 2165 296 2231 dicti
312 2164 447 2251 Georgii
464 2167 574 2232 fratris
591 2169 641 2234 sui
657 2191 803 2252 persona,
820 2191 916 2253 super
935 2191 972 2234 eo
988 2169 1144 2250 videlicet,
1161 2192 1225 2254 qua

88 2275 222 2340 racione
240 2275 403 2340 mediante
419 2275 506 2341 dicta
516 2277 579 2342 duo
591 2277 760 2360 privilegia
770 2298 833 2342 non
843 2278 929 2360 ipsos
939 2278 995 2343 sed
1005 2277 1143 2344 aliorum
1154 2280 1226 2344 iura

91 2383 270 2464 tangeneia
289 2383 424 2448 celando
442 2383 476 2447 in
495 2385 612 2449 scrinio
633 2406 690 2448 suo
710 2391 807 2467 prout
826 2387 915 2468 prius
935 2385 1139 2450 affirmarent
1155 2408 1227 2450 con·

86 2497 279 2570 servassent,
294 2496 328 2555 et
346 2513 404 2574 per
423 2511 520 2573 quem
536 2492 666 2557 modum
685 2494 899 2576 possessiones
909 2493 1054 2577 prefatas
1068 2494 1220 2576 sepedicti

87 2599 255 2664 Dominici
272 2599 330 2664 lilii
346 2599 470 2682 Donoh,
482 2599 632 2683 Haripan
648 2600 749 2666 Kezw
765 2607 797 2666 et
813 2601 944 2667 Rechlre
955 2608 1094 2679 vocatas,
1111 2608 1223 2666 contra

86 2707 192 2790 ipsius
209 2707 373 2774 Dominici
389 2709 550 2792 legitimas
571 2709 807 2792 prohibiciones
827 2711 1013 2794 occupando
1030 2710 1221 2776 detinuisset

87 2821 121 2878 et
138 2837 226 2880 nunc
239 2815 402 2880 detineret
418 2817 672 2900 quesivissemus,
689 2817 832 2900 prefatus
849 2815 1005 2884 Nicolaus
1022 2817 1126 2884 dictus
1138 2816 1224 2902 Ony-

84 2923 165 3006 nige
181 2944 240 3007 pro
257 2946 291 2989 se
308 2930 340 2988 et
356 2923 516 3008 sepedicto
532 2925 632 2990 fratre
654 2947 711 2990 suo
728 2925 853 2990 nullam
875 2928 1035 2992 racionem
1061 2925 1223 3001 efficacem

84 3051 188 3115 super
205 3032 450 3096 conservacione
466 3033 628 3097 dictarum
643 3033 812 3099 literarum
824 3055 862 3098 ao
877 3034 1067 3099 detencione
1084 3037 1227 3118 ipsarum

83 3140 326 3222 possessionum
342 3140 445 3204 valuit
460 3141 637 3224 assignare,
654 3140 710 3204 sed
720 3140 823 3204 solum
844 3139 982 3222 simplici
998 3139 1168 3205 verborum
1178 3141 1224 3205 in·

82 3249 276 3314 sinuacione
292 3249 396 3314 dictas
411 3249 625 3332 possessiones
651 3269 710 3332 pro
729 3269 774 3330 eo,
792 3249 869 3332 quia
884 3249 946 3332 ipsi
963 3269 1118 3313 unacum
1140 3247 1225 3313 dicto

81 3355 263 3422 Dominioo
279 3359 312 3422 in
329 3379 394 3423 una
419 3358 505 3422 linea
531 3358 751 3441 generationis
777 3356 882 3421 forent
907 3361 941 3421 et
966 3355 1149 3435 existerent,
1169 3377 1227 3421 nec

80 3489 152 3530 non
170 3488 211 3530 ex
227 3488 264 3530 eo
280 3468 358 3550 quia
374 3466 538 3550 predictus
555 3465 690 3531 Oozmas
707 3465 835 3556 easdem
845 3466 1059 3550 possessiones
1079 3465 1158 3548 ipsis
1182 3464 1224 3529 ad

79 3573 320 3658 possidendum
335 3573 531 3652 tradidisset,
549 3594 582 3638 se
599 3581 631 3638 et
646 3575 752 3658 ipsum
778 3571 956 3656 Georgium
981 3571 1115 3637 fratrem
1131 3594 1225 3637 suum

79 3683 269 3748 detinuisse
286 3689 319 3747 et
333 3682 514 3766 possedisse
531 3683 677 3765 asseruit,
689 3681 775 3766 quod
790 3687 899 3746 tamen
916 3681 1007 3745 nullo
1018 3679 1157 3745 evidenti
1168 3679 1225 3744 do-

79 3797 240 3856 cumento
251 3791 508 3875 utpremittitur,
518 3790 626 3874 potuit
642 3787 859 3872 comprobare.
871 3788 995 3854 Verum
1011 3789 1088 3871 quia
1103 3788 1226 3871 predic-

76 3905 139 3965 tus
151 3897 312 3964 Nicolaus
328 3899 434 3964 dictus
450 3899 613 3984 Ohynige.
631 3949 635 3961 .
652 3899 685 3962 in
697 3919 755 3962 sua
766 3903 798 3961 et
808 3896 885 3962 dicti
895 3897 1005 3962 fratris
1016 3897 1066 3961 sui
1079 3917 1225 3980 persona,

74 4008 287 4093 prescriptos
304 4002 550 4091 (possessiones)
567 4005 731 4070 Dominici
747 4003 805 4069 filii
817 4004 943 4083 Donch,
954 4003 1105 4086 Haripan
1121 4002 1222 4068 Kezw

75 4123 113 4180 et
132 4114 274 4180 Recblre
291 4120 430 4191 vocatas,
446 4119 515 4178 tum
533 4115 661 4178 racione
677 4114 782 4190 huius,
799 4113 875 4196 quia
891 4113 953 4195 ipsi
984 4133 1121 4176 unacum
1138 4133 1226 4195 sepe-

75 4224 166 4290 latis
182 4223 357 4287 Dominieo
368 4221 433 4286 filio
449 4222 567 4286 Donch
583 4227 615 4285 et
631 4220 752 4286 Oozma
762 4219 828 4284 filio
838 4219 1046 4285 Herbordiin
1058 4221 1219 4284 unalinea

72 4331 311 4416 generacionis
328 4331 434 4394 forent
450 4336 482 4395 et
497 4331 678 4408 existerent,
692 4335 761 4394 tum
778 4329 879 4393 eciam
894 4349 954 4411 pro
975 4348 1020 4406 ec,
1037 4329 1115 4409 quia
1140 4327 1225 4392 idem

72 4440 228 4506 Cozmas
244 4439 461 4521 possessiones
477 4436 642 4520 predictas
658 4439 787 4500 racione
811 4437 1027 4519 proximitatis
1044 4442 1076 4500 et
1092 4456 1225 4500 consan-

71 4546 279 4633 gnineitatis
296 4545 374 4629 ipsis
390 4545 600 4630 possidendas
616 4545 813 4621 contulisset,
830 4565 864 4608 se
881 4549 913 4607 et
928 4543 1034 4626 ipsum
1046 4541 1224 4626 Georgium

69 4658 228 4724 fratrem
243 4675 338 4718 suum
353 4655 458 4719 solum
474 4652 672 4737 simplicibus
682 4651 852 4716 verborum
861 4650 1109 4734 prolecionibus,
1119 4657 1152 4715 et
1161 4673 1225 4716 non

69 4767 203 4850 aliquo
219 4763 360 4828 evidenti
376 4763 568 4828 documento
583 4767 621 4826 ut
636 4761 835 4846 premittitur
854 4760 1033 4844 possedisse
1052 4757 1225 4844 allegabat,

1064 4882 1117 4938 aa*
