3188 5470
347 478 411 536 354
697 491 883 534 ANJUOKORI
899 477 1113 534 ouuturns'u.

341 653 523 736 relinquere
539 653 648 736 possit,
666 651 751 732 quod
772 651 915 735 predicte
942 657 1028 715 terre
1056 671 1138 732 quas
1165 652 1401 718 reambulando
1417 655 1477 720 cir-

342 761 468 837 cuisset,
484 761 684 843 pertinerent
699 759 740 824 ad
756 761 972 842 possessiones
988 765 1188 842 prenotatis,
1208 759 1293 824 unde
1309 761 1395 826 idem
1411 783 1477 826 ma·

341 869 441 952 gister
458 868 605 952 Phylpus
622 889 731 933 coram
746 869 842 933 dictis
858 867 1041 932 hominibus
1057 869 1147 950 regio
1163 869 1315 934 videlicet
1324 875 1356 933 et
1366 876 1476 934 nostro

342 997 401 1059 pro
417 981 510 1059 parte
527 998 585 1042 sna
601 976 775 1059 deputatis,
792 982 905 1041 contra
921 977 1138 1042 iuramentum
1164 977 1308 1042 eiusdem
1327 979 1475 1060 magistri

342 1083 440 1149 Denk
456 1084 566 1148 taliter
582 1084 759 1162 obiecisset,
785 1083 871 1167 quod
896 1083 964 1166 ipse
990 1085 1145 1167 magister
1169 1083 1267 1148 Denk
1292 1086 1326 1148 in
1346 1106 1476 1150 suorum

344 1191 448 1257 forma
463 1193 634 1258 verborum
649 1194 755 1276 ipsum
771 1193 987 1258 iuramentum
1008 1193 1269 1276 deponendorum
1298 1195 1479 1259 deerrasset

342 1308 375 1366 et
390 1301 556 1367 deviasset.
573 1302 698 1366 Datum
714 1301 796 1366 feria
812 1306 913 1382 sexta,
930 1301 1079 1366 videlicet
1094 1303 1128 1366 in
1145 1302 1226 1366 festo
1243 1302 1331 1367 beati
1339 1303 1478 1371 Vincen-

345 1411 385 1475 cii
401 1411 553 1487 martiris,
569 1429 653 1473 anno
670 1409 791 1473 domini
806 1408 859 1474 Μο
883 1407 1006 1475 000ῐῃο
1023 1409 1300 1492 quinquagesimo

450 1573 582 1622 Zarletdn
604 1571 697 1635 pecset
718 1571 922 1634 toreddkeive13
943 1571 1074 1635 credetije
1096 1587 1129 1620 az
1152 1587 1221 1620 craz.
1245 1573 1277 1621 lt.
1291 1572 1391 1621 kinest.
1410 1582 1479 1620 caat.

341 1666 375 1714 N.
388 1665 422 1713 R.
436 1664 470 1713 Δ.
487 1668 563 1714 1509.
579 1666 602 1710 5.
616 1662 683 1723 dipl.
698 1667 765 1710 cast.
780 1666 858 1710 4108.
879 1661 978 1710 Kozli:
998 1661 1108 1711 Kovdcs
1118 1661 1151 1710 N.

867 2043 941 2104 205.

350 2204 444 2266 1350.
455 2201 541 2288 febr.
558 2204 588 2266 3.
605 2201 634 2266 Α
653 2201 774 2287 nyc'lrai
799 2200 953 2284 lca'plalnn
980 2199 1051 2264 elon
1076 2198 1186 2284 Salyes·
1211 2197 1330 2265 Csorba
1356 2201 1483 2280 Pa'lfla

342 2309 470 2392 Mikldo,
499 2310 598 2393 Salpe
621 2306 689 2391 (rna
715 2305 902 2393 Sadqo'csko)
924 2316 1004 2370 necti
1030 2307 1150 2393 Nyitra
1167 2309 1345 2392 ndrmeqyci
1376 2308 1483 2371 birros

341 2417 575 2501 elfossoldodtdl
589 2441 609 2481 a
625 2417 777 2480 szonlaadd
808 2415 978 2479 Udcarnolc
1003 2423 1084 2477 nevit
1100 2413 1181 2499 fatu
1206 2414 1377 2479 dirtokosril
1396 2416 1482 2478 Koa!

407 2524 551 2605 Mlklosc,
570 2526 708 2608 Pozsony
723 2525 754 2586 e's
770 2523 892 2608 Nyilra
908 2521 1096 2608 cdrrnepye'k
1104 2521 1292 2608 fdiepdnjdt
1306 2523 1402 2608 tiltja.

447 2703 516 2770 Nos
534 2704 712 2787 capitulum
729 2703 862 2768 ecclesie
886 2701 1063 2768 Nitriensis
1086 2703 1201 2768 damus
1227 2722 1285 2785 pro
1311 2704 1484 2772 memoria,

342 2813 430 2894 quod
445 2812 601 2878 Nicolaus
617 2812 710 2876 rufus
727 2812 812 2877 filius
828 2811 926 2876 Pauli
942 2812 1020 2877 dicti
1036 2809 1167 2877 Ohorba
1182 2811 1221 2874 de
1238 2810 1364 2894 Solgow
1382 2815 1485 2876 comi·

341 2929 429 2988 tatus
445 2920 630 2998 Nitriensis‚
649 2920 690 2985 ad
706 2925 850 2986 nostram
868 2921 1081 3002 personaliter
1098 2919 1252 2984 accedens
1267 2923 1485 3002 presenciam,

339 3049 398 3112 per
406 3027 535 3092 modum
552 3028 800 3112 protestacionis
816 3026 1023 3110 magnificum
1039 3027 1142 3091 virum
1159 3025 1333 3092 Nicolaum
1352 3029 1485 3094 dictum

340 3134 424 3201 Oont
439 3137 588 3200 comitem
604 3133 833 3198 Posoniensem
861 3141 893 3197 et
919 3133 1119 3198 Nitriensem
1145 3132 1316 3217 prohibere
1342 3137 1485 3213 curavit,

342 3265 382 3307 ne
407 3244 527 3308 dictam
552 3243 785 3325 possessionem
811 3263 903 3307 auam
928 3240 1056 3326 Solgow
1080 3249 1226 3308 vocatam
1252 3242 1286 3305 in
1311 3243 1486 3308 vicinitate

342 3350 550 3433 possessionis
567 3349 645 3414 dicti
661 3349 810 3432 magistri
835 3349 964 3415 Nicolni
989 3347 1169 3416 Oduornuk
1194 3356 1305 3415 vocate
1330 3349 1433 3415 sitam
1450 3359 1485 3415 et

339 3457 539 3522 adiacentem
556 3456 667 3537 quovis
685 3457 809 3540 quesite
827 3456 932 3521 colore
948 3463 1127 3541 oocuparet,
1143 3457 1256 3522 retulit
1272 3457 1374 3523 eciam
1392 3458 1486 3524 idem

337 3563 496 3628 Nicolaus
522 3563 622 3640 rufus,
655 3563 741 3644 quod
766 3583 803 3627 eo
828 3569 973 3648 tempore
999 3587 1061 3647 quo
1087 3565 1206 3630 dictam
1238 3567 1482 3648 possessionem

340 3673 521 3739 Oduornuk
537 3673 640 3738 eidem
657 3674 811 3756 magistro
837 3672 973 3738 Nicolao
999 3675 1093 3738 homo
1119 3675 1228 3757 regins
1254 3680 1408 3758 presente
1425 3697 1488 3740 no-

341 3787 409 3846 stro
425 3781 609 3847 testimonio
627 3781 803 3857 statuisset,
822 3782 970 3846 similiter
985 3781 1211 3865 prohibuisset,
1237 3803 1386 3847 asserens
1405 3805 1487 3848 ean-

338 3889 410 3952 dem
425 3890 657 3972 possessionem
674 3887 800 3970 Selgow
826 3887 886 3952 sibi
911 3889 1107 3956 hereditario
1124 3891 1194 3954 inre
1210 3890 1383 3973 pertinere.
1412 3891 1487 3956 Da·

338 4001 408 4059 tum
433 3997 572 4061 secundo
598 3995 650 4060 die
675 3995 750 4060 festi
775 3995 1020 4062 Purificacionis
1046 3997 1180 4078 virginis
1207 3997 1355 4079 gloriose,
1392 4020 1489 4064 anno

340 4102 461 4166 domini
477 4103 655 4168 Millesimo
671 4100 792 4168 000ῑῐιο
809 4104 1084 4187 quinquagesimo.

445 4285 574 4348 Papiron,
588 4283 715 4332 ztrlattn
729 4283 820 4346 penset
833 4285 1010 4349 nyomaiva13
1030 4285 1161 4348 credetije
1183 4302 1200 4336 a
1219 4288 1256 4337 M.
1272 4287 1304 4337 T.
1318 4287 1491 4339 Akaddmia

337 4374 558 4438 kdnyvttrtban.
