3188 5470
366 493 431 554 3t4
722 508 908 553 aurouuoar
925 495 1139 552 ouulurra'u.

365 671 492 737 domine
502 669 674 736 Elizabeth
691 717 715 734 ..
732 669 843 754 regine
860 721 883 734 ..
901 670 1050 754 genitrici
1061 679 1169 737 nostre
1186 719 1210 734 ..
1224 672 1277 754 pie
1289 672 1486 756 complacere.

366 781 499 846 eandem
515 781 748 864 possessionem
765 777 882 863 Gyogh
897 787 1053 862 vocatam,
1071 799 1168 861 quam
1193 780 1297 844 eciam
1321 781 1412 864 prius
1427 801 1485 844 me-

365 888 528 954 diantibus
543 889 729 972 patentibus
745 888 849 954 literis
866 891 985 954 uostris
1000 887 1103 953 eidem
1119 888 1294 953 contulisse
1302 887 1384 953 bene
1394 907 1486 953 remr-

365 996 489 1074 damur,
506 1017 579 1060 cum
594 995 743 1061 omuibus
759 997 826 1061 suis
843 996 1040 1061 utilitatibus
1057 1003 1090 1061 et
1104 995 1314 1079 pertinenciis
1332 997 1485 1062 universis.

366 1104 426 1170 sub
441 1105 508 1170 suis
524 1104 607 1168 veris
624 1104 718 1168 metis
734 1111 767 1168 et
782 1105 935 1187 antiquis,
961 1105 1077 1186 quibus
1103 1106 1145 1171 ab
1170 1099 1246 1170 olim
1271 1105 1426 1170 hactenus
1440 1107 1486 1171 ba-

365 1213 436 1280 bita
460 1213 584 1278 exstitit
600 1219 633 1278 et
648 1233 795 1297 possessa
811 1263 818 1277 .
835 1262 841 1277 .
859 1213 1047 1279 donavimus
1065 1266 1070 1278 .
1088 1263 1095 1278 .
1112 1221 1268 1298 perpetuo
1287 1267 1293 1278 .
1312 1266 1317 1278 .
1335 1215 1486 1300 possiden·

365 1322 440 1387 dam
457 1370 463 1384 .
481 1370 487 1385 .
504 1321 714 1386 concedentes
731 1321 834 1386 eidem
859 1320 987 1386 domiue
1012 1323 1124 1404 regine
1140 1371 1147 1386 .
1164 1371 1171 1387 .
1188 1322 1278 1406 regia
1304 1322 1486 1387 anctoritate

365 1429 536 1510 mediante,
552 1430 733 1513 cuicunque
743 1429 888 1508 volucrit
905 1431 1047 1496 ecclesiis
1057 1428 1266 1496 videlicetvel
1277 1429 1486 1495 aliiscuiusvis

365 1543 469 1602 status
488 1537 671 1603 bominibus
695 1539 800 1622 ipsam
825 1539 1057 1621 possessionem
1075 1590 1080 1603 .
1098 1588 1105 1602 .
1122 1537 1262 1604 donandi
1288 1538 1424 1603 liberam
1439 1561 1485 1621 po

365 1649 526 1710 testatem.
550 1644 591 1708 In
616 1644 706 1710 cuius
736 1645 785 1709 rei
816 1647 1002 1711 memoriam
1029 1651 1249 1729 ..presentes
1281 1648 1485 1712 concessimus

365 1753 468 1818 eidem
485 1753 612 1818 domine
627 1753 737 1836 regine
753 1803 760 1817 .
778 1803 784 1816 .
801 1755 914 1820 literas
931 1760 1059 1820 nostras
1075 1755 1303 1838 privilegiales
1328 1755 1486 1838 pendentis

366 1861 464 1946 sigilli
480 1862 583 1926 nostri
599 1861 736 1945 duplicis
761 1863 937 1928 munimine
963 1864 1140 1930 roboratas.
1163 1863 1289 1929 Datum
1305 1885 1363 1947 per
1379 1885 1485 1927 manus

365 1969 563 2035 honorabilis
579 1977 612 2034 et
627 1970 759 2035 discreti
775 1971 836 2036 viri
852 1972 972 2038 domini
982 1971 1185 2037 Thatamerii
1195 1971 1350 2036 Albensis
1366 1971 1487 2036 ecclesie

365 2079 528 2162 prepositi,
544 2079 617 2143 aule
634 2084 742 2144 nostre
758 2079 1012 2144 vicecancellarii
1029 2129 1035 2143 .
1053 2132 1059 2144 .
1077 2101 1162 2144 anno
1185 2079 1306 2144 domini
1331 2079 1383 2143 Μο
1397 2077 1486 2144 000⁰

367 2187 471 2252 XL¹¹³⁰
487 2208 580 2264 nouo,
607 2193 723 2266 quarto
740 2188 811 2252 idus
836 2187 1034 2268 Decembris,
1061 2187 1152 2270 regni
1168 2192 1275 2251 autem
1296 2187 1396 2250 nostri
1412 2169 1487 2250 abne

366 2298 487 2359 octavo.
504 2292 755 2360 Venerabilibus
780 2296 815 2358 in
834 2293 964 2360 Christo
990 2293 1137 2378 patribus
1162 2293 1301 2358 dominis
1326 2293 1488 2358 Dominieo

366 2401 551 2486 Spalateusi
578 2402 826 2488 archiepiscopo,
851 2403 990 2469 Nicolao
1005 2401 1169 2487 Agriensi,
1195 2402 1362 2468 Demetrio
1378 2402 1487 2466 Wara·

366 2509 477 2586 diensi,
494 2508 653 2592 Gregorio
670 2508 897 2589 Obanadiensi,
913 2509 1048 2577 Andrea
1064 2511 1303 2592 Transsilrauo,
1320 2512 1487 2578 Colomano

365 2616 542 2699 Jauriensi,
559 2615 696 2682 Nicolao
723 2615 1059 2701 Quinqueecclesieusi
1085 2625 1117 2683 et
1142 2619 1303 2685 Michaele
1329 2619 1487 2684 Wacieusi

365 2723 758 2809 episcopiastrigoniensi,
769 2723 946 2805 (blesensi,
961 2725 986 2791 J
988 2725 1125 2806 adrensi,
1139 2725 1308 2804 Bonnensi,
1322 2725 1489 2794 Sirmiensc

366 2839 398 2897 et
413 2831 625 2915 Zagrabiensi
651 2832 780 2926 sedibus
804 2833 999 2914 vacantibus,
1025 2833 1177 2899 Joliauue
1202 2834 1446 2918 Wesprimisusi
1462 2841 1489 2897 et

365 2938 502 3006 Nicolao
518 2937 678 3005 Nitriensi
702 2939 1019 3006 electisconfirmatis
1036 2992 1042 3005 .
1061 2991 1066 3003 .
1084 2941 1263 3025 magnificis
1273 2943 1350 3008 viris
1360 2943 1488 3008 Nicolao
1576 3019 1577 3036 ἵ

365 3046 510 3130 palatino
526 3051 559 3111 et
573 3047 676 3112 iudice
692 3069 908 3128 comanorum,
925 3049 1091 3133 Stephano
1107 3049 1249 3133 voyroda
1266 3050 1488 3115 Traussilvauu
1576 3109 1577 3134 ,

365 3156 480 3220 comite
496 3157 536 3220 de
551 3155 676 3234 Zonuk,
693 3158 811 3222 comite
837 3158 962 3224 Thema
977 3159 1082 3223 iudice
1108 3160 1196 3223 curie
1221 3165 1337 3236 nostre,
1354 3157 1489 3226 Oliverio
1576 3147 1577 3204 l

296 3307 297 3311 ,
365 3264 469 3328 nostri
494 3269 527 3327 et
543 3263 648 3328 Paulo
665 3265 858 3347 reginalium
878 3267 1118 3332 tavernicorum
1133 3268 1307 3349 magistris,
1325 3267 1489 3331 Dominicu
1576 3259 1577 3282 ³

364 3369 448 3434 bano
465 3369 505 3434 de
522 3369 649 3449 Mache,
673 3370 809 3438 Nicolao
825 3371 891 3438 filio
907 3373 1081 3439 Laurencii
1098 3374 1195 3439 solari
1213 3376 1446 3456 pincernarum,
1462 3381 1488 3436 et

365 3475 521 3561 Dionysio
537 3499 713 3560 agasonum
729 3486 910 3545 nostrorum
923 3483 1087 3565 magistris
1103 3505 1141 3547 ac
1160 3483 1232 3547 aliis
1250 3481 1489 3566 quampluribus

364 3585 457 3668 regni
472 3586 574 3650 nostri
590 3585 761 3652 comitatus
778 3589 962 3654 tenentibus
980 3597 1012 3655 et
1027 3591 1171 3656 bonores.

472 3747 497 3796 A
511 3747 602 3810 peccet
624 3751 704 3798 vbrbs
725 3752 828 3814 sslyem
841 3753 972 3803 sodratou
986 3755 1061 3820 sugg.
1082 3751 1122 3803 Aa
1136 3754 1245 3804 oklevel
1268 3753 1296 3818 irj
1321 3755 1411 3818 posset
1424 3755 1489 3804 alan

370 3841 446 3886 1364.
460 3835 517 3886 dec.
532 3837 616 3886 all-an
641 3839 700 3887 kalt
721 3842 887 3906 megerostto
910 3842 1077 3892 aaradekkal
1099 3859 1153 3892 vau
1175 3843 1289 3906 ellatva,
1308 3843 1436 3906 urelyuelr
1450 3859 1490 3906 pe-

365 3926 437 3976 csete
462 3927 611 3990 elveszett;
640 3929 770 3993 credetije
803 3945 834 3980 aa
858 3945 926 3981 orsa.
955 3934 987 3982 lt.
1010 3933 1109 3984 lrincst.
1135 3939 1201 3983 oszt.
1227 3935 1302 3984 Mon.
1338 3935 1399 3983 Vct.
1424 3931 1490 3982 Bnd.

367 4020 408 4064 27.
425 4021 465 4066 13.
480 4015 547 4080 dipl.
561 4022 628 4067 oszt.
643 4023 721 4070 4099.
742 4021 842 4070 szli:
862 4022 971 4072 Kovacs
984 4025 1018 4072 N.
1033 4051 1064 4060 —
1075 4023 1166 4088 .sttr
1188 4023 1300 4090 Gybrgy
1313 4025 1331 4073 i.
1361 4039 1396 4072 m.
1406 4023 1455 4072 IX.
1470 4029 1490 4070 l.

367 4110 427 4155 644.
441 4107 459 4156 l.
475 4106 591 4157 basonlb
604 4108 739 4158 tartalmr'r
753 4109 891 4160 olrlevelet
904 4112 994 4176 kbzbl,
1008 4111 1041 4163 de
1054 4112 1112 4162 mas
1125 4113 1199 4162 kelet
1212 4114 1293 4163 alatt.
