3180 5470
306 427 378 487 422
665 440 852 486 nurousour
869 425 1085 486 ouulurrln.

308 623 373 668 una
386 607 473 667 meta
490 608 614 682 te1·1·ea;
631 601 814 686 abiudeque
830 601 989 668 currendo
1006 609 1039 668 ct
1054 603 1088 668 in
1097 603 1204 688 ipsum
1214 601 1348 668 fluvium
1357 600 1447 668 Kal-

307 711 389 776 basa
404 709 564 792 intrando,
582 711 685 776 currit
701 712 734 776 iu
751 711 862 776 eodem
878 711 964 776 infra
979 732 1038 796 per
1055 711 1217 776 modicum
1233 713 1388 795 spacium,
1409 711 1445 773 in

309 819 400 885 cuius
411 818 499 883 exitu
510 820 596 883 circa
612 819 749 884 eundem
765 817 897 884 fluvium
914 841 934 884 a
950 827 1044 902 parte
1066 821 1199 886 orientis
1215 828 1340 884 estana
1355 823 1447 884 meta

309 934 433 1008 terrea3
450 949 544 1010 aqua
556 927 677 994 directe
691 928 733 993 ad
749 929 852 1012 ipsam
863 929 994 1014 plagam
1011 929 1177 1012 currenda,
1188 930 1220 993 in
1232 928 1295 994 fine
1305 929 1446 993 duorum

310 1038 457 1119 iugerum
473 1040 634 1101 terrarum
653 1037 825 1102 arabilium
841 1044 888 1102 est
912 1059 976 1102 una
1001 1045 1089 1103 meta
1105 1045 1221 1114 terrea,
1238 1037 1292 1103 ubi
1318 1039 1447 1120 regirat

311 1145 352 1210 ad
369 1144 499 1228 plagam
515 1145 758 1210 meridionalem
785 1151 817 1210 et
840 1165 899 1229 per
924 1145 1083 1210 modicum
1109 1146 1254 1228 spacium
1271 1145 1358 1210 infre
1373 1166 1446 1209 cur-

310 1253 410 1318 rendo
427 1254 571 1319 annectit
585 1275 684 1320 unam
697 1253 845 1319 arborem
861 1253 1062 1335 tremuleam,
1073 1253 1132 1318 sub
1144 1259 1267 1336 quaest
1283 1258 1447 1318 unameta

311 1361 740 1442 terrea3etibi1eflectitur
765 1364 883 1427 iterato
909 1363 951 1426 ad
969 1369 1096 1446 partem
1122 1362 1255 1426 orientis
1274 1367 1307 1426 et
1322 1361 1447 1426 directe

312 1469 468 1534 currendo
483 1471 570 1535 venit
586 1469 627 1534 ad
644 1477 709 1535 tres
729 1477 831 1536 metas
855 1477 980 1536 terreas
1005 1493 1025 1535 a
1049 1471 1248 1554 possessione
1264 1471 1384 1536 Ronua
1400 1470 1448 1535 di·

311 1579 498 1661 stingentes,
515 1599 653 1662 quarum
668 1601 733 1644 una
749 1580 886 1662 antiqua
912 1587 945 1644 et
970 1579 1031 1644 due
1059 1600 1137 1644 nove
1155 1579 1373 1658 haberentur3
1391 1579 1448 1644 ubi

311 1687 435 1769 regirat
459 1706 570 1750 versus
604 1687 735 1770 plagam
766 1687 1018 1770 meridionalem,
1049 1687 1271 1770 currendoque
1302 1690 1449 1753 annectit

313 1795 393 1860 duas
409 1800 512 1860 metas
527 1801 660 1873 terreae,
677 1795 844 1880 antiquam
870 1802 902 1862 et
926 1818 1043 1862 novam
1067 1797 1101 1861 in
1117 1796 1323 1862 extremitate
1342 1797 1448 1860 cuius·

312 1904 387 1969 dam
402 1903 513 1988 lygeth
529 1904 720 1985 existentem
737 1925 757 1970 a
773 1903 891 1986 quibus
907 1905 1014 1972 adhuc
1039 1905 1124 1971 infra
1147 1904 1316 1983 currendo,
1341 1904 1448 1988 iungit

314 2011 462 2077 similiter
482 2011 562 2077 duas
582 2019 693 2091 metas,
710 2014 877 2096 antiquam
895 2019 927 2078 et
942 2034 1056 2078 novam
1081 2012 1172 2077 iuxta
1196 2012 1320 2077 dictum
1337 2012 1448 2096 lygeth

314 2120 444 2204 positas,
461 2119 640 2202 abindeque
657 2121 779 2186 declivo
794 2119 887 2186 modo
906 2119 948 2186 ad
964 2121 1099 2186 eandem
1121 2120 1253 2203 plagam
1280 2121 1448 2194 currendo,

314 2227 401 2292 venit
416 2227 459 2292 ad
475 2227 615 2310 primum
631 2229 736 2293 locum
753 2228 808 2292 ubi
824 2227 988 2312 inceperat
1007 2233 1040 2292 et
1055 2227 1100 2292 ibi
1119 2226 1345 2292 terminantur.
1362 2227 1450 2292 Dici-

315 2359 386 2402 mus
403 2336 504 2402 eciam
520 2336 607 2421 quod
623 2335 809 2421 Stephanus
826 2336 911 2402 filius
934 2335 1082 2404 Ladislai
1107 2336 1146 2400 de
1172 2335 1285 2401 eadem
1301 2335 1451 2420 Kazmyr

315 2468 374 2530 pro
385 2466 427 2524 se,
437 2451 469 2511 et
477 2466 536 2528 pro
547 2445 652 2510 Paulo
667 2444 734 2510 filio
750 2445 879 2511 Nicolai
895 2446 1129 2530 consanguineo
1146 2464 1203 2510 suo
1220 2443 1350 2510 Petheu
1363 2444 1447 2510 filius

316 2553 430 2619 Elleus
455 2558 488 2616 et
504 2553 608 2618 dictus
624 2553 797 2619 Ladislaus
814 2553 907 2619 homo
929 2559 1032 2620 vester
1057 2551 1206 2618 similiter
1231 2551 1447 2636 personaliter

316 2684 424 2728 coram
458 2661 549 2729 nobis
590 2670 858 2748 comparentes..
883 2685 1072 2731 consensum
1097 2663 1298 2748 prebuerunt
1323 2663 1357 2727 iu
1382 2683 1446 2728 ere·

317 2772 425 2838 ccione
440 2779 599 2838 metarum
625 2772 893 2856 supradictarum.
925 2772 1049 2840 Datum
1071 2771 1281 2838 indominica
1304 2773 1450 2855 proxima

318 2885 391 2962 post
407 2878 525 2944 festum
542 2885 651 2945 sancte
667 2879 846 2960 Elizabeth‚
863 2901 947 2946 anno
964 2879 1156 2963 supradicto.

428 3043 559 3093 Ztrlattn
574 3043 665 3108 pecstt
678 3043 856 3108 nyomaival3
874 3043 1004 3108 eredetije
1017 3059 1034 3094 a
1045 3043 1078 3094 N.
1091 3045 1287 3096 Muzeumban.

847 3335 921 3398 260.

322 3495 408 3557 1350
423 3493 524 3558 leci-ul.
551 3490 598 3556 Aa
615 3499 789 3578 ecaterpomi
814 3492 968 3578 ledptolon
994 3493 1022 3557 I.
1040 3493 1136 3578 Lajos
1155 3492 1334 3579 kirdlyualc
1345 3491 1450 3578 jeleali

320 3604 398 3689 kopp
416 3602 538 3666 Matala
554 3599 729 3664 'aecitBara
746 3601 925 3686 odraepyei
940 3599 1040 3664 bia-tolo
1057 3601 1278 3686 haidrjdrctsdt
1295 3599 1446 3666 arcacen-

530 3713 594 3796 j‘o'tt
611 3709 821 3773 alleri-moada‘s
837 3710 929 3773 miott
946 3733 1013 3773 uem
1031 3707 1226 3793 teljesz'tdette.

430 3925 436 3939 .
463 3925 469 3937 .
494 3871 680 3938 Lodovico.
708 3923 714 3936 .
752 3871 844 3954 regi.
872 3922 877 3936 .
915 3871 1093 3956 capitulum
1131 3871 1264 3937 ecclesie
1297 3871 1446 3954 Strigoni·

320 3982 404 4047 ensis
421 4033 451 4048 ..
475 3982 599 4048 literas
620 3985 743 4045 vestras
776 3979 868 4044 nobis
908 3980 1049 4048 directas
1066 4029 1096 4046 ..
1120 3981 1300 4064 recepimus
1327 3983 1362 4048 in
1393 3983 1446 4046 hec

322 4089 444 4155 verba:
475 4088 657 4154 Lcdovicus
674 4137 705 4154 ..
744 4108 800 4152 rex
817 4137 847 4154 ..
880 4089 1023 4172 capitulo
1063 4087 1279 4172 Strigoniensi
1298 4137 1329 4154 ..
1363 4087 1447 4154 Dicit

323 4198 415 4264 nobis
431 4195 583 4264 Andreas
599 4195 685 4262 filius
700 4197 791 4262 Petri
808 4197 848 4262 de
863 4197 1007 4281 Mykala‚
1033 4198 1118 4281 quod
1133 4197 1279 4282 predicta
1297 4197 1447 4282 possessio

325 4327 383 4371 sua
407 4303 542 4390 Mykala
566 4305 600 4370 in
625 4303 780 4370 comitatu
805 4304 971 4370 Borsiensi
997 4304 1083 4389 apud
1109 4326 1223 4370 manus
1240 4325 1317 4370 suas
1334 4304 1446 4380 habita,

325 4413 583 4479 reambulacione
599 4418 632 4478 et
647 4417 806 4478 metarum
824 4413 986 4478 ereccione
1012 4417 1044 4478 et
1069 4411 1110 4477 ab
1126 4411 1263 4478 aliorum
1283 4413 1448 4498 possessio-

326 4521 426 4586 uariis
442 4520 565 4586 iuribus
581 4525 741 4586 metarum
757 4519 966 4586 distinocione
990 4525 1024 4585 et
1048 4521 1255 4605 separacicue
1279 4521 1447 4606 plurimum

326 4629 502 4712 indigeret3
541 4649 663 4712 quare.
689 4678 697 4693 .
720 4627 920 4707 mandamus,
955 4633 1113 4713 quatenus
1144 4634 1286 4695 vestrum
1318 4629 1448 4695 mittatis
