3192 5466
332 463 395 524 196
680 475 865 520 announoni
882 459 1097 518 onulnrrln.

323 639 517 724 recaptivari
533 637 662 717 debere3
687 636 864 701 scribentes
880 635 991 716 itaque
1007 633 1151 716 predicto
1168 632 1336 697 conventui
1352 629 1454 695 sancti

324 748 481 830 Stephani
498 746 745 829 protomartiris,
769 744 949 808 amiciciam
970 765 1080 808 eorum
1097 792 1103 806 .
1122 791 1128 804 .
1147 742 1397 824 postularemus,
1421 747 1456 804 ut

323 877 432 919 eorum
449 854 614 918 mitterent
638 852 800 916 hominem
822 872 881 934 pro
906 851 1090 915 testimonio
1105 899 1112 913 .
1129 901 1135 914 .
1153 871 1261 914 coram
1279 869 1342 931 quc
1359 848 1455 914 homo

322 971 432 1030 noster
449 963 533 1028 infra
550 960 773 1042 declarandus,
801 960 973 1025 adfaciem
991 960 1075 1025 dicte
1092 959 1302 1042 possessionis
1318 957 1455 1022 Zarrez-

322 1067 864 1146 berukvocateaccedendo,dictam
875 1065 1454 1152 possessionariamporcionemipsius

323 1181 484 1245 ‚lobannis
500 1177 558 1244 filii
572 1177 722 1242 Ladislai
732 1177 766 1240 in
777 1177 888 1242 eadem
905 1175 1049 1242 habitam
1066 1175 1294 1259 recaptivendo
1309 1171 1455 1238 reambu·

322 1280 1454 1375 laret‚reambulatamque..statueretpredictoJohannifilioLadislai

324 1418 359 1461 eo
369 1397 440 1460 iure
450 1417 513 1478 quo
524 1394 680 1477 adipsum
690 1393 932 1476 dignosceretur
948 1393 1117 1476 pertinere,
1128 1397 1283 1475 perpetuo
1294 1391 1454 1475 possiden-

324 1506 398 1570 dam
410 1557 416 1569 .
427 1554 434 1567 .
446 1503 700 1568 contradictores
715 1523 789 1566 vero
807 1502 833 1565 si
850 1503 905 1584 qui
921 1500 1044 1580 fierent,
1055 1507 1169 1564 contra
1179 1500 1315 1564 eundem
1332 1499 1358 1564 J
1360 1498 1454 1564 oban-

324 1633 395 1676 nem
412 1611 454 1676 ad
469 1616 612 1675 nostram
629 1611 745 1674 citaret
755 1609 954 1691 presenciam
964 1608 1007 1672 ad
1016 1608 1189 1672 terminum
1204 1612 1455 1691 competentem

324 1719 507 1803 etpostheo
520 1719 621 1801 ipsius
637 1717 885 1800 possessionarie
901 1716 1168 1800 recaptivacionis
1187 1767 1193 1779 .
1211 1765 1217 1778 .
1234 1715 1351 1780 seriem
1368 1765 1376 1779 .
1393 1767 1399 1779 .
1415 1713 1455 1778 ad

324 1826 502 1910 quindenas
518 1824 590 1890 festi
606 1823 691 1889 beati
707 1823 878 1889 Michaelis
895 1825 1082 1908 archangeli
1093 1830 1171 1888 tunc
1180 1831 1332 1888 venturas
1343 1844 1403 1908 per
1412 1824 1456 1908 ip-

314 1957 397 2000 sum
417 1937 608 1998 conventum
632 1931 724 1996 nobis
741 1981 747 1994 .
764 1984 770 1996 .
787 1931 918 1996 rescribi
943 1931 1192 2016 postularemus.
1209 1931 1356 1997 Tandem
1375 1933 1456 1998 idem

324 2048 497 2108 conventus
507 2040 548 2104 ad
558 2039 660 2104 dictas
671 2038 849 2122 quindenas
859 2038 949 2103 nobis
960 2041 1173 2122 rescripserat
1183 2041 1244 2104 isto
1255 2040 1360 2118 mode,
1371 2041 1454 2124 quod

324 2151 384 2236 ipsi
396 2199 403 2213 .
414 2199 420 2213 .
431 2171 570 2214 unacum
579 2146 733 2212 Ladislao
743 2146 809 2211 filio
819 2146 991 2212 Michaelis
1002 2146 1041 2211 de
1052 2147 1187 2232 Mykola
1200 2148 1328 2212 homine
1339 2156 1456 2226 nostro,

324 2259 467 2342 ipsorum
482 2255 644 2321 hominem
659 2255 806 2320 videlicet
816 2255 1009 2320 Michaelem
1020 2257 1139 2321 dictum
1150 2256 1248 2339 Nogh
1263 2256 1455 2322 familiarem

327 2365 439 2429 domus
466 2384 576 2427 corum
592 2363 633 2426 ad
648 2363 806 2446 premissa
830 2385 888 2446 pro
913 2364 1094 2428 testimonio
1118 2365 1373 2430 transmisissent
1389 2387 1457 2430 exe-

327 2472 463 2555 quenda.
489 2469 553 2554 Qui
570 2471 698 2535 demum
715 2522 721 2534 .
739 2519 744 2532 .
762 2471 959 2549 retulissent,
984 2471 1070 2554 quod
1088 2471 1150 2552 ipsi
1175 2470 1311 2536 sabbato
1336 2472 1457 2536 scilicet

327 2580 360 2644 in
376 2579 457 2644 sesto
473 2577 663 2643 Nativitatis
679 2577 811 2660 virginis
828 2577 965 2660 gloriose
982 2585 1059 2642 tunc
1075 2578 1219 2662 proxime
1234 2580 1401 2662 preten'to,
1418 2579 1456 2644 ad

324 2687 438 2751 faciem
454 2686 538 2750 dicte
554 2685 763 2770 possessionis
779 2685 985 2751 Zarrazberk
1001 2693 1120 2764 vocate,
1137 2688 1248 2752 vicinis
1273 2694 1306 2752 et
1322 2709 1456 2753 comme

325 2795 428 2859 taneis
445 2794 510 2858 suis
535 2793 676 2876 legitime
702 2795 883 2858 convocatis
900 2799 934 2858 et
950 2794 1153 2877 presentibus
1179 2795 1370 2874 accedendo,
1395 2818 1456 2861 mc·

327 2902 481 2966 dietatem
498 2906 614 2984 quarte
631 2900 733 2982 partis
762 2900 845 2965 dicte
871 2902 1080 2984 possessionis
1097 2901 1302 2967 Zarrazberk
1325 2924 1346 2966 a
1362 2909 1456 2986 parte

326 3009 527 3074 meridionali
543 3008 708 3073 existentis
725 3008 924 3091 longitudine
941 3031 1051 3075 versus
1077 3011 1207 3094 plagam
1227 3011 1457 3076 occidentalem

325 3117 463 3200 simplici
487 3117 599 3181 ordine
624 3117 818 3196 adiacentis,
852 3118 974 3182 scilicet
999 3119 1085 3183 circa
1110 3118 1215 3183 locum
1241 3139 1297 3184 seu
1323 3119 1458 3184 fundum

293 3229 298 3238 ’
325 3225 422 3290 Pauli
446 3223 504 3288 filii
529 3224 660 3302 Thome,
683 3245 792 3289 versus
819 3225 953 3290 eandem
979 3225 1109 3308 plagam
1135 3225 1369 3291 occidentalem
1391 3233 1458 3292 tres

326 3333 431 3397 curias
441 3338 672 3414 consequenter
689 3332 869 3411 existentes,
885 3333 981 3398 simul
992 3355 1064 3397 cum
1075 3383 1081 3396 .
1092 3385 1097 3397 .
1109 3333 1303 3398 utilitatibus
1315 3333 1459 3398 eiusdem

324 3439 530 3524 possessionis
540 3440 758 3518 extraneisad
768 3440 853 3524 ipsas
863 3447 929 3506 tres
940 3441 1046 3505 curias
1056 3441 1276 3524 spectantibus
1287 3442 1458 3522 universio,

325 3549 409 3613 idem
426 3547 595 3613 ,lohannes
622 3546 707 3611 filius
723 3546 869 3612 Ladislai
893 3547 1020 3612 nomine
1046 3548 1096 3612 sui
1111 3548 1191 3613 iuris
1217 3548 1459 3632 recaptivasset,

326 3656 429 3720 tribus
450 3655 523 3720 aliis
550 3655 645 3720 curiis
662 3654 695 3718 in
711 3654 896 3737 porcionem
920 3655 1021 3738 ipsius
1037 3655 1183 3720 Ladislai
1199 3656 1303 3739 patris
1320 3657 1460 3740 predicti

326 3763 487 3828 ,lobannis
512 3762 768 3844 1·emanentibus;
792 3770 824 3828 et
849 3765 894 3828 sic
919 3764 952 3828 in
976 3763 1058 3828 facie
1083 3763 1225 3828 eiusdem
1249 3765 1461 3847 possessionis

327 3879 467 3956 quatuor
492 3869 604 3934 diebus
629 3871 787 3936 coutinuis
819 3871 1052 3955 perseverando
1076 3875 1108 3935 et
1133 3872 1350 3954 expectando,
1374 3873 1461 3938 idem

251 3977 255 3986 '
326 3981 420 4044 homo
437 3985 546 4044 noster
563 3985 595 4044 et
609 3980 829 4044 testimonium
848 3981 923 4046 dicti
949 3986 1122 4045 conventus
1142 3979 1304 4062 predictas
1321 3986 1390 4045 tres
1408 4004 1461 4046 cu-

281 4065 288 4080 ,
326 4089 391 4152 rias
412 4086 507 4152 simul
532 4107 604 4151 cnm
628 4087 701 4152 aliis
727 4137 756 4152 ..
782 4088 976 4154 utilitatibus
1002 4087 1146 4152 eiusdem
1171 4087 1394 4172 possessionis,
1421 4089 1463 4154 ad

325 4197 413 4279 ipsas
438 4202 503 4260 tres
528 4194 633 4260 curias
659 4195 887 4276 spectantibus,
910 4195 1037 4260 nemine
1066 4194 1196 4278 penitus
1221 4194 1462 4260 contradictore

328 4309 514 4387 apparente,
531 4302 697 4366 statuisset
712 4304 837 4386 prefato
853 4302 998 4368 ‹lohanni
1017 4302 1082 4366 lilio
1093 4301 1239 4367 Ladislai
1255 4309 1417 4386 perpetuo
1434 4355 1440 4368 .
1457 4354 1464 4368 .

327 4412 544 4494 possidendas.
565 4408 712 4492 Quarum
728 4411 856 4494 quidem
872 4412 1041 4477 literarum
1056 4411 1131 4476 visis
1148 4416 1180 4474 et
1194 4409 1345 4492 perlectis
1362 4413 1465 4478 conti·

328 4519 456 4596 nenciis,
473 4541 545 4584 cum
561 4540 618 4583 nos
635 4519 819 4584 eorumdem
835 4519 992 4584 baronum
1009 4525 1041 4583 et
1057 4519 1148 4600 regni
1164 4517 1320 4582 nobilium
1336 4519 1465 4586 inducti

327 4625 469 4700 consilio,
493 4626 583 4690 iuxta
601 4627 834 4691 continenciam
850 4628 1080 4710 premissorum
1106 4626 1275 4691 literarum
1292 4627 1373 4692 dicti
1391 4651 1465 4696 cou-
