3188 5476
525 505 618 566 1352.
637 519 709 564 Auo
728 507 779 566 22.
1159 507 1221 566 603

93 683 212 748 eisdem
228 681 439 766 presentibus,
466 681 713 767 specialiterque
729 703 836 748 coram
853 683 1024 748 Dominico
1040 681 1107 746 filio
1134 682 1223 748 Mar-

92 792 150 856 hus
168 792 208 856 de
224 791 378 874 Hoporth
395 797 428 856 et
444 791 469 856 J
470 793 597 856 ohanne
613 791 680 856 filio
695 791 829 857 Andree
846 793 886 856 de
902 791 1004 872 Zela,
1024 789 1142 857 Oosma
1158 789 1225 854 filio

92 900 197 965 Blasii
213 906 247 966 et
262 899 368 965 Mutia
384 900 423 964 de
440 899 559 978 eadem,
576 900 653 964 item
670 900 770 966 nobili
786 901 916 966 domina
932 901 1044 965 relicta
1060 899 1086 964 J
1087 898 1224 964 ohannis

92 1008 170 1072 dicti
196 1008 307 1073 Zeuhe
332 1015 364 1074 et
388 1009 559 1073 Dominieo
585 1007 650 1073 filio
675 1007 804 1074 Nicolai
829 1009 868 1074 de
894 1008 1017 1088 Gentel,
1046 1007 1224 1090 Georgium

92 1115 194 1180 filium
212 1115 376 1181 Dominioi
391 1115 450 1181 filii
472 1115 613 1182 Dionisii
639 1117 677 1181 de
702 1117 810 1182 Bulch
835 1118 909 1182 aule
934 1123 1038 1182 vestre
1054 1116 1225 1199 parvulum

91 1224 122 1286 in
150 1244 289 1305 persona
314 1225 485 1308 prescripti
510 1225 657 1308 magistri
683 1223 841 1308 Stephani
870 1225 948 1290 dicti
974 1222 1091 1290 dear
1115 1223 1226 1288 fratris

92 1331 149 1408 sui,
176 1332 209 1396 in
235 1333 410 1397 dominium
437 1333 623 1415 porcionum
645 1332 973 1415 possessionariarum
998 1332 1136 1415 preteeti
1160 1352 1226 1396 rna-

92 1439 186 1522 gistri
218 1438 378 1524 Stephani
404 1440 437 1506 in
463 1440 557 1507 dictis
588 1439 714 1506 duabus
752 1439 1007 1523 possessionibus
1038 1439 1225 1504 habitarum

92 1548 357 1625 introduxissent,
384 1550 576 1630 easdemque
601 1549 768 1631 porciones
793 1547 854 1613 sibi
879 1548 1075 1624 statuissent,
1101 1553 1138 1610 ut
1153 1547 1225 1610 iura

91 1657 262 1720 memorati
294 1653 453 1739 Stephani
485 1655 595 1720 fratris
629 1655 687 1732 sui,
718 1657 844 1720 nemine
875 1661 953 1720 tuno
987 1655 1225 1721 contradictore

90 1771 269 1848 apparente
293 1813 322 1827 ..
346 1763 469 1828 Datum
494 1763 576 1828 feria
592 1764 733 1830 secunda
752 1765 898 1846 proxima
915 1769 989 1829 aute
1004 1762 1120 1827 festum
1137 1761 1223 1826 beati

91 1871 268 1936 Laurencii
284 1873 436 1948 martiris,
453 1893 536 1936 auno
553 1872 674 1937 domini
691 1872 884 1954 supradicto.

200 2034 332 2083 Zarlatan
346 2033 625 2096 pecattnyomaiva13
649 2032 779 2096 credetije
801 2049 833 2081 aa
857 2035 969 2082 orauit.
984 2033 1083 2082 kinost.
1098 2037 1165 2081 oszt.
1191 2031 1224 2080 N.

91 2127 123 2174 R.
139 2125 172 2175 Α.
188 2130 248 2174 611.
265 2130 289 2174 9.
302 2125 368 2187 dipl.
383 2127 450 2172 oszt.
466 2129 543 2173 4298.
558 2119 657 2172 Kuzli:
671 2123 779 2172 Kovdcs
792 2123 826 2172 N.

626 2417 699 2476 376.

93 2577 190 2636 1352.
219 2575 405 2653 Sacratirurc,
432 2598 504 2658 (terp.
531 2577 583 2635 22.
612 2574 722 2637 Istuc'u
748 2573 871 2659 crrle‘lyi
890 2573 1026 2658 (ilsnuy'du-
1043 2574 1172 2638 titulat
1189 2596 1227 2634 (tu

90 2682 217 2764 erdelyi
233 2681 415 2766 kriptuluut,
441 2681 522 2766 h-opy
539 2705 558 2743 u
576 2681 711 2743 Kecske's
737 2682 879 2743 adraldus
899 2683 1021 2744 turtoao'
1037 2681 1190 2744 oldhokut
1207 2705 1227 2740 u

87 2791 208 2876 gppdqhi
224 2793 255 2853 e‘s
270 2789 365 2876 putate·
391 2789 593 2852 uerueselruelr
612 2795 641 2853 e's
661 2815 681 2852 o
698 2789 1006 2853 tristes-munducare·
1033 2789 1190 2874 rrdprelruelr
1207 2812 1228 2851 u

255 2895 352 2960 Tibur
367 2897 484 2982 hepye‘n
501 2897 568 2960 le'vh'
584 2898 712 2961 szd'llea'lr
729 2897 966 2982 elsoplulcisu'tdl
985 2897 1082 2960 calesu.

209 3111 238 3124 ..
270 3060 413 3143 eapitulo
447 3061 579 3127 ecclesie
614 3061 843 3128 Transsilvane
878 3060 1063 3146 Stephanus
1097 3061 1227 3126 uicevoi-

87 3169 175 3234 voda
203 3167 451 3234 Transsilvanus
475 3219 504 3234 ..
537 3167 787 3253 Conqueruntur
812 3171 904 3237 nobis
930 3171 1054 3234 nobiles
1080 3171 1141 3234 viri
1161 3189 1226 3233 ma·

88 3277 188 3360 gistri
213 3277 363 3343 videlicet
390 3277 543 3344 Nicolaus
568 3279 654 3344 filius
682 3279 821 3362 Nicolai,
853 3278 1039 3362 Stephanus
1070 3277 1227 3344 Lucasius

87 3383 247 3450 Andreas
273 3391 305 3450 et
330 3387 504 3452 Ladislaus
530 3389 569 3454 de
596 3385 714 3471 Gyogh
739 3389 905 3472 superiori,
934 3389 1012 3452 item
1037 3386 1228 3452 Harbordus

86 3493 264 3559 Adrianus
289 3493 412 3560 nobiles
438 3496 477 3560 de
504 3495 593 3561 Gald
617 3517 655 3560 ac
681 3497 777 3560 ceteri
793 3496 933 3560 universi
958 3495 1067 3578 populi
1085 3496 1124 3560 de
1151 3495 1228 3559 villa

86 3601 271 3684 Spinarum
296 3603 334 3667 de
360 3604 574 3668 Mendsoenth
600 3611 632 3667 et
656 3605 695 3670 de
712 3603 800 3670 Gald
816 3605 849 3667 in
866 3604 1014 3668 districtu
1030 3603 1148 3667 montis
1165 3602 1227 3685 ry-

85 3711 153 3774 bur
179 3711 294 3788 vocati,
320 3712 375 3794 qui
400 3712 510 3776 vineas
536 3713 569 3776 in
594 3713 706 3778 eodem
725 3717 833 3778 monte
849 3711 968 3776 habere
985 3711 1228 3793 dignoscuntur,

86 3820 182 3902 quod
208 3839 266 3901 per
291 3825 402 3902 gentes
418 3821 625 3898 scismaticus,
649 3819 799 3887 videlicet
823 3841 881 3903 per
905 3821 1012 3885 olacos
1028 3821 1070 3886 ad
1086 3825 1228 3884 castrum

85 3926 267 3993 Keeohkes
282 3927 491 4010 pertinentes,
517 3929 550 3992 in
575 3929 715 3993 maxima
732 3927 917 3993 confusione
934 3935 966 3993 et
981 3929 1014 3992 in
1035 3926 1227 3992 necessitate

84 4055 213 4120 magna
224 4041 330 4100 essent
345 4037 498 4118 perpessi,
509 4036 586 4118 quia
595 4043 691 4102 noctu
702 4037 818 4118 dieque
833 4039 941 4101 uncas
958 4036 1101 4118 ipsorum
1114 4055 1226 4118 regere

85 4153 120 4210 et
138 4142 311 4211 defensare
328 4165 385 4227 per
402 4147 528 4211 eosdem
545 4167 608 4209 non
624 4151 763 4228 possent,
780 4151 813 4210 et
829 4146 861 4209 in
878 4145 1090 4228 preiudioium
1107 4149 1139 4208 et
1155 4164 1227 4226 gra·

83 4275 208 4321 vamen
225 4255 410 4320 eorumdem
425 4253 580 4319 nobilium
597 4259 630 4318 et
647 4254 785 4319 aliorum
802 4255 1019 4336 predictorum
1036 4273 1227 4336 pauperum,

84 4372 263 4447 tamquam
289 4363 357 4445 lupi
382 4383 515 4446 rapaces
538 4361 640 4428 dictas
660 4361 768 4426 vineas
793 4360 935 4426 indebite
961 4366 1138 4438 uterentur,
1163 4361 1227 4424 imo

84 4471 245 4538 custodes
255 4475 289 4534 et
298 4475 443 4553 pastores
460 4491 572 4535 earum
588 4471 754 4536 vinearum
771 4491 843 4534 cum
858 4469 1006 4552 potencia
1022 4470 1227 4554 expulissent,

83 4586 121 4646 et
138 4579 187 4644 sio
205 4578 428 4659 devastarent3
446 4579 611 4644 undenum
623 4599 679 4642 nos
691 4578 850 4643 exaudito
867 4577 1055 4652 audivimus,
1072 4582 1110 4640 ut
1126 4579 1226 4642 eciam

81 4695 201 4753 restra
218 4686 397 4752 dominacio
413 4687 565 4751 damnum
582 4687 615 4750 in
632 4685 692 4750 hoo
708 4706 770 4749 non
788 4684 945 4750 modicum
956 4683 1129 4764 haberetis,
1149 4687 1227 4769 quia
