3180 5466
555 506 649 566 1351.
666 507 738 566 mir.
758 505 808 566 13.

628 793 701 854 290.

100 947 196 1028 Ῑᾷ51.
212 953 287 1034 mdj.
306 950 356 1012 13.
373 958 421 1013 Aa
437 953 504 1036 egri
519 951 673 1035 ka‘plolon
689 951 959 1037 bizonysdqlevela
970 954 1048 1038 hoqy
1059 977 1080 1016 a
1090 951 1232 1030 Felaiak,

97 1055 291 1142 Kortoe‘lyes,
337 1057 473 1140 Ra‘ho'cz,
515 1059 628 1122 Morsu
659 1061 690 1122 da
721 1059 812 1145 egydd
848 1060 988 1124 birtolcok
1018 1062 1106 1124 irdnt
1139 1060 1233 1124 korott

98 1165 239 1248 epyezsdp
264 1167 474 1250 mepcrdsitdsc
507 1169 603 1252 adpeti
627 1168 756 1230 kirozou
778 1168 977 1253 holdruapon
1003 1167 1145 1232 dedczi
1166 1169 1232 1232 Ba·

99 1270 164 1334 la'zs
180 1270 249 1350 fiai
271 1296 292 1356 s
318 1273 532 1338 Hosezumezca'
564 1273 717 1358 Markulf
736 1273 789 1354 fia
813 1275 916 1340 Junos
933 1273 1000 1355 floa'
1025 1275 1229 1362 megjelentek,

98 1379 205 1464 Izse'pc‘
220 1381 420 1467 Milzdlyfiai
431 1383 570 1447 azondoa
596 1384 648 1469 aly
664 1383 968 1468 ancylratalmazottot
983 1383 1157 1464 ktrldottek,
1183 1384 1231 1448 tit

444 1491 576 1556 amazolc
592 1491 621 1554 cl
634 1514 705 1555 uem
712 1491 884 1577 fopodtolr.

207 1669 241 1734 N
243 1692 277 1736 os
293 1671 472 1755 capitulum
484 1671 616 1736 ecclesie
626 1669 797 1754 Agriensis
813 1722 820 1736 .
838 1722 844 1735 .
860 1669 1080 1754 significamus
1097 1719 1103 1734 .
1123 1719 1128 1732 .
1146 1670 1233 1754 quod

97 1799 170 1841 cum
187 1780 280 1844 iuxta
295 1779 530 1844 continenciam
546 1779 691 1865 priorum
718 1781 889 1846 literarum
913 1786 1098 1844 nostrarum
1123 1800 1234 1864 proro-

99 1887 301 1968 gatoriarum
319 1896 353 1953 et
368 1887 635 1971 obhgatoriarum
661 1888 857 1953 Benedictus
883 1895 916 1954 et
931 1885 1100 1952 Johannes
1125 1887 1232 1954 dictus
1255 1874 1257 1879 ’

99 1992 233 2079 Gyopul
248 1994 308 2060 filii
324 1995 429 2061 Blasii
445 1996 484 2060 de
500 1996 673 2062 Rakoulch
690 2017 728 2060 ex
744 2017 818 2074 una,
842 1995 921 2062 item
946 1995 972 2060 J
972 1997 1092 2080 acobus
1108 1993 1234 2061 Barna-

98 2102 156 2166 bas
174 2102 352 2169 Ladislaus
369 2113 402 2170 et
424 2105 551 2169 Paulus
566 2104 626 2170 filii
650 2103 822 2170 Michaelis
848 2104 888 2168 de
912 2104 997 2189 Imp,
1011 2125 1151 2169 unacum
1170 2102 1233 2166 Mi-

103 2209 216 2274 chaele
232 2209 298 2275 filio
316 2211 459 2276 eiusdem
475 2212 622 2278 Ladislai
639 2233 740 2294 puero
765 2221 859 2298 parte
884 2211 926 2276 ab
945 2213 1059 2292 altera,
1075 2215 1153 2278 item
1169 2209 1233 2275 Dc-

98 2321 237 2384 metrius
253 2317 410 2385 Nicolaus
435 2320 608 2386 Barnabas
633 2329 665 2386 et
690 2321 888 2386 Benedictus
913 2319 972 2386 filii
996 2321 1021 2386 J
1022 2321 1158 2386 ohannis
1173 2318 1232 2384 filii

96 2425 288 2512 Morkolphi
304 2427 343 2491 de
359 2427 620 2513 Hyuzzinmezeu
637 2450 778 2494 unacum
794 2429 818 2493 J
820 2429 946 2493 ohanne
966 2428 1031 2494 filio
1048 2431 1149 2514 ipsius
1166 2427 1231 2491 De·

95 2535 206 2599 metrii
224 2533 373 2600 similiter
388 2556 488 2620 puero
514 2557 553 2600 ex
577 2537 679 2602 tercia
704 2543 806 2620 parte,
823 2556 931 2599 omnes
958 2537 1172 2620 personaliter
1195 2537 1243 2600 in'

96 2641 270 2722 quindenis
279 2642 353 2710 festi
370 2647 473 2710 sancti
490 2641 623 2728 Georgii
639 2647 783 2712 martiris
800 2664 908 2708 coram
923 2644 1015 2709 nobis
1036 2665 1231 2728 comparere,

96 2759 130 2816 et
155 2752 373 2832 quarumdam
398 2755 633 2838 possessionum
660 2763 693 2820 et
717 2757 904 2839 porcionum
920 2775 1054 2818 suarum
1077 2755 1231 2839 possessi·

96 2861 287 2924 onariarum
297 2861 470 2945 Feulsynlr‚
483 2861 680 2947 Kurtyuilis,
691 2863 848 2941 Baholch
858 2862 978 2928 Morua
994 2871 1027 2928 et
1043 2863 1182 2927 aliarum
1197 2862 1231 2926 in

97 2966 296 3047 quibusdam
328 2967 432 3034 literis
464 2971 583 3034 nostris
625 2969 813 3055 patentibus
844 2969 1164 3055 composicionalibus
1199 2977 1232 3035 ct

95 3073 301 3156 obligatoriis
318 3079 404 3141 circa
420 3086 548 3143 octavas
565 3077 639 3143 festi
654 3077 743 3144 beati
754 3079 839 3162 regis
851 3077 1010 3161 Stephani
1026 3080 1092 3142 iam
1108 3085 1231 3163 preter-

95 3183 161 3247 itas
178 3183 330 3250 similiter
346 3185 460 3249 exinde
476 3184 627 3252 coniectis
643 3189 892 3268 nominatarum,
912 3186 1062 3251 daciones
1082 3185 1231 3251 donacio·

96 3311 154 3355 nes
172 3299 274 3373 atquo
290 3293 526 3374 resignnoioues
542 3293 703 3371 roborare,
720 3315 758 3359 ac
773 3296 874 3360 eciam
900 3315 996 3379 super
1012 3293 1232 3358 huiuscemodi

93 3399 308 3464 roboracione
333 3400 393 3464 sub
418 3408 530 3466 tenore
556 3408 799 3486 pretaxatarum
825 3403 964 3466 aliarum
989 3403 1160 3467 literarum
1175 3422 1231 3465 no-

94 3516 243 3573 strarum
259 3510 344 3573 circa
360 3511 448 3593 ipsas
466 3517 594 3576 octavas
611 3511 686 3577 festi
702 3513 805 3578 sancti
831 3513 917 3594 regis
934 3502 1093 3595 Stephani
1108 3518 1147 3575 ut
1161 3531 1231 3596 pre-

93 3619 233 3682 missum
259 3625 309 3683 est
334 3619 562 3700 confectarum,
578 3619 690 3685 literas
716 3628 842 3686 nostras
866 3619 1083 3704 privilegiales
1103 3617 1232 3684 cautela

91 3746 154 3810 pro
171 3725 290 3790 maiori
305 3727 389 3790 inter
406 3747 439 3790 se
457 3724 569 3791 confici
585 3725 689 3795 facere
705 3727 901 3805 debuissent,
911 3726 972 3792 tali
987 3726 1114 3791 vinculo
1130 3725 1229 3790 medi·

94 3843 183 3912 ante,
201 3833 289 3916 quod
305 3837 332 3899 si
357 3855 422 3916 qua
447 3837 593 3919 parcium
623 3838 657 3900 in
681 3839 761 3922 ipsis
787 3835 957 3919 quindenis
983 3835 1071 3901 beati
1097 3831 1231 3916 Georgii

92 3944 243 4008 martiris
259 3963 323 4024 quo
340 3963 446 4027 supra,
463 3943 675 4028 personaliter
684 3944 726 4008 ad
737 3965 793 4008 nos
804 3946 919 4022 venire,
930 3942 1082 4025 dictaque
1098 3944 1232 4025 negocia

92 4071 157 4114 sua
173 4048 388 4116 effectualiter
403 4049 555 4134 perficere
572 4072 636 4115 uon
660 4059 798 4128 curaret,
825 4060 943 4118 extunc
958 4071 1033 4136 pars
1050 4051 1110 4115 hoc
1126 4039 1231 4115 facere

92 4179 162 4222 non
178 4179 299 4223 curans
316 4166 429 4223 contra
444 4166 571 4242 partem
587 4161 744 4244 premissa
762 4158 992 4244 adimplentem
1008 4160 1042 4222 in
1061 4157 1231 4224 succubitu

91 4265 200 4330 duelli
215 4265 294 4333 sacti
309 4266 499 4352 potencialis
510 4271 751 4334 convinceretur
762 4287 798 4332 eo
808 4267 912 4347 fact03
927 4265 1059 4333 tandem
1076 4269 1231 4352 pretectis

92 4373 272 4455 quindenis
288 4373 362 4440 festi
379 4377 481 4441 sancti
507 4372 641 4457 Georgii
666 4377 809 4441 martiris
826 4373 1078 4453 occurrentibus
1094 4373 1229 4459 prealle-

92 4485 167 4566 gati
184 4483 211 4548 J
213 4483 356 4548 ohannes
373 4479 505 4568 Gyapul
529 4491 562 4549 et
587 4483 783 4549 Benedictus
808 4481 866 4547 filii
891 4482 1004 4560 Blasii,
1020 4485 1098 4548 item
1114 4481 1231 4546 Deme-

91 4595 182 4658 trius
199 4591 356 4656 Nicolaus
383 4599 416 4657 et
440 4590 610 4656 Barnabas
638 4592 695 4657 filii
721 4592 883 4657 Johaunis
908 4590 966 4656 filii
986 4591 1141 4655 Markalfi
1165 4613 1231 4656 una

91 4724 171 4767 cum
188 4701 301 4765 eodem
317 4700 342 4764 J
344 4701 471 4764 ohanne
488 4723 586 4784 puero
612 4702 677 4765 illio
703 4702 864 4765 Demetrii
884 4721 992 4764 omnes
1018 4699 1231 4785 personaliter

1072 4823 1121 4875 31*
