3138 5462
499 451 594 513 1347.
609 447 698 512 surr.
718 447 767 513 14.
1129 453 1191 514 123
1224 515 1227 518 .

87 631 155 695 lacte
169 636 250 693 terre
265 626 415 711 litigiose,
434 629 522 712 silve,
538 651 714 706 nemorum,
739 630 945 712 piscinarum,
962 651 1021 713 pro
1038 630 1191 696 tredecim

85 739 184 804 marcis
199 737 345 804 estimate
355 738 390 802 in
401 758 464 802 uno
473 735 543 801 loco
554 736 777 820 comparend0,
787 744 936 820 presente
947 739 1046 802 Petro
1061 737 1192 803 literato

84 846 209 929 legitimo
224 849 435 928 procuratore
455 843 532 909 dicti
558 844 681 910 domini
707 847 850 930 episcopi
875 844 1047 930 Agrionsis
1063 845 1191 910 vidente

84 961 110 1019 et
117 953 269 1031 audiente,
279 951 429 1017 resolutis
440 951 586 1035 cingulis
603 951 863 1036 discalciatisque
880 953 1016 1038 pedibus
1027 968 1059 1018 et
1069 959 1192 1018 terram

81 1083 163 1146 snper
177 1063 283 1144 capita
299 1081 411 1126 eorum
428 1061 461 1124 in
477 1059 627 1126 manibus
642 1060 788 1138 levando,
814 1083 851 1126 ac
876 1059 1071 1144 generaliter
1096 1066 1193 1143 prout

81 1171 164 1234 moris
187 1175 271 1234 esset
295 1171 388 1234 imita
412 1168 504 1252 regni
530 1168 789 1234 consuetudinem
816 1170 924 1233 iurare
949 1174 1192 1251 superterram,

79 1277 259 1362 prestitisset
290 1283 528 1343 sacramentum
554 1298 651 1359 super
681 1298 726 1354 eo,
752 1277 838 1357 quod
864 1276 1008 1358 predicte
1032 1277 1192 1359 particule

78 1395 152 1450 terre
176 1385 314 1469 litigiose
339 1387 373 1449 in
398 1385 554 1451 tredecim
584 1385 701 1450 marcis
733 1386 883 1450 estimate
914 1384 975 1450 sibi
1000 1384 1192 1450 hereditarii

78 1495 148 1558 iuris
173 1492 269 1558 titulo
285 1492 327 1557 ab
343 1494 477 1574 antiquo
503 1494 703 1576 pertinentes
722 1492 859 1558 fuissent
875 1499 908 1557 et
924 1515 1010 1557 nunc
1025 1491 1190 1575 pertinere

78 1601 223 1683 deberent,
247 1606 398 1684 metaque
409 1600 493 1665 dicte
503 1601 712 1684 possessionis
729 1599 837 1666 Olnad
853 1621 980 1684 semper
996 1601 1038 1668 ab
1054 1603 1190 1683 antiquo
1265 1678 1268 1685 Ι

78 1709 179 1774 fluvius
195 1709 279 1793 Saye
305 1714 437 1773 vocatus
463 1730 482 1773 a
507 1707 654 1790 predicta
678 1708 878 1792 possessione
904 1708 1025 1773 domini
1051 1709 1192 1793 episcopi

77 1817 234 1899 agriensis
258 1815 428 1901 Hydwegh
454 1816 621 1880 nominata
647 1814 825 1898 distingens
850 1817 1026 1882 exstitisset
1051 1823 1083 1881 et
1108 1838 1193 1880 nunc

77 1926 232 2004 existeret3
256 1931 453 2008 peractaque
470 1924 697 1990 sacramentali
715 1924 927 2008 deposicione,
942 1924 1104 2010 predictas
1120 1947 1193 2009 par·

77 2032 178 2098 ticulas
193 2039 289 2111 terre,
305 2031 394 2097 nullo
410 2031 648 2097 contradictore
668 2032 856 2115 replicante,
881 2033 1008 2116 prefato
1026 2031 1193 2118 Stephane

76 2140 132 2204 lilio
146 2139 241 2205 Pauli
258 2140 301 2204 ad
317 2139 450 2206 eandem
476 2140 707 2223 possessionem
722 2137 830 2205 Olnad
856 2139 1049 2224 applicando
1065 2141 1194 2206 statuis-

75 2255 136 2312 sent
151 2254 304 2331 perpetuo
320 2248 391 2311 iure
406 2245 617 2330 possidendas
634 2295 640 2310 .
658 2295 665 2310 .
681 2245 806 2314 Verum
832 2248 910 2328 quia
926 2248 1107 2332 predictum
1124 2247 1194 2315 Ste-

76 2356 204 2436 phanum
220 2355 324 2419 filium
334 2355 432 2420 Pauli
443 2353 482 2418 de
493 2353 610 2431 Olnad,
626 2375 722 2437 super
732 2355 896 2437 premissis
912 2357 1082 2438 particulis
1097 2359 1193 2421 terris

75 2463 212 2546 litigiosis
227 2464 261 2526 in
279 2461 432 2528 tredecim
457 2461 575 2526 marcis
601 2461 768 2540 estimatis
794 2463 968 2529 tredecimo
984 2485 1017 2528 se
1034 2464 1194 2530 nobilibus

76 2593 138 2636 cum
153 2570 321 2635 duodecim
338 2569 460 2634 scilicet
470 2567 631 2633 nobilibus
642 2569 917 2652 supranominatis
934 2571 1193 2636 coniuratoribus

75 2680 132 2742 suis
146 2679 177 2744 in
193 2677 276 2743 faeie
293 2677 377 2742 dicte
394 2676 602 2759 possessionis
619 2673 727 2740 Olnad
744 2679 966 2759 comparanda
986 2681 1019 2742 in
1037 2681 1193 2762 pretectis

75 2789 183 2851 octaris
198 2785 273 2851 sesti
288 2785 392 2850 sancti
410 2783 566 2874 Stephani
583 2785 678 2868 regie,
700 2786 855 2866 pretaetis
871 2786 1056 2853 hominibus
1073 2787 1193 2854 domiui

74 2894 152 2976 regis
166 2901 197 2960 et
211 2899 386 2958 conventus
406 2892 445 2957 de
461 2893 487 2958 J
488 2913 574 2958 azow
591 2915 629 2958 ac
645 2894 800 2976 magistro
826 2895 925 2960 Petro
952 2896 1098 2979 legitimo
1123 2919 1194 2981 pro·

74 3011 211 3069 curatore
236 3003 314 3068 dicti
341 3003 460 3068 domini
486 3003 627 3087 episcopi
655 2998 826 3086 Agriensis
857 3005 1070 3086 presentibus,
1103 3007 1195 3070 iuxta

72 3110 195 3175 totalem
220 3110 389 3175 iudiciarie
414 3109 645 3175 commissionis
669 3116 779 3175 nostre
799 3111 945 3190 formam,
971 3134 1064 3176 suum
1084 3113 1146 3177 rite
1163 3115 1195 3177 et

72 3217 205 3301 legitime
221 3219 407 3302 deposuisse
432 3219 659 3296 iuramentum,
683 3217 878 3299 easdemque
904 3225 1009 3285 terras
1034 3221 1194 3304 litigiosas

73 3325 156 3391 nullo
170 3326 407 3392 contradictore
431 3330 618 3409 apparente,
643 3325 746 3390 eidem
763 3325 931 3410 Stephano
956 3326 1022 3392 lilio
1038 3327 1135 3392 Pauli
1151 3327 1194 3393 ad

71 3433 184 3499 dictem
200 3435 432 3517 possessionem
457 3453 548 3498 suam
573 3431 682 3500 Olnad
709 3433 902 3517 applicando
928 3441 1069 3502 statutas
1094 3435 1194 3500 fuisse

71 3565 107 3605 en
124 3545 200 3608 serie
215 3526 491 3626 preexhibitdrnm
517 3541 686 3607 literarum
711 3549 884 3608 conventus
901 3543 941 3608 de
957 3543 1070 3609 Jazow
1096 3566 1195 3608 anno-

70 3651 130 3714 tati
147 3649 391 3733 reperiebamus,
412 3649 485 3713 ideo
502 3671 559 3714 nos
576 3648 704 3714 easdem
721 3650 898 3734 particulas
915 3655 1019 3716 terras
1036 3651 1195 3734 litigiosas

70 3760 101 3821 in
112 3757 201 3824 dictis
211 3758 367 3823 tredecim
383 3758 501 3823 marcis
518 3757 684 3822 estimatus
701 3805 707 3820 .
724 3807 730 3820 .
748 3757 845 3822 simul
861 3779 934 3822 curn
951 3809 957 3822 .
975 3807 982 3821 .
999 3758 1196 3844 utilitatibus

69 3867 221 3933 universis
238 3866 279 3932 ad
296 3865 426 3932 easdem
441 3863 687 3948 pertinentibus,
705 3864 808 3929 eidem
825 3864 991 3949 Stephano
1007 3865 1074 3931 filio
1090 3867 1197 3949 Pauli,

69 3995 104 4037 co
121 3974 187 4039 iure
211 3995 276 4056 quo
302 3973 363 4038 sibi
389 3973 552 4055 pertinere
578 3971 796 4055 dinoscuntur,
822 3975 891 4038 sine
916 3973 1091 4056 preindicio
1116 3975 1196 4040 iuris

68 4083 172 4160 alieni,
192 4077 447 4147 adiudicavimus
478 4087 636 4165 perpetuo
667 4080 832 4163 possidere
863 4087 896 4144 et
926 4079 1063 4162 habere3
1091 4081 1196 4163 ipsum

66 4197 173 4254 antem
189 4187 355 4254 dominum
370 4187 544 4253 Nicolaum
567 4188 752 4271 episcopum
768 4187 962 4272 Agriensem
978 4209 1037 4271 pro
1053 4187 1198 4254 indebita

66 4296 249 4361 carumdem
276 4297 511 4380 particularum
540 4301 704 4360 terrarum
740 4295 955 4380 litigiosarum
981 4295 1195 4379 requisicione

65 4405 95 4468 in
123 4405 259 4470 emenda
284 4405 503 4470 estimacionis
529 4403 726 4483 earumdem,
753 4403 875 4470 scilieet
900 4405 933 4468 in
956 4402 1109 4487 predictis
1133 4409 1196 4469 trc-

65 4513 168 4577 decim
183 4513 310 4592 marcis,
335 4519 449 4578 contra
474 4511 610 4578 eundem
637 4511 838 4596 Stephanum
864 4511 965 4576 filium
991 4512 1089 4577 Pauli
1113 4533 1196 4578 com·

64 4623 210 4687 misimus
235 4621 477 4688 sentencialiter
502 4622 726 4706 aggravari..
751 4621 875 4686 Datum
900 4620 1003 4702 Bude,
1028 4620 1196 4688 duodecim
