3192 5466
712 543 898 590 aurouuom
914 531 1128 591 onulur'rla.

882 745 955 806 101.

358 883 453 948 1348.
462 883 527 965 jul.
547 883 597 946 16.
614 879 645 947 A
662 887 796 948 oasvdri
812 884 1126 970 hapralanjelena'se
1147 888 1170 950 I
1169 939 1175 952 .
1193 887 1292 972 Lajos
1308 889 1481 974 kirdlyboz,

389 1001 392 1006 '
629 989 804 1077 Peteunycb
821 990 923 1058 birlok
939 993 1210 1078 baldajdrdadadl.

461 1134 741 1200 Excellentissimo
766 1135 904 1218 principi
935 1135 1064 1227 domino
1095 1137 1258 1202 Lodovico
1289 1138 1341 1202 dei
1373 1139 1478 1221 gracia

353 1245 472 1310 illustri
483 1245 550 1326 regi
561 1243 732 1326 Hungarie
743 1242 871 1308 domino
891 1265 1010 1322 corum,
1025 1245 1204 1328 capitulum
1220 1245 1352 1311 ecclesie
1361 1245 1478 1312 Castri-

353 1352 450 1417 ferrei
465 1352 629 1418 oraciones
640 1351 672 1414 in
683 1349 749 1414 filio
765 1351 898 1434 virginis
911 1351 1056 1434 gloriose.
1074 1353 1228 1437 Receptis
1244 1353 1347 1418 literis
1363 1354 1479 1436 magni-

353 1459 404 1524 fici
414 1459 472 1524 viri
485 1459 608 1524 comitis
618 1459 715 1523 Pauli
726 1457 838 1523 iudicis
850 1459 938 1523 curie
954 1467 1068 1538 vestre,
1082 1461 1212 1525 modum
1223 1467 1256 1524 et
1266 1461 1405 1526 formam
1417 1483 1478 1525 scn-

351 1567 548 1632 tencionarie
564 1565 796 1631 commissionis
813 1566 955 1630 eiusdem
972 1567 1220 1645 declarantibus,
1240 1589 1312 1632 cum
1329 1567 1354 1632 J
1355 1569 1476 1632 ohanne

352 1675 418 1740 filio
443 1673 605 1739 Dominici
626 1675 665 1737 de
684 1673 828 1738 Zeulche
854 1695 913 1756 pro
938 1679 1031 1757 parte
1056 1674 1284 1757 magistrorum
1309 1675 1477 1740 Laurencii

352 1782 411 1848 lilii
436 1783 592 1868 Stephani
618 1790 651 1847 et
675 1782 838 1847 Johannis
863 1781 921 1846 filii
946 1782 1093 1848 Ladislai
1118 1783 1159 1847 de
1183 1782 1319 1848 Nadasd
1344 1783 1387 1848 ab
1413 1805 1478 1859 una,

352 1891 428 1956 item
444 1893 543 1956 Petro
559 1890 625 1956 filio
641 1890 666 1954 J
667 1891 803 1956 ohannis
822 1913 880 1974 pro
906 1897 999 1974 parte
1015 1891 1131 1956 nobilis
1147 1891 1274 1956 domiue
1291 1891 1404 1956 relicte
1419 1913 1478 1956 ma·

353 2000 446 2082 gistri
463 1998 592 2064 Nicolai
608 1997 665 2061 filii
682 1997 810 2062 Nicolai
828 1998 991 2078 quondam
1008 1999 1091 2076 bani,
1112 1997 1138 2062 J
1139 1999 1274 2064 ohannis
1291 2005 1323 2064 et
1339 1999 1476 2084 Omodey

351 2107 489 2172 filiorum
506 2106 648 2172 eiusdem
664 2105 812 2188 magistri
828 2104 957 2170 Nicolai
982 2113 1075 2189 parte
1101 2106 1142 2171 ab
1158 2107 1270 2184 altera,
1296 2107 1473 2172 hominibus

352 2221 455 2280 vestre
486 2214 674 2290 maiestatis,
694 2213 855 2277 hominem
887 2219 1033 2278 nostrum
1065 2215 1254 2296 magistrum
1286 2211 1475 2298 Gregorium

356 2324 476 2388 socium
494 2327 526 2386 et
543 2321 792 2386 concanonicum
808 2326 954 2384 nostrum
965 2343 1023 2404 pro
1034 2323 1216 2386 testimonio
1232 2323 1479 2404 transmisimns3

351 2431 406 2512 qni
431 2429 635 2514 postmodum
660 2429 702 2493 ad
728 2449 785 2492 nos
810 2429 929 2492 reversi
955 2429 1155 2494 concorditer
1180 2429 1373 2510 retulerunt,
1398 2431 1476 2515 quod

349 2538 410 2621 ipsi
420 2539 512 2602 iuxta
522 2537 784 2601 informacionem
794 2538 1023 2619 promissarum
1034 2537 1203 2601 literarum
1213 2540 1476 2604 sentencionaria-

349 2669 421 2712 rum
437 2645 539 2750 ipsius¹
551 2643 714 2728 magnifici
723 2645 783 2708 riri
798 2645 923 2709 comitis
934 2645 1030 2710 Pauli
1046 2647 1160 2710 iudicis
1170 2647 1258 2710 curie
1274 2652 1388 2726 vestre,
1403 2648 1477 2712 seria

350 2755 490 2820 secunda
505 2755 653 2838 proxima
669 2759 743 2836 post
760 2759 889 2817 octavas
914 2754 988 2818 festi
1015 2753 1184 2818 beatorum
1209 2754 1300 2819 Petri
1327 2762 1360 2819 et
1385 2756 1475 2820 Pauli

349 2863 568 2946 apostolorum
584 2868 669 2926 nunc
685 2863 829 2944 proxime
844 2861 991 2944 preteriti
1009 2862 1050 2926 ad
1067 2863 1182 2926 saciom
1198 2864 1406 2945 possessionis
1421 2863 1475 2928 Pe·
1572 2933 1573 2942 χ

349 2971 488 3054 tcunych
512 2977 621 3035 vocate
646 2971 679 3034 in
705 2972 860 3035 comitatu
885 2969 1089 3036 Oastriferrei
1115 2972 1291 3048 existentia,
1308 2971 1419 3036 ricinis
1445 2977 1474 3034 et

351 3079 580 3145 commetaneis
591 3077 733 3143 eiusdem
743 3076 1052 3160 universislegitime
1063 3079 1252 3156 convocatis,
1262 3078 1473 3162 predictisque

351 3187 516 3270 magistris
533 3185 715 3250 Laurencio
739 3184 805 3249 filio
825 3184 982 3268 Stephani
1008 3191 1040 3248 et
1065 3185 1218 3250 Johanne
1243 3184 1310 3250 filio
1337 3184 1473 3250 Ladislai
1570 3187 1571 3201 ¹

348 3296 561 3380 personaliter
577 3294 808 3360 adherentibus
833 3301 866 3358 et
890 3295 1106 3358 instrumenta
1130 3300 1242 3358 nostra
1266 3291 1474 3376 privilegialis
1569 3281 1570 3284 ¹

348 3405 382 3468 in
399 3404 485 3468 facto
502 3405 644 3487 predicte
664 3404 872 3487 possessionis
888 3403 1074 3486 Peteunyclr
1099 3402 1244 3467 conlecta
1259 3402 1293 3466 in
1309 3404 1412 3486 specie
1428 3423 1474 3466 ex·

348 3512 543 3590 bibentibus,
559 3533 619 3594 pro
633 3510 786 3594 predictis
803 3531 876 3574 vero
886 3511 1009 3574 scilicet
1025 3509 1125 3574 nobili
1142 3509 1271 3574 domina
1288 3509 1399 3575 relicta
1413 3531 1474 3574 ma·
1567 3499 1568 3502 ¹

348 3621 443 3702 gistri
469 3619 597 3685 Nicolai
632 3618 783 3683 Johanne
819 3623 851 3682 et
877 3615 1019 3683 Omodeo
1044 3617 1120 3681 filiis
1151 3617 1295 3681 eiusdem
1326 3619 1473 3700 magistro

347 3728 495 3792 Dionisio
512 3727 551 3792 de
568 3727 697 3810 Bolugd
713 3748 799 3791 nunc
814 3725 990 3789 castellano
1007 3725 1046 3789 de
1057 3725 1192 3790 Lendua
1209 3731 1241 3788 et
1256 3725 1395 3790 discreto
1410 3726 1473 3788 viro

346 3835 474 3900 domino
490 3835 515 3899 J
517 3834 616 3900 acobo
627 3833 763 3917 plebano
778 3834 816 3897 de
827 3833 1098 3898 Murazombatha
1108 3835 1141 3896 in
1151 3833 1296 3915 personis
1307 3839 1339 3898 et
1349 3834 1474 3898 nomini·

347 3944 406 4014 hus
424 3943 608 4008 eorumdem
620 3942 735 4006 nobilis
746 3942 872 4006 domine
884 3941 994 4006 relicte
1004 3941 1151 4023 magistri
1162 3940 1300 4022 Nicolai,
1317 3941 1343 4005 J
1344 3941 1471 4006 ohannis

348 4059 381 4115 et
396 4049 541 4135 Omodey
559 4050 700 4114 filiorum
725 4049 866 4114 eiusdem
892 4048 1152 4132 comparentibus
1178 4055 1210 4112 et
1234 4047 1473 4132 procedentibus

347 4161 535 4242 accedenda
561 4159 818 4226 reambulassent
842 4158 978 4223 eandem
1009 4180 1066 4242 per
1098 4179 1174 4222 suas
1204 4179 1295 4222 veras
1321 4164 1419 4222 metas
1444 4163 1473 4218 et

348 4270 510 4352 antiquas,
527 4269 826 4350 reambulatamqus
837 4273 870 4330 et
881 4265 922 4330 ab
939 4267 1076 4330 aliorum
1093 4265 1347 4350 possessionibus
1363 4265 1474 4330 limita·

348 4377 557 4460 cionibusque
573 4383 733 4442 metarum
749 4375 891 4456 undiquc
908 4381 1093 4458 separatam
1119 4380 1153 4438 st
1169 4374 1363 4452 distinctam,
1379 4379 1474 4438 statu-

346 4486 447 4550 issent
472 4493 503 4550 et
528 4487 735 4569 reliquissent
764 4485 867 4569 ipsam
902 4484 1023 4548 eisdem
1048 4483 1215 4566 magistris
1240 4482 1419 4550 Laurcncio
1443 4487 1471 4542 et

344 4593 491 4658 Johanni
507 4593 572 4657 filio
588 4594 734 4660 Ladislai
750 4603 787 4657 eb
803 4593 873 4657 iure
890 4612 954 4674 quo
970 4594 1015 4658 eis
1032 4591 1210 4658 dinoscitur
1222 4592 1392 4674 pertinere,
1406 4609 1472 4672 per·

344 4707 441 4784 petuo
475 4701 713 4784 possidendam,
754 4701 843 4766 nullo
875 4701 1003 4783 penitus
1044 4699 1280 4766 contradictore
1311 4698 1470 4772 existente,
