3188 5470
402 527 471 590 ‘290
782 541 969 590 nnoounom
986 527 1203 590 onnlnrrle.

406 707 471 772 alia
491 707 614 772 veroin
631 705 794 771 territorio
810 705 994 771 Bihoriensi
1011 707 1044 770 in
1061 711 1168 770 monte
1185 726 1284 788 supra
1298 703 1439 787 Koachy
1456 701 1532 768 adio·

406 816 499 894 centi,
515 815 567 880 cui
578 813 619 880 ab
630 815 753 880 oriente
768 815 862 878 vinea
877 813 982 879 Blasii
998 812 1058 879 filii
1074 813 1172 879 Pauli
1182 813 1352 896 etaplaga
1368 811 1532 878 occidentis

405 921 458 986 via
474 921 513 986 de
529 921 640 1006 Byhor
657 923 689 986 in
706 920 831 987 Ohatar
848 921 1009 987 transiens
1034 921 1215 986 vicinantur
1240 921 1390 998 situatur,
1416 926 1531 1004 reperte

407 1031 613 1109 exstitissent,
634 1039 667 1095 et
682 1049 739 1114 per
765 1030 938 1095 arbitrium
963 1029 1136 1118 proborum
1162 1029 1304 1093 virorum
1329 1030 1532 1093 extimatione

405 1137 566 1220 condigna
582 1146 745 1221 preeunte,
770 1137 867 1203 iidem
894 1138 1012 1202 fundus
1039 1144 1072 1202 et
1096 1135 1239 1222 predicte
1266 1137 1353 1200 vince
1379 1136 1532 1200 Johannis

405 1245 512 1311 Bobos
529 1247 706 1330 supradicti
721 1247 812 1311 nobis
828 1267 887 1330 pro
904 1247 1040 1330 triginta
1053 1247 1169 1311 marcis
1189 1253 1309 1312 statute
1326 1251 1358 1310 et
1373 1245 1529 1328 assignate

406 1353 615 1432 exstitissent,
642 1377 700 1420 nos
731 1356 873 1420 volentes
905 1356 938 1419 in
969 1354 1303 1438 recompensacionem
1334 1353 1532 1418 serviciorun

408 1463 578 1528 Benedicti
594 1463 705 1546 magni
721 1461 780 1526 filii
797 1461 983 1528 Sebastiani
999 1461 1147 1528 officialis
1163 1463 1265 1528 nostri
1281 1463 1321 1526 de
1332 1451 1532 1544 'Huzynozow

409 1578 442 1636 et
458 1571 497 1636 de
513 1571 625 1637 Tenlre
641 1570 733 1636 nobis
749 1576 784 1636 et
798 1570 931 1636 ecclesie
957 1576 1065 1635 nostre
1090 1569 1131 1635 ab
1156 1572 1292 1653 antiquo
1317 1569 1532 1645 exhibitorum,

407 1679 486 1744 lieet
501 1679 625 1744 maiora
634 1679 815 1756 meruisset,
831 1677 966 1762 aliquali
983 1699 1152 1743 occurrere
1162 1677 1323 1761 paternali
1334 1699 1407 1742 cum
1422 1677 1532 1750 favore,

407 1787 514 1869 ipsum
531 1786 665 1850 fundum
681 1785 842 1851 Johannis
858 1787 937 1851 dicti
963 1785 1070 1852 Bobos
1095 1785 1155 1851 filii
1180 1785 1317 1850 Martini
1342 1807 1416 1849 oum
1442 1785 1533 1848 vineis

409 1895 582 1978 annotatis,
599 1895 703 1959 eidem
719 1893 898 1960 Benedicta
913 1916 1031 1978 magno
1047 1893 1179 1959 officiali
1188 1900 1297 1959 nostro
1313 1900 1469 1978 perpetuo
1484 1894 1533 1956 du·

408 2003 514 2068 ximus
531 2001 768 2084 conferendum,
785 2002 900 2067 dantes
920 2003 1022 2066 eidem
1040 2003 1072 2066 in
1089 2003 1157 2066 vita
1172 2003 1223 2066 vel
1238 2003 1272 2066 in
1288 2008 1392 2066 morte
1408 2001 1532 2084 legendi

405 2110 563 2188 donandi,
594 2110 752 2175 vendendi
783 2132 821 2175 ac
846 2109 1069 2193 quoquomodo
1101 2109 1265 2174 alienandi
1290 2108 1480 2174 facultatem
1505 2158 1533 2172 ..

406 2219 529 2285 Datum
546 2218 730 2297 Waradini,
746 2217 827 2284 feria
843 2225 934 2284 sexta
950 2217 1097 2302 proxima
1115 2223 1192 2281 ante
1212 2217 1329 2282 festum
1346 2217 1533 2283 sanctissimi

406 2328 493 2410 regis
509 2325 656 2392 Ladislai
672 2333 704 2390 et
721 2326 920 2406 confessoris,
936 2347 1020 2390 anno
1036 2326 1157 2390 domini
1174 2325 1372 2409 supradicto.

511 2468 666 2532 Httlapjdn
676 2469 768 2532 peccet
790 2471 966 2534 nyomaiva13
990 2468 1122 2531 credetije
1145 2485 1177 2519 az
1197 2485 1265 2519 orsz.
1285 2471 1317 2519 lt.
1342 2470 1441 2520 kinest.
1468 2478 1532 2519 oszl.

405 2560 480 2609 Mon.
503 2559 566 2607 Pos.
590 2561 631 2608 el.
658 2563 697 2608 ¹13.
712 2559 778 2622 dipl.
793 2564 860 2609 oszt.
875 2563 953 2609 4055.
975 2560 1098 2610 Ktzdlve
1111 2560 1194 2608 nehel
1209 2560 1309 2610 Vincze
1334 2560 1426 2610 thor
1449 2561 1532 2608 moso-

406 2649 531 2698 lataibol.

893 2739 1053 2746 ———-·---—-—-

935 2885 1007 2946 157.

408 3029 502 3092 1349.
512 3029 585 3112 jun.
603 3029 655 3091 29.
673 3027 703 3090 A
718 3027 811 3112 pydri
823 3025 978 3111 kdptulan
988 3025 1060 3090 cloto
1071 3025 1246 3107 Budurflo
1257 3025 1396 3105 Fartus,
1409 3025 1533 3090 Bodold·

397 3133 488 3220 fo'lde
504 3143 584 3200 need
594 3133 730 3198 tir-rotor
743 3133 914 3200 Komdrom
931 3133 1162 3220 odrmeppoiben,
1179 3159 1200 3198 o
1212 3134 1384 3220 Mayocelci
1396 3131 1532 3218 (Mcjlrs')

401 3242 774 3330 prepostSzomddoevtt·
784 3243 815 3306 ds
832 3241 932 3306 Tulolc
943 3241 1008 3306 Pa'l
1019 3239 1181 3328 Apostpctn
1195 3250 1275 3306 neoti
1291 3241 1416 3306 dirlolra
1432 3241 1535 3318 kerolt,

708 3377 739 3416 ez
755 3351 923 3416 otobtioat
939 3353 1016 3416 took
1035 3356 1114 3416 tiron
1131 3351 1246 3437 eladjo.

515 3494 705 3580 Capitulum
730 3495 916 3562 Jauriensis
942 3495 1074 3561 ecclesie
1101 3545 1132 3560 ..
1158 3496 1201 3562 ad
1219 3495 1442 3562 universorum
1459 3493 1536 3560 noti·
1581 3523 1582 3588 ᾖ

407 3605 490 3668 ciam
506 3653 513 3668 .
531 3653 537 3667 .
554 3603 701 3668 volumus
717 3605 893 3687 pervenire,
907 3603 1177 3687 quodFarcasins
1187 3605 1317 3670 institor
1327 3603 1414 3670 filius
1423 3603 1536 3669 Budur

409 3711 448 3776 de
474 3710 740 3776 Bodolowfeuldu
766 3711 805 3776 de
831 3711 986 3776 comitatu
1012 3710 1267 3778 Kamaruniensi
1293 3734 1332 3776 ex
1358 3734 1431 3794 una,
1464 3714 1537 3776 item

406 3817 529 3884 Paulus
545 3818 650 3884 dictus
671 3819 781 3884 Tululr
805 3818 891 3885 filius
916 3820 1007 3884 Petri
1023 3820 1063 3884 de
1079 3818 1247 3886 Abustian
1261 3820 1379 3886 nobilis
1395 3819 1436 3884 de
1453 3820 1537 3885 dicto

405 3927 560 3991 comitatu
591 3925 847 3992 Kamaruniensi
872 3948 910 3991 ex
936 3927 1048 4008 altera,
1074 3949 1183 3994 coram
1208 3929 1299 3994 nobis
1324 3929 1539 4012 personaliter

406 4035 581 4114 constituti,
592 4057 649 4120 per
660 4036 797 4101 eundem
807 4037 998 4103 Fcrcasium
1008 4039 1211 4122 propositum
1221 4039 1345 4104 exstitit
1362 4089 1369 4102 .
1386 4089 1393 4104 .
1410 4039 1445 4102 in
1456 4039 1540 4103 huuc

405 4141 545 4220 modum,
579 4144 665 4224 quod
680 4145 749 4226 ipse
774 4150 875 4208 totam
900 4145 1132 4229 possessionem
1158 4167 1250 4212 suam
1275 4145 1538 4212 Bodolourfenldu

405 4256 560 4328 vocatam,
591 4253 660 4316 iure
692 4252 888 4318 hereditario
913 4253 1019 4338 ipsum
1045 4256 1293 4338 contingentem,
1317 4257 1351 4320 in
1377 4256 1540 4338 sepedicto

408 4359 564 4423 comitatu
579 4358 836 4424 Kamaruniensi
853 4361 1051 4439 existentem,
1077 4362 1162 4426 inter
1186 4361 1279 4426 villas
1305 4362 1447 4428 Zomold
1473 4383 1540 4444 pre·

406 4466 504 4548 positi
520 4466 560 4530 de
575 4465 747 4550 Mayachk,
772 4471 805 4530 et
829 4465 1006 4532 Abustiam
1030 4467 1167 4550 predicti
1193 4469 1291 4534 Pauli
1316 4469 1395 4534 dicti
1422 4469 1541 4549 Tululc,

406 4593 479 4637 cum
505 4572 651 4637 omnibus
668 4623 674 4638 .
692 4575 922 4656 pertinenciis
939 4625 945 4640 .
963 4625 969 4637 .
985 4574 1181 4642 vendidisset
1197 4626 1204 4640 .
1221 4627 1227 4641 .
1244 4576 1408 4660 sepedicto
1438 4576 1540 4642 Paulo

406 4679 490 4744 dicto
507 4679 615 4745 Tululr
631 4688 664 4746 et
680 4703 737 4766 per
753 4703 826 4750 eum
843 4683 909 4748 suis
925 4683 1096 4748 heredibus
1113 4735 1119 4749 .
1137 4736 1143 4751 .
1160 4707 1219 4768 pro
1236 4685 1404 4750 duodecim
1423 4687 1542 4752 marcis
