3180 5470
330 471 395 534 458
693 485 877 534 strenuom
894 476 1107 535 osnlrvrln.

332 651 494 718 fructuum
511 651 730 734 predictarum
746 649 982 736 possessionum
998 652 1285 738 poroionerierum‚
1303 655 1470 740 predictus

332 760 453 825 nobiles
469 760 594 844 puellas
619 759 885 842 contingencium,
911 762 1053 845 exceptis
1077 760 1150 825 eliis
1175 762 1382 846 porcionibus
1398 785 1471 847 pre-

332 867 418 933 dicto
435 865 577 952 Georgio
593 870 681 935 selvo
697 869 766 934 iure
782 867 910 954 pignori
935 868 1096 954 obligetis,
1112 870 1196 936 idem
1213 870 1376 957 Georgius
1391 879 1469 939 tem·

332 997 408 1060 pore
433 976 540 1042 debito
565 978 598 1042 in
624 977 824 1043 revolucione
856 977 1056 1060 singulorum
1073 1000 1231 1045 annorum
1256 981 1337 1064 ipsis
1353 981 1470 1066 puellis

332 1085 424 1167 plene
441 1085 667 1170 administrare
678 1091 710 1150 et
719 1086 885 1169 assignare
896 1091 1046 1152 terreatur
1062 1139 1068 1152 .
1085 1137 1092 1152 .
1116 1087 1240 1154 Datum
1262 1089 1346 1156 feris
1356 1090 1469 1172 quinte

333 1194 481 1278 proxime
497 1202 572 1256 ente
588 1193 705 1257 festum
721 1193 985 1259 Resurrectionis
1001 1194 1132 1278 domini,
1149 1217 1233 1261 enno
1249 1196 1373 1262 domini
1389 1198 1470 1264 eius-

333 1302 405 1366 dem
422 1301 474 1366 Μ0
503 1298 624 1366 000ωο
641 1303 908 1385 quinquagesimo
922 1303 1037 1385 primo.

442 1463 595 1527 Hetlnpjtn
620 1465 712 1528 pecstt
738 1464 931 1532 titredtktvel3
958 1463 1089 1531 eredetije
1114 1481 1146 1516 ez
1169 1479 1238 1516 orez.
1260 1467 1292 1516 lt
1316 1465 1386 1530 dipl.
1406 1471 1470 1516 oszt.

333 1551 430 1606 26421.
453 1553 553 1604 Kozli:
574 1553 682 1604 Kovtcs
694 1553 729 1606 N.
1034 1572 1035 1575 ’

821 1721 980 1728 --———-

858 1865 932 1927 279.

336 2027 429 2090 1351.
447 2049 518 2110 apr.
540 2025 586 2089 18.
615 2027 643 2089 A
661 2025 779 2110 szepesi
803 2026 963 2109 triptotam
981 2025 1007 2088 I.
1025 2023 1124 2109 Lajos
1143 2024 1322 2110 bira'lyuab
1339 2027 1469 2112 jelentr',

228 2171 230 2176 .
333 2135 413 2218 hopes
431 2133 587 2215 Detrefia
603 2131 715 2198 Jatnt
742 2133 901 2215 deo‘hnot,
929 2133 1080 2218 Wtctpne
1106 2143 1186 2198 izeult
1202 2135 1309 2198 birtolt
1325 2131 1398 2218 fele
1421 2140 1470 2198 τό·

335 2245 432 2305 steort
448 2267 467 2304 (ι
486 2242 676 2304 mindozenti
692 2241 841 2327 hospeselc
866 2241 945 2304 olleo
962 2242 1137 2327 folytutott
1158 2243 1293 2327 pereben
1319 2269 1339 2306 a
1360 2243 1457 2338 birci,

494 2349 660 2414 -renclclete't
675 2373 695 2413 a
713 2361 845 2414 nuvezett
861 2352 1076 2435 hospeeebnek
1093 2351 1295 2416 teatensem.

439 2560 445 2574 .
463 2559 470 2572 .
486 2508 647 2575 liudovico
664 2561 671 2576 .
688 2559 695 2574 .
719 2511 787 2593 regi
805 2561 835 2576 ..
860 2513 1039 2594 capitulum
1064 2511 1197 2578 ecclesie
1221 2511 1309 2576 beati
1328 2511 1472 2578 Martini
1587 2589 1588 2602 χ

332 2618 371 2682 de
397 2615 517 2701 Soepus
535 2667 565 2680 ..
589 2617 719 2682 Literas
749 2623 855 2682 vestre
886 2619 1116 2685 serenitatis..
1151 2619 1331 2704 recepimus
1356 2623 1390 2686 in
1414 2621 1476 2686 hec

332 2727 445 2794 verbe:
468 2725 650 2794 Lodovious
668 2779 699 2793 ..
726 2750 827 2793 rex..
862 2731 1005 2814 capitulo
1038 2731 1170 2796 ecclesie
1203 2727 1427 2814 Soepusiensis
1444 2779 1475 2794 ..

334 2838 527 2921 precipimus
545 2889 550 2900 .
568 2887 574 2901 .
600 2845 758 2920 quotenus
775 2836 856 2903 elias
873 2837 988 2903 literas
1005 2845 1134 2904 nostras
1145 2837 1169 2903 J
1171 2839 1291 2902 ohsnni
1302 2837 1370 2904 filio
1381 2839 1476 2903 Petri

332 2953 365 3010 et
375 2943 511 3010 Nicolao
528 2945 767 3010 vicecomitibus
784 2946 822 3010 de
840 2945 962 3029 Scepus
987 2968 1024 3012 oc
1050 2946 1156 3012 villico
1172 2953 1205 3011 et
1220 2947 1381 3011 universis
1398 2947 1473 3011 hos-

334 3053 454 3136 pitibus
471 3052 510 3115 (le
526 3051 724 3118 Mendzenth
740 3054 889 3132 directas,
906 3077 944 3120 eo
960 3077 1018 3139 per
1038 3075 1096 3120 nos
1113 3075 1171 3138 pro
1197 3054 1221 3120 J
1223 3053 1324 3120 ecobo
1339 3054 1476 3119 literato

333 3161 548 3234 transmissae,
560 3160 678 3225 eisdem
689 3161 925 3228 vicecomitibus
941 3169 974 3227 et
990 3163 1097 3228 villico
1113 3169 1147 3228 et
1162 3162 1290 3246 populis
1306 3161 1345 3227 de
1355 3159 1474 3226 Mend-

334 3269 429 3334 zenth
455 3267 598 3334 exhiberi
623 3291 681 3352 per
705 3270 867 3336 hominem
891 3277 1034 3336 vestrum
1051 3321 1081 3336 ..
1105 3271 1240 3350 fecistis,
1258 3278 1290 3336 et
1314 3267 1477 3353 quidquid

333 3377 429 3442 iidem
445 3377 648 3442 vicecomites
665 3379 836 3443 comitatus
853 3377 973 3462 Soepus
990 3400 1028 3444 ee
1043 3379 1169 3444 villicus
1186 3386 1218 3444 et
1234 3379 1375 3444 universi
1400 3379 1478 3443 hos·

332 3483 418 3568 pites
434 3483 473 3548 de
489 3481 685 3550 Mendzenth
712 3486 788 3551 visis
814 3487 967 3570 predictis
993 3487 1097 3553 literis
1122 3488 1243 3553 nostris
1265 3487 1399 3553 fecerint
1424 3486 1475 3551 vel

305 3591 566 3676 rresponderint,
582 3593 673 3659 nobis
690 3643 721 3658 ..
745 3595 786 3659 ed
811 3601 939 3660 octavas
964 3595 1040 3662 festi
1065 3595 1152 3662 beati
1169 3593 1302 3690 Georgii
1327 3595 1476 3660 martiris

335 3700 520 3765 rescribatis
537 3752 544 3766 .
561 3752 567 3766 .
591 3700 715 3766 Datum
731 3701 834 3780 Bude,
854 3702 936 3768 ferie
952 3704 1067 3787 quinte
1082 3705 1230 3788 proxime
1248 3708 1322 3787 post
1337 3703 1478 3768 domini·

333 3829 403 3873 cnm
420 3807 649 3888 Reminiscere,
674 3829 758 3873 enno
790 3810 911 3875 domini
938 3811 1012 3876 Mu
1033 3810 1155 3880 OOCuno
1171 3812 1238 3878 L⁰¹⁰
1254 3812 1368 3896 primo.
1399 3809 1476 3876 Nos

332 3916 480 3999 igitur..
504 3917 546 3982 ad
570 3917 728 4000 premisse
753 3919 943 4001 exequendo
968 3925 1114 3986 nostrum
1136 3921 1283 3986 misimus
1308 3919 1477 3985 hominem

333 4024 518 4090 ‚Iohannem
543 4025 756 4108 presbiterum
788 4026 879 4091 chori
904 4027 1014 4106 nostri,
1049 4029 1105 4111 qui
1122 4077 1154 4095 ..
1177 4027 1269 4094 nobis
1294 4027 1410 4092 retulit
1436 4047 1478 4091 eo

333 4131 541 4214 modoquest
566 4133 648 4197 olias
675 4133 788 4198 literas
813 4141 938 4200 vestras
959 4135 1115 4218 'predictis
1131 4136 1238 4202 villico
1263 4141 1296 4200 et
1315 4134 1479 4198 universis

331 4239 513 4323 hospitibus
539 4240 579 4304 de
604 4239 802 4306 Mendzenth
828 4247 860 4306 et
884 4241 996 4307 eodem
1021 4243 1046 4308 J
1048 4242 1147 4308 aeobo
1172 4243 1302 4308 literato
1319 4243 1476 4314 meotes,

332 4347 414 4412 ferie
430 4352 522 4412 sexte
537 4347 683 4429 proxime
702 4349 868 4430 preterita,
878 4347 1026 4415 videlieet
1041 4351 1075 4416 iu
1091 4351 1303 4429 Parasceven‚
1320 4351 1353 4415 in
1378 4350 1473 4416 diota

332 4453 530 4518 Mendzenth
546 4454 746 4520 exhibuisset
762 4457 890 4538 eisdem,
906 4457 992 4522 huno
1006 4465 1152 4524 tenorem
1168 4459 1386 4524 continentes:
1410 4457 1480 4522 Lo-

336 4561 513 4626 doricus..
547 4584 651 4627 rex..
683 4563 789 4629 villico
821 4571 854 4629 et
887 4565 1046 4631 universis
1075 4566 1257 4650 hospitibus
1288 4565 1329 4631 de
1358 4563 1481 4630 Mend-

333 4669 474 4738 zenth..
497 4669 589 4737 Dicit
606 4669 697 4738 nobis
714 4671 739 4737 J
741 4672 859 4738 ooobus
886 4673 1036 4741 literatus
1062 4671 1147 4741 filius
1172 4673 1299 4742 Detrioi
1324 4674 1480 4742 noterius
