3180 5470
693 501 871 545 nurouxoar
887 487 1091 544 oxuiuurisu.

852 773 926 836 265.

326 932 583 1019 1351.fetr.14.
609 932 656 998 Az
677 933 796 1018 erclilyi
819 933 974 1020 kdptolou
1005 933 1123 997 Turnus
1148 932 1269 1020 erdelya'
1293 933 1462 1018 vajddaak

314 1041 440 1126 juriani-i,
466 1043 545 1128 hopp
572 1039 713 1128 Csonpcc
734 1051 810 1106 raucit
832 1041 932 1105 Febc'r·
961 1039 1311 1128 varmeppeittrtotba
1329 1041 1462 1128 Mikctly
1586 1089 1587 1092 ,

507 1153 621 1216 kdutor
637 1153 811 1216 harroaokot
826 1157 857 1216 ee
873 1153 967 1217 Peter
983 1153 1094 1218 (lectitet
1114 1151 1270 1215 bethsetta.

431 1313 554 1378 Thome
580 1313 727 1398 uoyvode
753 1313 984 1380 Transsilvano
1009 1320 1042 1380 et
1068 1314 1176 1379 comiti
1210 1313 1250 1378 de
1290 1311 1409 1378 Zonulr
1428 1362 1462 1376 ..

323 1421 501 1504 capitulum
532 1423 664 1488 ecclesie
697 1423 925 1489 Traussiluane
950 1472 980 1488 ..
1012 1422 1142 1491 Liberae
1173 1427 1279 1487 vestre
1311 1420 1462 1488 amicicie

322 1531 474 1596 noveritis
489 1551 546 1596 nos
563 1533 720 1616 recepisse
737 1533 771 1597 in
786 1535 846 1599 hec
861 1532 959 1598 verba
975 1584 980 1597 .
999 1581 1005 1596 .
1025 1532 1167 1615 capitulo
1186 1529 1339 1596 Albensis
1357 1527 1462 1595 ecclc·
1587 1561 1588 1576 π

323 1640 368 1704 sie
385 1638 614 1705 Transsilvaue
640 1640 782 1706 Thomas
807 1641 958 1725 uoyroda
978 1639 1228 1707 Transsiluanus
1245 1645 1277 1704 et
1294 1659 1399 1704 comes
1418 1638 1461 1702 de

322 1747 436 1813 Zonuk
452 1798 483 1812 ..
515 1748 680 1815 Noveritis
707 1751 793 1834 quod
818 1751 852 1814 in
877 1757 988 1815 nostra
1014 1737 1263 1832 congregacione
1298 1747 1459 1830 generali.

322 1855 524 1921 universitati
555 1855 709 1923 nobilium
740 1860 843 1942 partis
875 1857 1103 1924 Traussiluane
1138 1854 1274 1922 sabbato
1306 1856 1458 1940 proximo

323 1971 397 2030 sinte
422 1965 539 2031 festum
559 1965 803 2033 Purificacionis
829 1968 963 2052 virginis
989 1967 1127 2052 gloriose
1153 1967 1186 2031 in
1213 1964 1345 2030 Thorda
1370 1965 1459 2029 cele·

321 2073 426 2150 brata,
441 2074 489 2138 vir
504 2074 662 2140 discretus
679 2075 834 2159 magister
849 2075 993 2141 Michael
1014 2080 1125 2140 cantor
1145 2074 1279 2140 ecclesie
1294 2079 1398 2139 vestre
1416 2073 1460 2137 de

322 2182 426 2247 medio
442 2183 579 2248 aliorum
605 2185 825 2268 consurgendo
841 2185 1009 2270 proposuit
1025 2203 1062 2248 eo
1078 2183 1181 2262 modo,
1200 2181 1285 2265 quod
1301 2182 1363 2246 due
1378 2203 1459 2266 par-

321 2297 369 2354 tes
386 2291 594 2374 possessionis
610 2289 773 2376 Ohongua
797 2297 907 2357 uocate
923 2293 957 2356 in
973 2289 1112 2358 Albensi
1138 2291 1293 2356 comitatu
1314 2290 1459 2355 existen-

322 2399 364 2464 tis
380 2420 438 2464 sue
455 2404 561 2463 essent
578 2398 774 2465 hereditarie
790 2406 824 2465 et
839 2400 924 2464 omni
956 2400 1035 2464 iuris
1051 2399 1161 2483 vigore
1177 2399 1219 2464 ad
1235 2400 1339 2482 ipsum
1359 2399 1455 2464 dino-

320 2514 486 2573 scerentur
510 2509 680 2591 pertinere,
696 2530 758 2592 que
777 2510 916 2593 primum
941 2507 1218 2594 permagnificum
1243 2509 1349 2573 virum
1366 2508 1457 2572 Tho-

321 2636 406 2680 mam
426 2617 565 2681 iudicem
589 2618 677 2682 curie
703 2618 791 2702 regie
807 2617 969 2702 quondam
987 2617 1169 2704 uoyvodam
1186 2616 1457 2683 Transsilvauum

322 2726 400 2791 dicti
417 2725 622 2811 woyvodatus
639 2727 758 2792 honore
774 2728 845 2812 ipso
861 2735 938 2793 tunc
957 2729 1112 2812 fulgente,
1128 2727 1268 2792 indebite
1285 2733 1455 2809 occupate.

322 2838 355 2897 ct
371 2833 502 2900 tandem
518 2833 619 2918 ipsius
635 2837 855 2918 occupacionis
879 2837 985 2902 colore
1001 2857 1059 2920 per
1075 2834 1277 2920 Stephanum
1303 2835 1458 2900 simihter

321 2943 445 3026 pridem
472 2943 653 3027 woyvodam
680 2943 948 3010 Transsilvannm
978 2945 1106 3010 detente
1133 2944 1340 3012 exstitissent
1366 2964 1456 3006 nunc

321 3071 395 3116 uero
414 3051 542 3116 easdem
568 3053 722 3135 magister
738 3051 882 3118 Joannes
908 3053 1012 3119 dictus
1029 3051 1113 3137 Acyl
1130 3053 1170 3117 de
1187 3051 1286 3137 Zylas
1301 3052 1335 3115 in
1350 3051 1456 3134 ipsius

320 3158 532 3241 preiudicium
557 3167 752 3243 reservaret3
779 3162 895 3244 quibus
911 3163 1061 3246 peractis,
1077 3162 1155 3246 quia
1170 3161 1335 3245 predictus
1350 3161 1456 3242 magi-

321 3274 387 3334 ster
402 3266 546 3334 Michael
571 3277 684 3336 cantor
708 3271 881 3353 premissas
906 3270 986 3335 duas
1011 3277 1121 3354 partes
1153 3269 1303 3336 iamdicte
1329 3289 1455 3351 posses-

321 3378 418 3444 sionis
444 3377 615 3462 Ohongua,
631 3385 698 3444 tam
724 3377 922 3444 exhibicione
947 3379 1116 3444 literarum
1141 3384 1323 3444 vestrarum
1348 3383 1456 3442 statu-

321 3487 493 3553 cionalium
512 3485 553 3550 ad
573 3486 775 3551 amicabilem
801 3487 992 3570 peticionem
1018 3485 1160 3552 eiusdem
1185 3485 1345 3570 Stephani
1371 3505 1454 3570 woy-

320 3597 399 3662 uode
414 3596 627 3662 literatoriam
645 3594 706 3660 sibi
722 3597 1019 3680 rescripcionalium
1043 3617 1118 3663 suas
1135 3619 1213 3680 esse,
1230 3617 1327 3678 qnam
1347 3597 1455 3680 ipsam

320 3704 552 3789 possessionem
568 3701 731 3788 Ohongwa
755 3705 889 3770 totalem
915 3725 953 3769 ex
979 3710 1069 3770 certa
1093 3707 1305 3771 attestacione
1330 3706 1456 3772 iurato-

320 3836 391 3880 rum
408 3833 604 3880 assessorum
621 3819 743 3897 septem
754 3814 965 3880 comitatuum
981 3813 1067 3880 dicte
1083 3815 1187 3899 partis
1197 3813 1455 3897 Transsilranie,

320 3944 379 3989 nec
407 3943 471 3987 non
502 3923 679 3988 vicinorum
704 3929 737 3989 et
761 3928 1054 3989 commetaneorum
1085 3924 1237 4004 eiusdem,
1266 3923 1307 3990 ad
1339 3943 1454 3990 eorum

319 4030 414 4095 fidem
434 4029 493 4096 deo
509 4028 659 4108 debitam,
676 4029 929 4114 fidelitatemque
954 4052 1045 4097 sacre
1070 4033 1158 4116 regie
1183 4051 1299 4097 corone
1325 4053 1454 4098 conser-

319 4139 465 4218 vandam,
481 4146 569 4206 tacto
585 4137 706 4205 vivifice
722 4139 932 4224 crucisligno,
951 4141 1120 4222 modoque
1136 4163 1235 4226 supra
1250 4141 1292 4208 ad
1308 4163 1402 4208 suam
1419 4151 1455 4208 et

319 4248 410 4313 Petri
434 4247 557 4314 literati
573 4248 631 4313 filii
647 4247 672 4313 J
674 4248 809 4314 ohannis
826 4247 975 4314 similiter
990 4250 1122 4334 propria
1138 4249 1171 4314 in
1187 4271 1326 4335 persona
1342 4260 1455 4319 astan-

318 4356 360 4422 tis
377 4362 516 4422 etenum
533 4357 584 4422 ius
601 4356 634 4420 in
651 4356 761 4423 eadem
777 4355 924 4422 habitum
950 4357 1084 4422 iuridice
1109 4361 1343 4442 prosequentis,
1359 4361 1454 4428 here-

319 4464 471 4530 ditariam
496 4465 728 4549 proprietatem
753 4467 920 4550 provenire
936 4465 1052 4532 debere
1077 4468 1291 4552 propalatam,
1306 4489 1367 4535 nec
1383 4473 1456 4538 ullo

319 4593 461 4657 unquam
487 4579 629 4658 tempore
654 4575 695 4640 ab
720 4575 798 4660 ipsis
827 4596 1014 4642 excessuum
1039 4597 1170 4642 suorum
1196 4578 1358 4660 qualitate
1385 4583 1453 4648 exi·

319 4687 414 4770 gente
439 4681 598 4750 alienatas
613 4681 681 4750 fore
706 4683 933 4772 comprobavit,
949 4685 1083 4771 ipseque
1108 4685 1263 4772 magister
1279 4686 1456 4758 Johannes
