3180 5470
537 509 632 570 1350.
648 527 737 571 aner.
763 512 792 570 1.
1148 513 1208 574 401

84 684 257 750 Benedicta
273 691 306 750 et
320 683 346 750 J
348 685 466 750 ohanni
491 684 577 751 dioto
595 685 726 770 Gyapul
742 686 958 769 perennaliter
975 693 1008 752 et
1023 687 1215 752 irrevocabi-

84 794 155 858 liter
180 793 392 878 possidendas
411 846 440 860 ..
464 794 621 860 heredum
651 815 711 879 per
733 795 875 874 heredes,
908 795 1057 860 similiter
1089 795 1214 862 nullum

84 902 126 966 ins
142 953 174 968 ..
199 901 339 986 amplius
371 924 429 986 pro
456 924 490 966 se
515 903 549 966 in
575 902 694 968 eisdem
719 909 939 985 reservantes3
964 905 1041 969 item
1066 906 1214 970 annotati

84 1009 267 1075 Demetrius
284 1017 316 1075 et
331 1009 488 1076 Nicolaus
505 1009 564 1075 filii
581 1010 607 1075 J
607 1012 720 1077 oannis
736 1010 794 1076 filii
809 1010 1005 1098 Markolphy
1019 1035 1090 1080 oum
1101 1012 1213 1078 eodem

84 1116 232 1182 Johanne
248 1139 348 1200 puero
363 1117 430 1182 filio
446 1119 584 1202 preteeti
600 1118 761 1184 Demetrii
778 1120 1000 1203 personaliter,
1025 1141 1083 1204 pro
1108 1121 1213 1204 predi·

85 1226 138 1289 ctis
154 1246 233 1290 vero
248 1225 403 1291 Bernaba
412 1233 446 1290 et
455 1225 632 1291 Benedicta
647 1227 803 1293 iratribus
819 1229 886 1293 suis
896 1249 969 1294 cum
979 1228 1213 1294 sufficientibus

84 1333 178 1398 literis
211 1334 491 1418 procuratoriis..
516 1355 624 1399 coram
649 1335 740 1400 nobis
765 1336 798 1400 in
824 1337 944 1402 eisdem
970 1337 1091 1402 octavis
1108 1339 1209 1402 sanct'

85 1443 161 1525 regis
179 1440 339 1526 Stephani
357 1463 420 1524 quo
437 1464 537 1526 supra
552 1450 783 1527 comparentes,
800 1445 840 1509 de
856 1445 997 1528 quadam
1013 1447 1212 1530 possessione

84 1551 223 1634 ipsorum
239 1550 415 1616 Kurtueles
431 1557 554 1630 vocata,
570 1551 646 1616 olim
656 1571 715 1636 per
731 1551 852 1618 dictum
872 1554 1020 1619 Blasinm
1035 1561 1212 1620 memorato

84 1659 225 1724 Johanui
249 1659 316 1724 filio
345 1659 541 1744 Markolphy
567 1660 666 1742 patri
680 1665 713 1724 et
737 1659 837 1725 nobili
868 1661 996 1726 domine
1028 1663 1130 1726 sorori
1155 1683 1211 1728 sue

85 1767 206 1852 coniugi
223 1767 325 1850 ipsius
340 1767 502 1834 Johannis
518 1768 616 1832 matri
641 1767 784 1850 ipsorum
809 1767 887 1832 data
913 1775 946 1833 et
969 1769 1099 1846 donata,
1115 1767 1211 1833 simili

84 1875 170 1939 modo
188 1877 223 1939 in
240 1876 352 1940 eodem
369 1877 525 1940 comitatu
536 1874 746 1940 Zemliniensi
765 1875 852 1941 eirca
861 1875 967 1960 ipsum
977 1873 1109 1940 fluvium
1118 1875 1212 1960 Lyka

85 1985 239 2062 existenti,
256 2004 276 2047 a
292 1990 385 2066 parte
401 1983 525 2048 scilicet
549 1989 710 2047 metarum
735 1984 944 2066 possessionis
959 1982 1073 2050 Araob
1092 2003 1212 2048 nuncu·

82 2097 150 2176 pate
166 2113 270 2175 usque
285 2099 389 2157 metas
404 2098 491 2157 terre
506 2091 625 2169 Lezna,
637 2097 699 2156 eta
711 2097 804 2174 parte
820 2093 969 2156 orientali
980 2113 1052 2158 cum
1068 2091 1210 2157 funiculo

83 2201 249 2266 circuendo
265 2207 298 2266 et
322 2199 547 2279 mensurando,
562 2201 596 2264 in
622 2199 710 2265 silvis
735 2200 826 2265 etin
851 2201 946 2265 terris
971 2199 1150 2266 arabilibus
1173 2219 1211 2262 ac

81 2309 148 2374 aliis
164 2309 363 2375 utilitatibus
381 2309 577 2390 quibuslibet
593 2313 717 2374 tantam
744 2309 961 2389 quantitatem
987 2315 1110 2392 quanta
1127 2312 1211 2372 esset

82 2425 164 2482 recta
181 2418 367 2482 dimidietas
382 2417 483 2501 ipsius
499 2416 709 2500 possessionis
734 2415 886 2500 Felsynlr,
911 2422 1022 2500 utpote
1047 2437 1106 2500 pro
1129 2415 1210 2480 silva

80 2525 199 2604 silvam,
215 2531 248 2590 et
272 2547 331 2608 pro
356 2525 451 2589 terris
476 2523 654 2589 arabilibus
679 2524 898 2606 equivalentes
924 2530 1029 2588 terras
1060 2523 1210 2605 arabiles

80 2641 143 2699 tum
158 2634 201 2699 ob
218 2635 357 2699 favorem
374 2634 591 2718 proximitatis
607 2633 685 2697 dicti
710 2633 814 2697 Blasii
831 2634 982 2698 avunculi
1007 2633 1159 2716 ipsorum,
1177 2637 1210 2694 et

80 2747 143 2807 tum
158 2763 219 2825 pro
235 2763 272 2807 eo
298 2749 336 2807 ut
352 2743 466 2807 divisio
482 2743 566 2806 inter
582 2741 707 2806 eosdem
725 2739 809 2805 filios
829 2739 932 2806 Blasii
943 2747 976 2805 et
986 2739 1068 2804 tilios
1083 2739 1209 2804 Micha-

80 2850 132 2914 elis
148 2852 189 2916 de
214 2851 316 2934 Isyph
331 2857 368 2915 ut
383 2849 523 2915 refertur
538 2847 711 2930 celebrata,
727 2849 844 2913 amodo
860 2855 892 2914 et
908 2849 1058 2931 deinceps
1075 2845 1209 2930 pacifica

80 2958 253 3023 stabilitate
268 2965 378 3042 posset
402 2957 588 3041 perdurare,
618 2956 823 3022 dederunt..
847 2958 880 3022 iu
905 2957 955 3021 ius
979 2963 1012 3021 et
1028 2961 1208 3041 proprieta-

79 3071 139 3130 tem
155 3066 341 3132 eorumdem
357 3065 525 3130 Benedicti
542 3071 575 3128 et
599 3064 624 3128 J
626 3065 762 3130 ohannis
786 3063 926 3128 filiorum
951 3064 1055 3128 Blasii
1071 3071 1104 3128 et
1119 3065 1208 3130 bere·

79 3173 151 3240 dum
176 3197 308 3241 suorum
348 3175 445 3240 simili
480 3174 573 3239 modo
608 3174 678 3238 iure
712 3181 868 3258 perpetuo
886 3225 892 3239 .
909 3225 916 3240 .
932 3173 1158 3258 possidendam
1176 3224 1207 3241 ..

79 3303 114 3346 ex
129 3283 263 3348 adverso
280 3289 388 3348 autem
406 3283 543 3367 predicti
559 3281 617 3346 filii
633 3282 747 3362 Blasii,
772 3283 849 3347 item
874 3282 1019 3347 Jacobus
1044 3287 1076 3346 et
1109 3281 1207 3348 Ladi-

78 3391 162 3454 slaus
178 3389 238 3455 filii
254 3389 427 3456 Michaelis
443 3412 501 3474 pro
517 3411 551 3454 se
576 3395 609 3454 et
627 3411 686 3472 pro
712 3388 881 3473 prelibatis
897 3389 1053 3455 fratribus
1070 3391 1137 3455 suis
1153 3389 1208 3454 ab·

77 3498 217 3564 sentibus
232 3499 342 3581 vigore
357 3498 518 3563 dictarum
534 3497 702 3562 literarum
718 3499 1024 3580 procuratoriarum,
1042 3497 1205 3562 residuam

77 3608 258 3688 porcionem
274 3607 559 3691 possessionariam
585 3627 646 3689 que
663 3606 702 3670 de
719 3605 807 3670 dicta
817 3606 1017 3690 possessione
1027 3605 1207 3671 Kurtueles

76 3715 106 3779 in
130 3719 203 3802 ipsa
227 3718 470 3784 mensuracione
496 3723 529 3782 et
553 3716 780 3782 extradacione
805 3716 925 3782 eisdem
944 3715 1019 3782 filiis
1045 3715 1206 3780 Johannis

76 3826 290 3905 remansisset,
307 3825 417 3891 eodem
433 3825 527 3891 modo
544 3846 607 3909 quo
623 3831 720 3890 antea
735 3825 900 3908 predictus
916 3824 1048 3889 Blasius
1069 3830 1162 3907 peter
1173 3829 1205 3888 et

76 3935 237 4015 proximus
262 3936 406 4020 ipsorum
430 3933 646 4000 mediantibus
671 3933 775 3998 literis
804 3934 923 3999 nostris
951 3932 1206 4018 privilegialibus

76 4051 110 4107 ut
124 4044 318 4126 premissum
334 4047 384 4108 est
408 4043 503 4108 dictis
519 4041 544 4108 J
545 4042 663 4106 ohanui
680 4041 765 4125 patri
776 4047 809 4105 et
825 4041 953 4106 domine
969 4042 1067 4106 matri
1083 4061 1206 4106 eorum-

75 4151 144 4215 dem
161 4149 300 4216 filiorum
321 4151 346 4215 J
348 4150 484 4216 ohannis
509 4155 742 4232 perpetuasset,
766 4148 970 4230 reliquerunt
998 4154 1033 4213 et
1056 4153 1206 4232 perpetu·

75 4263 172 4323 arunt
198 4257 273 4323 filiis
308 4257 334 4322 J
335 4257 470 4322 ohannis
495 4256 554 4320 lilii
579 4255 768 4340 Markolpbi
799 4276 838 4321 ac
861 4257 1003 4340 ipsorum
1032 4255 1204 4321 heredibus

76 4367 277 4450 supradietis.
293 4364 419 4450 Quibus
435 4366 565 4446 quidem
593 4364 848 4449 possessionibus
867 4371 900 4430 et
915 4364 1118 4450 porcionibus
1134 4386 1205 4448 pos·

75 4475 272 4540 sessionariis
288 4475 467 4558 prescripto
484 4478 593 4557 partes
610 4473 655 4538 sie
671 4473 756 4538 inter
780 4495 814 4538 se
840 4475 1040 4558 perpetuatis
1066 4493 1205 4537 consona

76 4605 146 4648 voce
162 4585 354 4662 retulerunt,
372 4583 458 4664 quod
474 4583 550 4647 licet
565 4581 633 4665 ipse
650 4603 747 4665 super
771 4581 934 4665 premissis
951 4581 1205 4665 perpetuationi·

74 4690 129 4755 bus
153 4691 267 4756 literas
292 4697 420 4756 nostras
444 4689 664 4775 privilegiales
689 4689 902 4754 communiter
933 4696 967 4754 et
994 4688 1120 4753 divisim
1145 4711 1205 4773 pro

115 4828 266 4862 Arsaocuosr
283 4814 456 4862 ‹ruulurrin
475 4827 500 4862 r.
517 4817 613 4860 allusu.
1061 4822 1093 4865 aa
