3180 5470
520 511 615 572 1350.
632 528 721 572 sarr.
738 513 789 574 29.

620 763 694 824 248.

97 939 189 1000 1350.
205 947 280 1024 sept.
297 941 349 1002 29.
373 937 470 1002 Bada
487 943 578 1004 varos
603 939 709 1024 badja
733 942 763 1004 ds
788 941 933 1026 eskitttjei
957 943 1027 1007 elta
1043 944 1161 1008 Milatos
1174 945 1226 1025 fia

96 1048 186 1110 Paa-
202 1047 300 1110 hedai
311 1047 437 1132 pcbjo'r,
448 1071 468 1109 a
479 1070 565 1132 napa
580 1049 611 1111 e's
621 1050 730 1133 adpora
746 1049 829 1112 altat
837 1048 944 1115 Sasad
950 1051 1032 1136 fala
1048 1052 1226 1116 toleratae

94 1155 311 1239 elzdlopoaitott
343 1155 450 1219 sztllat
479 1154 589 1218 Jakat
629 1155 881 1242 badaodrallyai
917 1162 948 1222 e's
995 1161 1101 1245 Varpa
1124 1161 1226 1224 ,Idaea

420 1264 504 1348 pesti
517 1262 675 1348 pohpdrto'l
690 1267 903 1348 ve'eszavo'ltja.

197 1443 268 1510 Nos
283 1444 426 1509 Michael
450 1443 536 1509 filius
561 1444 686 1510 comitis
711 1445 885 1516 Kanozlini
910 1447 1005 1512 iudex
1030 1451 1127 1514 castri
1153 1453 1224 1517 novi

92 1553 208 1619 montis
225 1553 410 1632 Pestiensis,
426 1553 525 1618 iurati
550 1559 584 1617 et
605 1553 745 1618 universi
761 1555 845 1619 cives
872 1553 911 1618 de
928 1555 1048 1634 eodem,
1073 1559 1225 1623 memorie

93 1663 360 1739 commendamus,
392 1661 478 1742 quod
511 1661 628 1726 Petrus
664 1661 750 1728 filius
788 1659 917 1727 Nicolai
949 1685 1046 1746 gener
1078 1666 1226 1732 videlicet

92 1769 253 1852 quondam
278 1769 462 1834 Karachini
502 1769 641 1834 concivis
673 1770 775 1835 nostri
801 1769 842 1834 ab
868 1793 941 1850 una,
967 1773 1044 1838 item
1070 1772 1224 1840 Nicolaus

91 1877 240 1942 literatus
256 1884 290 1943 et
306 1878 331 1943 J
332 1877 452 1944 acobus
469 1879 612 1943 concives
628 1879 730 1943 nostri
746 1880 785 1943 de
802 1879 957 1946 suburbio
968 1882 1068 1946 castri
1085 1881 1224 1964 predicti

90 2009 127 2052 ae
141 1986 166 2050 J
168 1985 313 2051 ohannes
339 1985 434 2051 cerdo
460 1986 499 2050 de
516 1985 618 2050 Pesth
633 1991 727 2068 parte
744 2007 782 2050 ex
798 1987 903 2051 altera
919 2009 1027 2052 coram
1044 1989 1136 2054 nobis
1153 2011 1223 2074 per·

91 2095 245 2160 sonaliter
261 2096 437 2174 constituti,
453 2115 511 2178 per
530 2093 666 2159 cundem
677 2095 811 2160 Petrum
822 2096 1022 2178 propositum
1035 2099 1160 2163 exstitit
1191 2148 1197 2162 .
1216 2146 1222 2160 .

90 2203 174 2286 qnod
192 2203 325 2268 domina
337 2203 508 2268 Elisabeth
521 2202 635 2268 relicta
649 2203 752 2288 ipsius
767 2203 952 2269 Karachini
963 2227 1072 2270 socrus
1083 2228 1148 2285 sua,
1160 2228 1224 2272 una

89 2333 159 2376 oum
176 2311 420 2378 Michaelefilio
431 2334 499 2391 suo,
515 2312 593 2396 ipsis
609 2312 746 2391 vivente,
760 2311 924 2393 quandam
939 2313 1064 2379 vineam
1080 2314 1224 2397 ipsorum
1242 2369 1246 2378 .

87 2421 120 2482 in
135 2419 302 2485 territorio
318 2419 392 2484 ville
409 2417 514 2485 Sasad
549 2439 650 2503 prope
674 2441 825 2502 magnam
844 2426 981 2485 stratam
1002 2423 1166 2500 situatam,
1189 2424 1223 2490 in

88 2528 255 2593 vicinitate
271 2529 438 2592 vinearum
456 2526 614 2611 Stephani
631 2525 755 2591 Thome
772 2534 804 2592 et
820 2525 952 2592 Andrea
968 2530 1178 2609 adiacentem,
1203 2553 1222 2596 a

87 2635 216 2719 Wydus
248 2635 316 2701 fiho
333 2635 460 2701 Wraoh
484 2635 630 2719 proximo
656 2636 801 2718 ipsorum
826 2643 1055 2719 comparatam,
1081 2637 1221 2720 quadam

86 2744 279 2810 necessitate
290 2743 434 2828 ipsorum
446 2742 601 2826 Urgente,
611 2741 749 2808 Nicolao
759 2742 889 2808 literato
899 2743 1025 2810 Jacobo
1035 2749 1068 2808 et
1077 2743 1222 2810 Johanni

88 2854 120 2916 in
137 2851 254 2934 viginti
270 2856 343 2916 octo
359 2849 486 2915 florenis
502 2849 677 2915 secundum
687 2872 779 2914 usum
797 2857 830 2914 et
845 2850 1104 2916 consvetndinem
1114 2858 1222 2916 nostre

86 2960 228 3025 civitatis
244 2959 372 3043 pignori
388 2957 543 3041 obligavit
559 2965 591 3024 et
606 2957 648 3022 ad
665 2959 780 3023 scitum
796 2957 970 3042 proborum
991 2958 1131 3024 viroruin
1151 2961 1222 3044 ipsa

84 3069 216 3133 domina
231 3066 404 3132 Elisabeth
421 3073 454 3131 et
469 3065 613 3132 Michael
629 3065 715 3131 filius
732 3088 808 3132 suus
827 3067 860 3131 in
876 3067 992 3132 ultima
1012 3073 1221 3134 testamenta·

85 3179 134 3242 ria
160 3177 308 3260 ipsorum
327 3175 538 3258 disposicione
564 3174 625 3239 sibi
648 3175 876 3253 redimendam,
907 3175 1061 3259 predictis
1085 3174 1222 3242 Nicolao

84 3286 217 3351 literato
233 3284 259 3349 J
260 3283 359 3348 acobo
383 3289 415 3348 et
431 3283 456 3348 J
458 3283 577 3348 ohanni
594 3283 723 3348 cerdoni
739 3283 800 3348 hoc
815 3284 944 3362 auditis,
961 3283 1048 3349 facta
1058 3283 1221 3349 solucione

84 3394 231 3475 ipsorum
247 3391 362 3474 viginti
389 3396 460 3456 octo
485 3391 688 3468 florenorum,
704 3391 829 3455 vineam
856 3390 959 3455 eidem
973 3391 1074 3456 libere
1090 3393 1220 3474 permit·

82 3509 152 3566 tere
177 3507 213 3565 et
236 3499 402 3583 resignare
433 3499 656 3580 affirmarunt;
672 3500 732 3564 hoc
748 3505 909 3582 percepto,
935 3500 1080 3582 prefatus
1100 3499 1219 3566 Petrus

83 3609 171 3674 fihus
199 3605 329 3674 Nicolai
354 3608 469 3692 viginti
494 3614 565 3673 octo
589 3607 726 3673 florenos
751 3607 905 3691 persolvit
936 3657 967 3672 ..
991 3628 1098 3672 coram
1127 3607 1219 3672 nobis

82 3717 224 3783 Nicolao
259 3716 384 3782 Jacobo
410 3724 442 3782 et
467 3715 613 3782 Johanni
639 3717 826 3800 prenotatis,
853 3711 1047 3799 sepef(atam
1078 3713 1218 3798 vineam)

82 3827 184 3892 Petro
201 3825 269 3890 filio
284 3823 412 3891 Nicolai
432 3824 533 3890 libere
560 3823 776 3910 permittendo
802 3830 834 3888 et
860 3823 1061 3906 assignando.
1094 3823 1218 3888 Datum

81 3935 115 3999 in
132 3935 218 3999 festo
235 3933 340 3998 sancti
359 3932 527 3998 Michaelis
553 3931 747 4014 archangeli,
775 3951 859 3994 anno
875 3929 995 3996 domini
1021 3930 1073 3995 Μ0
1098 3928 1221 3998 Goon

82 4043 364 4128 quinquagesimo.

192 4222 349 4286 Hatlapjan
361 4227 441 4294 vords
460 4223 552 4287 pacstt
570 4223 747 4288 nyomaiva13
767 4221 896 4286 eredatije
915 4237 946 4271 aa
970 4237 1039 4271 orsa.
1063 4222 1093 4271 lt.
1117 4220 1217 4270 kinost.

81 4322 150 4365 oszt.
165 4313 235 4377 dipl.
250 4316 318 4362 oszt.
333 4317 429 4363 29683.
449 4313 548 4363 Kozli:
568 4313 677 4363 Kovtos
689 4313 722 4362 N.

571 4565 731 4572 ——0———u
