3180 5466
558 497 650 560 1351.
669 503 740 562 uris.
760 499 808 562 12.
1203 503 1269 565 479

130 695 203 738 rum
237 669 398 740 Johannis
430 683 462 742 et
491 677 609 742 Jacubi
640 677 780 743 filiorum
812 676 1041 743 Alexandri..
1074 681 1268 763 magistrum

131 781 335 867 Stephanum
352 785 473 850 socium
500 793 531 850 et
548 787 797 851 concanonicum
813 787 968 868 ipsorum,
984 792 1017 850 et
1034 787 1138 852 Paulo
1157 788 1269 854 simili·

130 899 180 956 ter
196 893 325 957 homine
342 895 428 976 regie
448 894 627 958 maiestatis
643 895 831 959 Johannem
848 895 1046 960 sacerdotem
1065 897 1155 960 chori
1171 897 1269 964 eccle-

130 1001 176 1064 sie
192 1001 336 1084 ipsorum
351 1024 410 1086 pro
427 1009 520 1086 parte
538 1000 689 1086 Gregorii
706 1002 784 1067 dicti
801 1001 907 1067 Zekul
924 1009 956 1067 et
971 1003 1145 1068 Michaelis
1157 1003 1268 1070 fratris

130 1109 272 1174 eiusdem
288 1110 461 1194 deputatis,
477 1111 621 1176 homines
646 1132 757 1174 eorum
782 1109 845 1174 fide
877 1111 990 1193 dignos
1017 1111 1059 1176 ad
1084 1113 1269 1195 peragenda

129 1238 168 1280 ea
184 1240 248 1301 que
263 1219 296 1282 in
312 1217 414 1283 literis
431 1219 550 1283 nostris
567 1225 720 1284 contenta
736 1218 882 1298 fuissent,
892 1239 951 1302 pro
962 1220 1153 1284 testimoniis
1165 1227 1268 1286 trans-

129 1327 310 1407 missisent;
326 1329 383 1410 qui
399 1327 527 1392 demum
545 1327 586 1392 ad
602 1329 707 1410 ipsum
725 1328 902 1408 capitulum
922 1329 1049 1405 reversi,
1065 1327 1184 1392 eisdem
1195 1349 1266 1394 con·

128 1434 269 1500 corditer
295 1435 489 1513 retulissent,
514 1436 600 1518 quod
624 1436 686 1518 ipsi
711 1435 744 1498 in
771 1435 822 1499 die
838 1435 992 1502 Oinernm
1018 1437 1163 1518 proxime
1189 1442 1267 1503 tune

130 1542 295 1624 preterito,
312 1541 354 1606 ad
369 1540 467 1608 facies
484 1543 720 1626 possessionum
738 1541 901 1608 Sumkuth
917 1548 950 1606 et
973 1543 1124 1608 Rosusna
1139 1549 1266 1608 vocata-

129 1670 200 1712 rum
218 1649 438 1728 accessissent,
456 1650 633 1731 vicinisque
650 1656 683 1714 et
699 1649 926 1714 commetaneis
937 1649 1124 1714 earumdem
1140 1651 1267 1716 univcr-

128 1756 181 1834 sis,
207 1763 240 1821 et
265 1756 447 1840 specialiter
478 1755 638 1839 Gregorio
664 1756 752 1822 dicto
783 1756 889 1820 Zehul
916 1762 947 1820 ct
978 1756 1140 1822 Michaele
1164 1757 1264 1823 fratre

128 1865 273 1930 eiusdem
290 1868 431 1950 legitime
448 1869 628 1932 convocatis
645 1874 677 1932 et
692 1864 904 1950 presentibus,
927 1885 1076 1947 persnas
1093 1887 1185 1931 veras
1201 1888 1265 1930 me-

127 1979 179 2038 tes
203 1979 236 2038 et
261 1975 413 2055 antiquas
439 1976 706 2052 reamhulassent,
731 1981 764 2037 et
788 1973 935 2056 predicta
966 1973 1136 2055 sexaginta
1151 1974 1263 2056 iugera

127 2091 214 2148 terre
231 2083 373 2167 litigiosa
390 2085 534 2151 Johanni
552 2091 585 2149 et
601 2085 625 2149 J
628 2084 726 2149 accho
743 2083 819 2148 filiis
834 2082 1017 2148 Alexandri
1034 2083 1188 2166 predictis
1199 2090 1263 2148 sta-

128 2193 269 2257 tuissent
285 2199 318 2258 et
342 2194 384 2258 ad
409 2194 572 2276 predictas
598 2215 707 2258 eorum
733 2193 948 2276 possessiones
973 2190 1135 2258 Sumhuth
1153 2199 1185 2258 et
1200 2193 1265 2258 Rc-

129 2319 229 2363 susna
246 2301 427 2366 nominatas
444 2302 662 2384 applicassent
678 2306 711 2364 et
726 2299 942 2383 reliquissent,
953 2299 1042 2365 nullo
1052 2301 1181 2383 penitus
1192 2322 1265 2366 con—

126 2406 302 2472 tradictore
328 2415 505 2492 apparente
530 2415 688 2494 perpetuo
713 2407 925 2492 possidenda,
955 2406 1141 2473 retulissent
1164 2408 1265 2474 eciam

126 2515 226 2580 iidem
242 2516 323 2598 regii
340 2524 372 2582 ct
387 2517 489 2600 ipsius
506 2517 639 2600 capituli
657 2515 828 2582 Vaciensis
854 2515 1007 2592 homines,
1033 2516 1118 2597 quod
1134 2515 1173 2580 de
1189 2537 1265 2600 par-

125 2623 210 2687 cium
235 2625 401 2690 voluutate
426 2626 599 2708 quamdam
625 2645 738 2688 novam
765 2629 883 2688 metam
899 2629 1037 2687 terream
1062 2624 1096 2687 in
1122 2624 1262 2706 quodam

126 2729 224 2795 berch
240 2752 331 2797 secas
346 2734 432 2799 viam
448 2734 597 2798 Zauusut
606 2737 752 2797 vocatam
763 2732 946 2796 erexissent.
965 2727 1111 2813 Quarum
1128 2730 1258 2814 quidem

126 2837 295 2904 literarum
321 2841 422 2926 ipsius
447 2842 582 2924 capituli
607 2839 739 2906 ecclesie
756 2838 926 2906 Vaciensis
949 2838 1026 2902 uisis
1053 2846 1085 2903 et
1109 2839 1262 2921 perlectis

125 2947 345 3026 continenciis,
362 2971 433 3014 cum
449 2971 507 3014 nos
524 2949 686 3032 prefatum
702 2947 894 3029 magistrum
909 2945 934 3010 J
935 2945 1095 3012 ohannem
1111 2967 1150 3010 ac
1165 2969 1262 3012 anno·

124 3062 230 3121 tutum
246 3059 355 3124 Barca
370 3064 611 3142 procuratorem
629 3057 801 3122 Michaelis
812 3055 957 3140 predicti,
968 3055 1007 3119 de
1018 3077 1063 3136 eu,
1074 3063 1184 3122 utrum
1196 3057 1259 3140 ipsi

124 3165 274 3230 videlicet
289 3168 437 3253 magistri
453 3168 478 3233 J
480 3167 622 3232 ohannes
639 3171 672 3230 et
685 3165 710 3230 J
712 3163 830 3229 acubus
847 3185 885 3228 ac
895 3163 1039 3228 Michael
1054 3165 1087 3228 in
1104 3166 1261 3246 premissa

123 3275 305 3339 statueione
329 3275 528 3358 prelatorum
554 3274 722 3356 sexaginta
748 3273 896 3355 iugerum
921 3279 1007 3336 terre
1026 3273 1086 3337 sub
1110 3274 1204 3338 metis
1229 3281 1261 3337 et

123 3379 391 3448 distinecionibus
418 3385 449 3448 in
474 3383 578 3448 literis
603 3381 740 3464 predicti
765 3380 891 3446 comitis
916 3379 1011 3444 Pauli
1042 3387 1079 3445 ut
1113 3382 1260 3464 superius

124 3490 293 3574 tetigimus
309 3499 342 3558 et
358 3515 437 3577 pure
454 3492 669 3575 expressimus
695 3495 927 3566 contentorum,
953 3489 1140 3572 prescriptis
1160 3491 1260 3572 magi-

122 3599 199 3662 stris
216 3599 363 3664 ·Johanni
379 3606 411 3665 et
427 3598 552 3664 Jacoho
569 3597 643 3662 filiis
660 3597 851 3674 Alexandri,
867 3595 909 3660 ad
925 3597 1027 3660 dictas
1043 3598 1260 3678 possessiones

121 3726 235 3771 corum
252 3705 414 3772 Sumhuth
431 3715 463 3771 et
479 3707 630 3772 Rosusna
645 3709 783 3781 vocatas,
799 3709 836 3767 ut
852 3704 885 3766 in
902 3702 979 3786 ipsis
995 3702 1099 3767 literis
1116 3704 1259 3769 eiusdem

122 3815 259 3896 capituli
275 3815 482 3880 Wachiensis
508 3814 641 3878 ecclesie
666 3813 850 3889 haberetur,
871 3811 959 3875 facta
983 3781 1258 3900 contenter⁸entnr⁸

123 3923 171 3986 rel
188 3921 294 3987 eidem
311 3923 484 3988 statusicni
500 3923 534 3985 in
551 3921 661 4001 aliquo
677 3918 943 3983 contrudiccionis
954 3917 1111 3981 velamine
1128 3918 1259 3982 obstare

122 4033 329 4098 intenderent
344 4041 403 4098 aut
419 4055 468 4114 ne,
484 4033 572 4096 trina
587 4033 655 4096 vice
672 4037 704 4094 et
720 4029 841 4112 pluries
860 4034 958 4112 prout
973 4033 1083 4092 nostro
1100 4028 1258 4092 incumbit

120 4140 226 4206 officio
244 4140 466 4206 habuissemus
491 4139 672 4222 requisitos,
699 4137 784 4203 idem
808 4138 963 4219 magister
988 4135 1158 4199 ‚lohannes
1175 4157 1208 4200 se
1226 4143 1258 4199 et

119 4249 304 4331 predictum
320 4249 480 4314 ‹lacobum
497 4249 631 4312 fratrem
662 4268 764 4326 suum,
790 4267 829 4310 ac
853 4251 1040 4327 prenotatus
1064 4244 1173 4308 Barca
1188 4265 1258 4326 pre-

119 4363 244 4422 tactum
270 4357 464 4422 Michaelem
489 4356 648 4440 prefatam
672 4353 884 4419 statucionem
902 4353 1061 4418 dictorum
1087 4353 1256 4434 sexaginta

119 4466 269 4548 iugerum
287 4472 374 4531 terre
399 4466 458 4531 sub
483 4465 659 4531 inclusione
686 4471 718 4528 et
739 4461 929 4527 eircuicione
945 4461 1174 4544 promissarum
1191 4483 1255 4526 me-

120 4584 227 4640 tarum
254 4574 374 4638 eisdem
390 4573 474 4638 'filiis
505 4572 685 4638 Alexandri
711 4571 831 4635 factam
856 4577 889 4633 et
913 4568 1059 4633 habitam
1085 4576 1255 4650 acceptare

120 4684 200 4748 velle
219 4692 253 4747 et
269 4705 303 4746 se
319 4683 352 4746 in
369 4683 440 4766 ipsa
464 4681 644 4746 contentari
669 4701 707 4744 ac
731 4680 765 4742 in
791 4678 880 4742 nullo
905 4700 938 4740 su
964 4678 996 4739 in
1013 4675 1098 4740 facto
1114 4677 1256 4742 eiusdem
