3138 5462
695 455 881 502 nnrounosr
898 442 1111 502 onulurrln.

878 731 929 790 33.

345 889 437 952 1347.
457 886 626 970 Szihalmn,
637 891 708 974 juo.
726 889 756 950 6.
774 886 801 950 Α
821 887 940 952 Milatos
965 889 1066 953 addor
1081 889 1163 953 obul
1179 897 1288 953 turtott
1303 887 1467 974 ko'zpyr'lid·

318 1021 391 1082 ,serr
409 999 508 1060 Heoes
524 990 688 1083 odrmeppd
704 995 867 1083 oiispdoja
893 999 924 1060 ds
952 997 1141 1084 szobJobiro'r'
1167 997 1369 1082 bizoapr'tjdk,
1394 998 1469 1082 bopy

438 1101 549 1191 Gydrlr
566 1114 645 1169 ocull
663 1105 764 1170 birros
783 1107 932 1188 Pe'lerfio
949 1106 1106 1192 Kompold
1121 1106 1371 1190 drdlrtulojdooa.

452 1267 522 1333 Nos
538 1267 695 1334 Nicolaus
711 1317 717 1332 .
735 1320 741 1333 .
758 1268 922 1352 palatinus
939 1275 971 1334 et
986 1269 1081 1334 iudex
1097 1291 1304 1336 comanorum
1320 1269 1469 1334 memorie

340 1376 596 1468 commendantis,
621 1378 706 1460 quod
722 1379 755 1442 in
772 1379 1023 1460 congregacione
1048 1385 1161 1443 nostra
1185 1377 1328 1461 generali
1346 1377 1468 1442 univer-

340 1485 428 1550 sitati
446 1482 600 1550 nobilium
625 1483 664 1548 de
690 1485 816 1549 Borsod
832 1490 864 1549 et
880 1485 920 1549 dc
935 1484 1156 1568 Heuoswyuar
1166 1485 1379 1550 comitatuum
1389 1483 1465 1548 feria
1545 1539 1546 1542 ,

340 1593 481 1657 secunda
506 1592 653 1675 proxima
678 1597 751 1674 post
782 1597 910 1657 octavas
936 1592 1009 1656 festi
1034 1597 1145 1656 sancte
1171 1591 1343 1656 Trinitatis
1369 1611 1468 1674 prope

339 1699 449 1765 villam
459 1700 617 1765 Zenholm
628 1698 798 1777 celebrata,
815 1699 1019 1782 Kompoldus
1029 1699 1113 1764 lilius
1124 1699 1215 1764 Petri
1224 1698 1282 1764 filii
1293 1699 1468 1783 Kompoldi

340 1809 378 1874 de
403 1809 508 1874 medio
533 1809 756 1874 universorum
781 1809 1003 1892 consurgendo
1022 1809 1188 1892 proposuit
1205 1830 1241 1873 co
1258 1808 1362 1884 modo,
1386 1807 1467 1890 quod

340 1919 498 2002 possessio
514 1915 615 1982 Gwrk
639 1923 754 1982 vocata
778 1917 810 1980 in
837 1918 992 1982 comitatu
1019 1917 1058 1982 de
1082 1916 1305 2000 Heueswyuar
1321 1917 1468 1994 existens,

341 2047 399 2090 sua
415 2031 500 2090 esset
516 2031 549 2090 et
563 2025 677 2090 fuisset
702 2023 743 2090 ab
762 2025 897 2108 antiqno
913 2031 945 2088 ot
961 2024 1002 2088 ad
1018 2024 1204 2090 memoriam
1221 2025 1386 2090 hominum
1403 2025 1468 2108 ipsc

343 2141 376 2198 et
393 2134 442 2198 sui
459 2133 698 2218 predecessores
715 2183 722 2196 .
739 2183 745 2196 .
763 2133 988 2216 possedissent,
1014 2137 1125 2216 petens
1141 2153 1208 2210 nos,
1225 2139 1262 2197 ut
1277 2133 1400 2198 iudices
1416 2154 1467 2196 no

345 2241 459 2306 bilium
484 2243 648 2324 inratique
682 2229 858 2306 assessores
884 2241 963 2306 dicti
987 2241 1159 2305 comitatus
1183 2241 1223 2305 de
1247 2241 1467 2326 Honeswyuar

340 2371 397 2434 per
414 2371 471 2414 nos
487 2349 635 2432 requisiti
661 2350 839 2414 faterentur
864 2349 993 2432 qualem
1010 2350 1130 2414 seirent
1154 2347 1193 2412 de
1210 2349 1376 2432 premissis
1392 2347 1468 2412 veri·

346 2463 457 2523 tatem.
491 2455 555 2541 Qui
581 2459 711 2541 quidem
735 2459 855 2524 iudices
879 2457 1035 2523 nobilium
1060 2457 1223 2540 iuratique
1247 2477 1468 2522 assessores..

342 2588 414 2630 cum
440 2565 597 2630 universis
622 2565 783 2630 nobilibus
808 2565 960 2648 prelibati
987 2567 1158 2630 comitatus
1184 2564 1224 2628 de
1248 2565 1468 2649 Heuesupuar

342 2681 553 2738 memoratam
579 2675 811 2758 possessionem
827 2672 927 2740 Gwrk
947 2674 1085 2758 predicti
1110 2673 1288 2757 Kompoldi
1304 2673 1363 2738 filii
1379 2673 1467 2740 Petri

342 2781 399 2846 filii
419 2781 597 2864 Kompoldi
624 2803 691 2846 esse
708 2783 853 2848 etfuisse
870 2782 1062 2865 abantiquo
1081 2789 1114 2848 et
1138 2780 1180 2848 ad
1204 2783 1390 2846 memoriam
1414 2783 1468 2847 bo·
1567 2805 1568 2814 ¹

339 2890 461 2954 minum
486 2891 592 2973 ipsum
618 2897 650 2954 et
675 2911 749 2955 suos
780 2890 1019 2974 prodecessores
1051 2889 1237 2974 possedisse,
1269 2890 1411 2955 rinanimi
1438 2896 1469 2954 et

339 2998 488 3064 concordi
504 2997 728 3062 testificatione
745 2998 966 3064 affirmarunt.
982 2999 1122 3064 Datum
1139 3004 1255 3082 (luarto
1271 2998 1323 3062 die
1339 3021 1466 3083 congre·

339 3107 481 3190 gacionis
498 3113 606 3172 nostre
623 3107 775 3192 predicte,
800 3109 833 3172 in
850 3109 919 3174 loco
946 3108 1117 3190 antedicta
1143 3115 1228 3173 anno
1254 3108 1374 3173 domini
1389 3107 1465 3172 Μῐιιο

341 3214 462 3284 000ωο
479 3215 584 3279 XL¹¹¹⁰
600 3215 745 3299 septimo.

447 3379 599 3442 Hdtlapjr'rn
613 3379 705 3442 perset
718 3381 893 3443 nyonraira13
907 3379 1037 3443 credetije
1050 3395 1082 3428 az
1093 3395 1162 3428 orsz.
1186 3381 1216 3428 lt.
1241 3379 1340 3430 kinost.
1354 3383 1419 3429 oszl.
1434 3381 1468 3428 N.

339 3467 373 3516 R.
388 3467 420 3516 A.
435 3471 494 3516 432.
510 3473 552 3518 32.
565 3469 632 3532 dipl.
646 3473 714 3518 oszt.
730 3475 807 3520 3911.
821 3471 921 3520 Kdzli:
936 3469 1044 3519 Kovdcs
1057 3469 1090 3518 N.

881 3868 931 3928 34.

343 4027 436 4088 1347.
455 4026 561 4104 Bada,
570 4031 641 4110 jun.
663 4029 709 4091 11.
730 4027 756 4090 Ι.
774 4024 869 4110 Lojos
885 4026 992 4112 kirdly
1009 4027 1080 4090 File
1098 4026 1214 4108 ,fionok
1232 4027 1420 4092 Lorinczndr
1438 4029 1470 4090 ds

344 4133 579 4215 Pe'lerfiairralr,
599 4135 697 4198 lullo
711 4135 934 4226 rdrrneppdben
950 4160 970 4198 a
995 4135 1095 4200 Vallo
1102 4136 1218 4222 folpda
1235 4137 1350 4201 maiora
1365 4139 1471 4222 epiterii

807 4243 993 4329 oupedc'lyez.

448 4404 516 4469 Nos
534 4404 713 4470 Lodovicus
731 4427 827 4470 ..rex
844 4455 868 4470 ..
885 4405 1103 4489 significamus
1120 4453 1144 4469 ..
1161 4406 1246 4489 quod
1268 4407 1469 4472 Laurenoius

339 4510 425 4576 filius
441 4513 613 4577 Laurencii
630 4512 688 4578 filii
699 4513 793 4578 Phile
803 4520 835 4578 et
846 4512 1029 4598 Stephanus
1045 4511 1130 4577 filius
1146 4513 1237 4578 Petri
1254 4513 1312 4580 filii
1326 4513 1469 4580 eiusdem

339 4619 434 4688 Phile
451 4619 666 4687 exhibuerunt
682 4620 773 4688 uobis
790 4620 903 4692 literas
920 4671 927 4688 .
945 4673 950 4687 .
968 4619 1102 4708 capituli
1128 4619 1262 4689 ecclesie
1278 4622 1470 4690 Baohiensis
