3192 5466
389 529 453 594 210
744 519 1158 588 assoononronrlsrrln.

388 714 501 773 centra
521 704 697 790 Georgium
723 703 825 769 lilium
851 703 978 768 Nicolai
1004 703 1044 767 de
1070 703 1229 782 Torohan,
1247 701 1360 765 literas
1386 696 1524 783 capituli

389 815 607 900 Scepusiensis
633 813 782 878 exhibere
809 811 979 887 debuisset,
1006 832 1156 894 supereo
1175 809 1333 888 videlicet,
1357 809 1445 892 quod
1462 809 1525 872 Pe

388 931 458 990 trus
474 925 577 989 frater
598 943 675 986 suus
701 922 735 984 in
760 921 848 986 dicta
874 921 1074 1003 possessione
1099 916 1244 1002 Oheplen
1260 917 1385 982 nullam
1401 917 1522 982 habeat

388 1031 588 1116 porcionem3
611 1030 681 1113 ipso
697 1030 749 1094 die
766 1029 963 1110 adveniente,
984 1027 1146 1111 predictus
1166 1026 1320 1092 Matheus
1345 1047 1412 1091 non
1436 1027 1525 1090 venit

389 1161 448 1204 neo
472 1139 634 1222 predictas
658 1138 771 1202 literas
797 1136 932 1220 capituli
957 1136 1064 1201 curari
1080 1132 1162 1219 (igy)
1183 1133 1343 1212 exhibere,
1370 1155 1428 1218 per
1452 1155 1524 1217 pre-

389 1247 511 1312 dictum
539 1245 717 1330 Georgium
742 1246 886 1329 legitime
912 1250 1110 1327 expectatus.
1141 1243 1264 1308 Datum
1284 1244 1318 1308 in
1335 1242 1446 1322 Sarna,
1472 1243 1525 1306 die

388 1362 568 1438 prenotata,
585 1377 669 1420 anno
686 1355 808 1420 domini
824 1349 875 1418 Μο
899 1351 997 1419 0000
1022 1351 1128 1417 XLm⁰
1144 1359 1265 1417 octavo.

496 1518 627 1583 Papiron‚
641 1518 766 1568 zerleten
778 1517 825 1566 ket
834 1515 926 1580 pecset
939 1517 1116 1580 nyomaiva13
1130 1515 1261 1579 credetije
1275 1531 1307 1565 az
1318 1530 1389 1564 orsz.
1401 1515 1525 1566 ltirban.

389 1625 405 1659 a
418 1609 532 1658 Csicseri
546 1623 581 1658 cs.
594 1607 842 1669 letdtemenyeben.

919 1990 992 2049 100.

392 2152 486 2215 1348.
502 2148 637 2234 Hidve'p,
646 2149 720 2231 jon.
737 2149 788 2211 25.
813 2147 897 2210 Hont
913 2152 1078 2234 cdrrneqye
1094 2146 1323 2233 altopuejonak
1348 2149 1380 2210 e's
1404 2147 1525 2234 saulqu-

391 2256 539 2323 btrdinnlc
565 2255 823 2340 bizonysn'qlevele
849 2254 1105 2340 Kiemopyara'di
1131 2254 1221 2318 Mocli
1237 2253 1355 2336 fidnak
1382 2255 1524 2318 Lubrica·

389 2367 452 2429 viat·
469 2367 499 2428 e
513 2364 616 2430 lenos
622 2363 752 2444 flaiook
769 2361 911 2448 bizonyoo
937 2361 1130 2449 inapparddi
1148 2361 1356 2426 tiriolo-azur.
1372 2364 1449 2428 calvi
1463 2387 1525 2426 ris:-

535 2471 752 2535 tozboddsdrdl
768 2473 799 2534 ds
815 2493 884 2534 ezerr
900 2471 1083 2557 osztdlyre'sz
1098 2471 1366 2554 boldrjcirdsdrdl.

496 2633 566 2700 Nos
591 2633 714 2699 Paulus
741 2634 912 2698 vicecomes
937 2632 1126 2714 Hontensis,
1154 2634 1232 2698 item
1256 2631 1409 2699 Andreas
1437 2635 1523 2701 filius

391 2741 545 2816 Harbort
560 2741 585 2805 J
588 2741 730 2806 ohannes
747 2741 786 2805 de
802 2739 828 2806 J
828 2763 907 2822 ezer,
924 2739 1079 2806 Nicolans
1096 2741 1181 2806 lilius
1195 2740 1325 2806 Nicolai
1335 2749 1369 2808 et
1377 2743 1525 2810 Michsel

390 2850 430 2914 de
445 2847 557 2914 Pribel
573 2849 693 2914 iudices
719 2847 876 2913 nobilium
901 2849 1043 2914 eiusdem
1068 2849 1265 2914 comitatus.
1282 2901 1288 2915 .
1305 2852 1525 2936 significamus
1588 2885 1589 2905 i

392 3011 399 3025 .
417 3013 423 3026 .
441 2960 526 3044 quod
543 2981 647 3024 comes
664 2960 823 3025 Lucasius
839 2959 924 3025 filius
940 2961 1039 3026 Moch
1064 2961 1103 3024 de
1127 2959 1310 3044 Magyarad
1326 2959 1367 3025 ab
1375 2957 1462 3038 'una
1487 2963 1525 3026 ab
1587 2967 1588 2987 ¹

391 3071 496 3134 altera
511 3089 586 3133 vero
602 3066 763 3132 Nicolaus
779 3075 810 3132 et
826 3068 970 3132 Michael
995 3067 1054 3132 filii
1079 3067 1242 3132 lobannis
1261 3067 1300 3132 de
1316 3069 1437 3133 minori
1456 3072 1525 3136 Ma·

391 3177 511 3262 gyarad
528 3198 636 3242 coram
651 3175 743 3240 nobis
759 3175 971 3260 personaliter
988 3175 1162 3258 constituti,
1188 3177 1326 3240 relatum
1343 3177 1456 3242 extitit
1472 3202 1526 3262 per
1584 3211 1585 3231 v

303 3363 310 3378 ·
391 3285 518 3350 eosdem
535 3335 541 3348 .
558 3336 564 3348 .
582 3285 669 3367 quod
684 3285 746 3367 ipsi
771 3286 805 3348 in
830 3283 1039 3367 possessionis
1057 3281 1138 3369 (igy)
1154 3283 1259 3350 Blasii
1275 3283 1333 3349 filii
1348 3285 1450 3351 Benk
1467 3311 1525 3372 que

390 3401 523 3458 vocatur
548 3394 738 3477 Magyarad,
770 3394 855 3458 inter
886 3414 940 3457 eos
965 3393 1063 3458 talem
1080 3393 1267 3457 divisionem
1292 3401 1446 3476 presente
1473 3420 1525 3461 seu
1581 3441 1582 3477 p

391 3502 573 3567 testimonio
598 3501 726 3566 homine
751 3507 861 3566 nestro
885 3500 1021 3566 Andrea
1046 3499 1112 3565 filio
1137 3499 1284 3565 Herbort
1309 3508 1340 3566 et
1357 3501 1526 3568 Johannis
1580 3509 1581 3558 l

394 3633 432 3676 ao
462 3609 707 3694 quampluribus
739 3610 901 3677 nobilibus
941 3610 1102 3694 provincie
1133 3609 1166 3674 in
1197 3610 1269 3692 ipsa
1301 3609 1463 3676 divisione
1497 3623 1524 3676 et

392 3718 609 3784 ereccionibus
640 3725 799 3784 metarum
834 3717 1100 3784 interessentibus
1130 3717 1272 3784 fecisset:
1313 3720 1403 3784 ouius
1440 3729 1525 3786 terre

391 3847 448 3890 seu
464 3827 674 3910 possessionis
693 3827 876 3911 Magyarad
900 3827 1006 3910 prima
1030 3831 1119 3891 meta
1143 3827 1258 3910 incipit
1283 3849 1303 3892 a
1327 3835 1422 3912 parte
1454 3830 1526 3894 villo

392 3931 574 4019 Gyarmath
607 3933 648 3998 ab
682 3957 745 4000 uuo
779 3935 882 4001 kerku
909 3931 990 4020 (igy)
1015 3934 1075 3999 sub
1110 3956 1173 4018 quo
1207 3943 1257 4001 est
1281 3943 1366 4000 meta
1402 3941 1524 4017 terrea,

323 4111 328 4120 ,
391 4041 505 4106 deinde
521 4041 625 4106 tendit
648 4063 757 4108 versus
774 4043 929 4108 orientem
948 4043 1098 4108 similiter
1113 4041 1154 4107 ad
1170 4065 1269 4108 unam
1292 4051 1438 4110 terream
1467 4069 1526 4111 me-

392 4157 458 4213 tam
484 4171 545 4232 que
570 4151 653 4215 iacet
676 4150 709 4213 in
726 4151 788 4215 fine
814 4151 981 4217 cuiusdam
1006 4157 1092 4216 terre
1108 4150 1251 4228 arabilis,
1276 4149 1390 4216 deiude
1417 4155 1524 4218 tendit

392 4258 503 4322 eodem
528 4258 622 4322 modo
647 4259 796 4324 similiter
821 4261 862 4324 ad
887 4281 985 4326 unam
1016 4266 1156 4323 terream
1180 4265 1299 4323 metam
1325 4261 1356 4324 in
1384 4281 1457 4345 qua
1484 4278 1525 4326 est

392 4365 517 4447 lignum
536 4365 663 4444 karlus,
691 4367 804 4433 deinde
829 4369 933 4434 tendit
957 4389 1068 4432 versus
1084 4351 1346 4450 septemtrionem
1363 4369 1406 4434 ad
1424 4393 1526 4436 unuin

393 4471 513 4550 lignum
539 4473 622 4538 ilicis
648 4475 707 4540 sub
732 4498 795 4560 quo
821 4485 869 4541 est
894 4485 980 4541 meta
1005 4485 1120 4553 terrea,
1136 4475 1251 4540 deinde
1282 4477 1387 4542 tendit
1411 4500 1526 4544 versus

394 4579 527 4642 eandem
545 4582 693 4648 similiter
720 4584 760 4664 ad
787 4585 910 4668 lignum
926 4585 1045 4648 kerkus
1071 4585 1130 4648 sub
1147 4605 1210 4666 quc
1227 4591 1277 4650 est
1294 4593 1382 4650 meta
1406 4591 1526 4652 terres.

394 4687 508 4752 deiude
534 4689 637 4755 tendit
663 4714 772 4755 vorsus
798 4693 932 4756 candem
959 4700 1083 4775 partem
1110 4693 1150 4756 ad
1178 4693 1301 4776 lignum
1318 4693 1443 4758 kerkus
1473 4695 1526 4760 sub
