3188 5470
597 493 690 554 1349.
710 510 778 554 run.
797 493 824 552 7.
1206 494 1268 553 297

137 681 168 738 et
185 673 302 755 parati.
327 673 374 737 Et
390 671 466 753 quia
482 671 521 734 de
536 671 631 735 huius
642 673 732 753 regni
750 670 976 734 consvctudino
993 669 1130 753 quilibet
1146 691 1269 754 posses-

137 782 282 846 sionatus
299 779 405 845 dando
429 780 662 862 possessionem
688 779 720 842 iu
738 778 851 862 specie,
877 800 896 842 a
922 777 1211 843 debitoribussuis
1237 801 1270 844 se

135 892 256 976 poterit
271 889 431 974 expedire,
446 891 550 974 igitur
563 909 621 954 nos
637 911 775 955 unacum
801 888 1016 954 assessoribus
1033 890 1152 953 nostris
1169 889 1270 952 admi·

137 999 238 1064 simus
254 999 434 1064 iudicantes
450 999 514 1063 isto
530 998 633 1076 modo,
653 998 740 1079 quod
761 998 914 1081 sepedicti
931 997 973 1062 ad
989 1017 1120 1062 causam
1137 999 1270 1062 attracti

134 1109 165 1172 in
183 1108 305 1172 octaris
321 1105 396 1172 sesti
413 1103 637 1172 Assumcionis
652 1106 745 1171 beate
771 1106 904 1190 virginis
920 1107 984 1170 iam
1000 1107 1145 1170 venturis
1162 1127 1269 1171 coram

134 1215 319 1280 hominibus
334 1215 454 1280 nostris
470 1236 529 1299 per
544 1235 601 1279 nos
627 1220 705 1279 tunc
721 1213 762 1278 ad
779 1215 842 1280 ista
859 1221 891 1278 ct
907 1215 948 1279 ad
966 1213 1031 1279 alia
1046 1214 1179 1296 negocia
1195 1237 1269 1298 par-

134 1327 219 1390 cium
235 1324 420 1408 peragenda
435 1324 644 1405 destinandis,
668 1323 829 1408 prefatam
854 1325 1087 1406 possessionem
1113 1323 1196 1400 Lad,
1219 1323 1270 1387 vel

134 1441 260 1500 tantam
275 1441 401 1517 partem
417 1455 457 1499 ex
473 1432 585 1500 eadem
610 1439 735 1516 quanta
758 1455 818 1518 pro
843 1431 937 1498 totali
962 1431 1172 1517 expedicione
1189 1434 1267 1500 dicti

134 1541 236 1608 debiti
246 1565 280 1609 se
290 1544 485 1620 extenderet,
497 1542 529 1606 in
541 1544 646 1626 specie
656 1543 734 1607 dare
751 1549 784 1608 et
799 1544 966 1626 assignare
976 1541 1130 1608 deberent
1147 1543 1267 1608 eisdem

134 1650 301 1716 actoribus
317 1657 473 1734 perpetuo
489 1650 730 1734 possidendam3
755 1649 841 1732 quod
859 1651 885 1715 si
902 1655 980 1715 tunc
996 1671 1087 1715 secus
1111 1649 1264 1729 iacerent,

132 1765 251 1823 extunc
266 1758 469 1842 postmodum
486 1759 591 1843 ipsum
607 1757 787 1844 principale
797 1758 942 1824 debitum
956 1758 997 1823 ad
1008 1758 1141 1844 duplum
1162 1779 1266 1824 acore-

132 1873 246 1946 sceret,
263 1867 344 1932 etde
355 1867 555 1951 possessione
571 1868 714 1952 ipsorum
730 1867 866 1950 aliquali
883 1867 1076 1932 similiterin
1086 1867 1191 1950 specie
1208 1889 1267 1951 pro

131 1980 204 2039 octo
230 1976 347 2040 marcis
373 1981 565 2059 perpetuare
591 1981 780 2039 tenerentur
808 1979 1039 2058 congruentem
1070 1975 1267 2058 particulam

130 2091 219 2148 terre
236 2083 400 2148 actoribus
417 2083 623 2168 supradictis,
654 2083 696 2148 ad
712 2083 798 2166 qnod
818 2084 918 2148 eciam
935 2069 1117 2149 faciendum
1133 2105 1167 2148 se
1183 2085 1267 2150 idem

131 2190 249 2255 Donch
267 2197 300 2256 et
315 2190 478 2273 prelatum
489 2191 650 2258 Jacobum
660 2212 796 2274 puerum
812 2197 961 2275 nepotem
978 2212 1073 2256 suum
1086 2191 1267 2258 faciendum

132 2303 312 2382 spontanea
332 2319 440 2364 coram
460 2298 552 2364 nobis
578 2299 733 2382 obligavit
755 2301 929 2364 voluntate.
954 2297 1081 2364 Datum
1097 2299 1210 2383 Agris,
1233 2301 1266 2364 in

131 2407 255 2472 octavis
274 2407 348 2472 festi
368 2407 536 2472 beatorum
561 2409 652 2473 Petri
679 2415 711 2472 et
736 2409 832 2474 Pauli
859 2408 1087 2491 apostolorum,
1111 2429 1195 2474 anuo
1212 2407 1266 2472 do·

131 2515 211 2579 mini
228 2513 303 2578 ΜῐΙΙο
320 2511 442 2582 000110
458 2515 563 2580 XL¹¹¹⁰
579 2535 670 2580 none.

240 2680 371 2744 Paplron,
385 2679 511 2729 zeirlatlrn
525 2680 617 2742 peccet
627 2679 830 2742 tiiredekeivcl;
853 2679 954 2729 eredoti
955 2679 983 2742 je
994 2695 1025 2729 au
1037 2693 1106 2729 orsu.
1117 2681 1147 2730 lt.
1159 2680 1259 2730 llincst.

133 2778 202 2820 oszt.
216 2769 251 2819 N.
265 2771 298 2820 R.
313 2769 346 2819 A,
362 2775 438 2820 1035.
455 2777 477 2820 7.
491 2769 557 2833 dipl.
572 2774 639 2820 oszt.
652 2773 731 2820 4058.
751 2770 850 2819 Kozli:
871 2769 979 2820 Kovtcs
992 2771 1026 2820 N.

666 3133 739 3194 163.

130 3293 228 3356 1349.
246 3293 428 3370 Szenlimro,
436 3292 500 3378 jul.
520 3294 547 3356 7.
566 3293 658 3356 Pera·
676 3293 798 3378 erde'lpi
812 3293 944 3379 olvojdo
961 3318 998 3357 rra
1016 3293 1136 3378 erddlpi
1151 3294 1263 3380 triplo·

128 3401 200 3466 tout
214 3403 361 3484 israeitici,
377 3403 452 3488 hoqp
473 3403 611 3488 Beaeupd
635 3411 714 3466 nevit
734 3403 876 3466 Kr'r'lcr'tll‘i
900 3405 1080 3489 eru-meppea·
1096 3403 1196 3468 tiriolo
1214 3428 1260 3466 rre-

259 3509 455 3594 9pedr632e'be
478 3509 626 3575 Tuerliclra'
643 3509 754 3576 Jalat
761 3510 826 3591 ficit
844 3511 931 3575 Paret
946 3511 1066 3575 ildonea
1083 3511 1124 3576 br.

240 3690 428 3774 ..capitulo
454 3691 585 3756 ecclesie
615 3691 845 3757 Transsilvaue
862 3745 868 3757 .
886 3743 892 3757 .
919 3693 1039 3758 Petrus
1054 3693 1263 3777 vicevoyvoda

126 3797 381 3865 Transsilvanus
397 3851 403 3863 .
421 3848 427 3862 .
445 3797 571 3864 Petheu
596 3799 682 3865 filius
697 3800 723 3865 J
724 3800 814 3866 acobi
841 3800 947 3867 dictus
964 3801 1003 3866 de
1020 3802 1168 3885 Iwegych
1185 3801 1263 3866 dicit

125 3905 231 3988 nobis,
250 3906 336 3989 quod
352 3906 377 3971 J
379 3907 521 3972 ohannes
539 3907 681 3974 Thomas
701 3908 887 3974 etMichael
903 3909 961 3974 filii
978 3907 1123 3993 Ohepani
1141 3908 1262 3974 nobiles

125 4015 166 4080 de
178 4021 292 4080 saneto
301 4015 405 4080 Paulo
415 4023 565 4098 quartam
575 4023 701 4100 partem
717 4017 884 4082 cuiusdam
895 4017 1104 4101 possessionis
1120 4019 1261 4100 ipsorum

124 4123 278 4189 Beseneu
294 4130 413 4202 vocate,
429 4124 462 4188 in
479 4125 636 4190 comitatu
653 4126 693 4191 de
709 4125 879 4192 Kukulleu
896 4126 1083 4206 adiacentis,
1099 4147 1158 4211 pro
1174 4127 1261 4192 sede-

125 4233 190 4298 cim
204 4233 324 4296 marcis
333 4231 388 4296 fini
399 4234 524 4316 argenti
536 4255 607 4298 cum
619 4233 761 4311 dimidia,
776 4234 994 4300 mediantibus
1008 4233 1261 4319 privilegialibus

123 4341 232 4408 literis
250 4339 363 4404 vestris
373 4346 529 4424 perpetuo
540 4341 600 4406 sibi
611 4341 773 4426 possidere
786 4343 1006 4420 contulissent,
1023 4363 1120 4424 quam
1132 4343 1261 4426 quidem

124 4455 281 4534 quartam
297 4455 421 4531 partem
438 4449 580 4514 eiusdem
597 4451 805 4533 possessionis
821 4452 968 4516 Beseneu
994 4473 1053 4534 pro
1078 4452 1197 4517 eisdem
1214 4473 1260 4517 se·

123 4558 230 4622 decim
256 4557 373 4622 marcis
398 4557 524 4639 argenti
549 4579 621 4622 cum
646 4558 788 4641 dimidia,
804 4559 873 4638 sibi,
898 4565 936 4624 ut
960 4559 1168 4642 premittitur,
1201 4581 1259 4645 per

125 4665 454 4733 eosdemJohannem
464 4665 621 4734 Thomam
643 4673 676 4736 et
695 4665 982 4735 Michaslemlilios
1002 4668 1103 4754 ipsius
1114 4665 1260 4756 Ohepani
