3138 5462
538 525 632 585 1347.
649 541 724 585 ucv.
741 527 792 586 28.
1160 529 1222 590 153

101 701 295 780 dolamine,
312 701 468 767 Nicolaus
480 699 502 786 (.
520 752 526 763 .
543 752 550 766 .
568 753 575 766 .
592 699 781 787 )Losuych,
798 701 941 768 Michacl
958 704 1044 769 lilius
1055 703 1221 782 Kunclini,

101 809 244 876 Nicolaus
254 812 466 888 examinator,
481 811 506 875 J
508 811 649 875 ohannes
661 808 802 895 Crispus
818 811 974 878 Nicolaus
985 809 1008 896 (.
1024 861 1032 877 .
1048 863 1055 878 .
1072 863 1079 877 .
1096 808 1117 898 .)
1134 812 1221 879 filius

101 901 181 984 Petri
190 925 223 983 et
232 919 352 984 Petrus
369 921 472 985 frater
493 916 751 1003 cruciferorum(
752 969 854 984 .....
857 917 870 1004 )
887 942 946 1004 pro
962 927 1106 1006 tempore
1121 923 1219 990 iurati

101 1029 191 1111 ipsius
207 1028 315 1108 castri,
333 1027 550 1112 significamus
567 1078 573 1092 .
591 1078 598 1092 .
615 1028 702 1109 quod
713 1028 842 1094 domina
853 1027 935 1094 Sabe
946 1029 1061 1095 relicta
1072 1030 1223 1119 Gregorii

100 1137 169 1201 dicti
183 1133 261 1220 Ηο(.
279 1189 285 1202 .
303 1159 323 1221 g
340 1188 346 1202 .
364 1187 371 1202 .
388 1135 409 1221 .)
426 1137 461 1202 et'
473 1135 664 1203 Dominicus
679 1137 765 1202 filius
791 1138 933 1203 eiusdem
959 1139 1102 1204 concives
1119 1143 1219 1205 nostri

101 1267 198 1309 coram
208 1245 300 1310 nobis
310 1246 524 1330 personaliter
534 1245 712 1326 constituti,
722 1246 851 1311 domum
869 1247 1011 1329 ipsorum
1027 1246 1061 1310 in
1077 1247 1222 1331 predicto

103 1359 199 1418 castm
214 1355 372 1420 situatam
388 1355 422 1419 iu
438 1355 603 1420 vicinitate
629 1355 796 1419 domorum
821 1354 968 1437 magistri
985 1355 1009 1419 J
1012 1354 1146 1420 ohannis
1163 1355 1221 1420 filii

101 1459 210 1544 tipelet
228 1467 261 1526 et
276 1461 302 1527 J
303 1463 440 1527 ohannis
457 1461 524 1540 ,filii
548 1461 663 1529 Bochk
686 1461 895 1540 adiacentem,
920 1485 993 1528 cum
1009 1461 1107 1527 fundo
1124 1463 1222 1545 curie,

99 1568 239 1651 cellariis,
257 1570 398 1649 edificiis,
414 1593 538 1637 necnon
563 1573 719 1637 uniuersis
744 1570 965 1636 utilitatibus.
983 1623 989 1635 .
1006 1571 1045 1636 de
1062 1591 1217 1636 consensu

99 1679 230 1742 omnium
241 1679 460 1762 proximorum
471 1701 609 1758 suorum,
620 1679 709 1744 nullo
720 1679 957 1745 contradictore
968 1677 1132 1756 existente,
1143 1700 1217 1742 ven-

101 1784 244 1852 diderunt
260 1835 268 1850 .
285 1837 291 1850 .
308 1788 407 1852 Petro
422 1787 489 1852 filio
499 1787 668 1852 Benedicti
678 1795 711 1854 ct
726 1788 852 1852 domine
862 1787 959 1852 Anne
977 1787 1070 1852 uxori
1080 1787 1224 1852 eiusdem

102 1893 277 1960 concivibus
287 1896 405 1960 nostris
416 1901 450 1960 et
459 1917 516 1979 per
526 1916 580 1960 eos
590 1917 700 1960 eorum
710 1895 882 1960 heredibus
898 1946 922 1962 ..
939 1895 1176 1978 iureperpetuo
1193 1947 1199 1959 .
1217 1947 1223 1959 .

100 2001 325 2085 mssidendam,
339 2025 400 2086 pro
415 2003 624 2087 septuaginta
639 2005 757 2069 marcis
773 2003 901 2087 argenti
916 2005 1011 2088 plene
1028 2003 1164 2086 receptis
1181 2001 1223 2067 ub

99 2108 229 2191 eisdem3
253 2119 476 2176 assumserunt
491 2111 698 2176 nihilomiuus
715 2111 851 2193 predicti
868 2112 999 2176 domina
1016 2109 1098 2178 Sabe
1115 2109 1222 2176 etDo·

100 2217 237 2295 minicus,
253 2217 380 2283 eosdem
397 2219 531 2284 Petrum
553 2227 585 2284 et
601 2219 763 2284 dominam
787 2217 920 2284 Annam
945 2220 1151 2304 ipsorumque
1167 2219 1220 2283 hc·

100 2323 191 2406 redes,
217 2326 393 2390 secuudum
419 2348 512 2392 usum
538 2333 570 2391 et
594 2326 855 2392 cousuetudinem
880 2333 989 2392 nostre
1014 2327 1155 2392 civitatis
1181 2325 1228 2398 ab

101 2432 227 2516 antiquo
244 2433 468 2517 approbatam,
491 2434 631 2518 propriis
647 2431 812 2498 laboribus
838 2441 871 2498 et
896 2435 1044 2518 expensis
1071 2433 1221 2516 expedire

101 2539 294 2606 abommbus
304 2543 434 2607 racione
449 2547 618 2626 prenotate
634 2543 747 2608 domus
758 2549 791 2606 et
802 2543 1024 2606 universarum
1041 2541 1222 2606 utilitatum

98 2650 324 2730 pertinencium
350 2650 391 2714 ad
418 2649 552 2715 eandem
578 2649 757 2715 volentibus
784 2650 956 2714 molestare
983 2649 1161 2714 ..Datum
1188 2648 1220 2712 in

100 2757 213 2822 octaris
229 2757 304 2821 sesti
321 2757 408 2822 beati
426 2757 564 2822 Martini
585 2757 786 2840 confessoris,
807 2779 891 2822 auno
907 2757 1027 2822 domiui
1044 2756 1221 2821 Millesimo

99 2865 317 2930 trecentesimo
334 2864 581 2947 quadragesimo
597 2867 742 2949 septimo.

201 3029 224 3076 A
238 3029 329 3076 kettbs
343 3029 435 3091 pecse't
457 3029 578 3092 sargada
591 3029 664 3091 piros
690 3029 927 3092 selyeurszu'ilakou
940 3031 1025 3094 r'ugg3
1046 3027 1176 3090 eredetije
1190 3043 1221 3076 az

98 3133 161 3166 cruz.
175 3119 206 3168 lt.
220 3119 318 3168 kincst.
333 3123 400 3168 oszt.
414 3119 447 3168 N.
460 3119 494 3168 R.
509 3119 542 3168 A.
559 3124 635 3169 1537.
649 3124 689 3169 13.
702 3119 769 3182 dipl.
783 3123 850 3168 oszt.
865 3118 1037 3170 3953.szli
1049 3134 1054 3168 :
1065 3119 1174 3168 Kcveics
1186 3117 1221 3166 N.

634 3505 685 3566 69.

101 3659 191 3721 1347.
210 3681 275 3722 rico.
291 3661 345 3724 28.
371 3659 419 3724 Aa
443 3662 513 3746 egri
536 3659 692 3746 kdpteluu
709 3659 856 3744 jelenle‘sc
881 3655 1024 3747 LLajos
1048 3661 1224 3746 kirdlpboz,

98 3766 171 3853 bogy
187 3792 209 3831 a
226 3768 333 3832 midde
349 3769 465 3833 Isinda·
476 3770 672 3856 tiujeppzoc
688 3769 905 3855 Beseuyr'itelelc
932 3779 1012 3835 nevil
1038 3771 1137 3834 Heres
1153 3773 1224 3833 τάν·

100 3877 215 3962 meppei
228 3875 369 3942 tir-totta
385 3877 568 3958 tertiaeet,
600 3878 715 3942 Taruda
740 3877 801 3966 uolt
826 3877 946 3964 erdc'lyi
969 3877 1068 3962 vujdu
1093 3878 1224 3943 rreuc'bea

343 3986 436 4048 enuelc
452 3985 607 4072 ascddnyi
621 3987 721 4069 lisztje
738 3984 976 4050 ellentruondolt

203 4145 412 4212 ..Lodovico
429 4197 459 4211 ..
485 4149 554 4230 regi
580 4197 611 4212 ..
636 4148 813 4231 capitulum
839 4147 971 4214 ecclesie
994 4145 1166 4231 Agriensis
1191 4195 1223 4212 ..

98 4253 222 4332 (literas
248 4251 367 4338 velstre
391 4255 574 4320 serenitatis
591 4303 597 4318 .
615 4303 622 4318 .
639 4257 816 4339 recepimus
842 4257 875 4320 in
901 4256 960 4320 hec
979 4257 1093 4321 verba:
1117 4255 1222 4320 Lodo·

97 4361 182 4426 uicus
199 4409 207 4423 .
225 4411 232 4426 .
249 4382 306 4426 rex
323 4411 353 4427 ..
378 4363 522 4446 capitulo
548 4362 680 4427 ecclesie
705 4360 877 4446 Agriensis
904 4413 934 4427 ..
959 4365 1112 4429 noveritis
1138 4363 1223 4446 quod

98 4469 281 4556 Stephanus
314 4471 462 4554 specialis
479 4471 625 4536 notarius
650 4478 758 4537 noster
783 4473 883 4556 sigilli
909 4473 1054 4538 anularis
1087 4471 1224 4537 dilectus

99 4585 203 4646 noster
218 4586 252 4644 et
266 4578 379 4661 fidelis,
402 4579 444 4645 ad
459 4587 603 4646 nostram
622 4581 776 4646 accedeus
801 4583 1001 4666 presenciam
1025 4588 1060 4646 et
1076 4602 1132 4646 sue
1148 4581 1223 4646 fide·
1292 4661 1294 4668 Α

100 4688 198 4754 litatis
224 4688 363 4754 servicia
387 4709 568 4774 proponens
584 4696 617 4757 et
633 4689 809 4772 declarans,
837 4689 999 4772 quandam
1016 4687 1154 4774 (terram
1171 4690 1223 4756 ho·
