3138 5462
539 501 633 562 1347.
649 517 718 562 cor.
735 503 764 560 6.
1161 505 1221 564 141

89 677 237 762 apostoli,
263 697 347 740 enno
372 675 492 740 domini
518 675 593 740 Μῐῃο
609 674 730 744 000ἷῐιο
756 676 860 741 ΧΙ]Ῑηο
876 679 1028 762 septimo,
1055 679 1224 744 Dominico

91 787 265 872 preposito,
291 783 453 849 Michaele
479 789 620 862 cantore,
646 785 798 849 Lorando
825 787 956 854 custode
973 795 1005 852 et
1021 786 1157 852 Nicoleo
1174 808 1224 852 cr·
1277 848 1278 854 ,

90 893 279 958 chidiaoono
295 895 335 959 de
345 893 423 960 Olus
439 893 561 959 decano
578 895 709 960 ecclesie
719 902 827 961 nostre
838 896 1059 962 existentibus.
1076 895 1223 982 Quorum

91 1001 228 1066 duorum
244 1001 487 1085 privilegiorum
503 1003 638 1086 capituli
664 1001 1043 1070 ecclesie·Transsilvene
1059 1006 1223 1070 tenoribus

91 1115 124 1174 et
140 1111 350 1176 continentiis
375 1111 536 1195 perlectis,
561 1111 647 1176 idem
664 1110 849 1195 Stephanus
865 1113 1006 1196 voyvoda
1023 1135 1043 1178 a
1058 1113 1150 1178 nobis
1166 1115 1224 1178 hu-

93 1218 215 1284 militer
242 1270 272 1284 ..
299 1220 482 1303 postulavit,
513 1226 550 1285 ut
580 1219 762 1303 predictam
794 1221 1024 1304 possessionem
1057 1221 1250 1287 Deveoher·

93 1325 255 1406 quondam
272 1327 425 1410 prelibati
442 1325 572 1393 Nicolai
589 1327 646 1392 filii
659 1325 791 1392 Andree
810 1326 848 1392 de
865 1328 988 1406 eedem,
1004 1349 1043 1392 ex
1060 1331 1224 1412 premissis

92 1433 274 1499 racionibus
290 1441 323 1498 et
338 1417 500 1517 vigoribus
517 1434 664 1499 manibus
680 1435 746 1499 suis
763 1435 939 1500 iudiciariis
957 1437 1018 1500 rite
1039 1443 1072 1500 et
1080 1435 1223 1520 legitime

92 1539 275 1606 devolutam
309 1549 342 1606 et
365 1543 492 1611 nemine
523 1543 758 1607 contradictore
790 1545 946 1607 existente
972 1543 1033 1608 sibi
1065 1550 1223 1610 statutam

93 1646 189 1710 Petro
205 1645 273 1712 filio
289 1646 461 1714 Michaelis
480 1649 519 1713 de
539 1649 624 1714 dara
647 1647 854 1733 vicevoyvode
868 1671 925 1713 suo
941 1649 1224 1734 impignoraoionis

92 1753 185 1818 titulo
201 1755 346 1838 obligare
363 1756 402 1820 de
418 1765 529 1822 nostre
545 1757 634 1840 regia
660 1757 770 1840 gracia
795 1763 827 1821 et
851 1758 1061 1840 permissione
1087 1762 1221 1842 speciali

94 1865 151 1928 sibi
162 1867 353 1948 permittere
364 1872 396 1930 et
406 1867 587 1932 consentire
603 1865 824 1948 dignaremur;
841 1886 951 1930 verum
968 1866 1046 1946 quia
1061 1867 1223 1950 prelatum

95 1971 265 2038 Nicolaum
281 1973 384 2038 filium
400 1972 535 2038 Andree
552 1972 591 2037 de
607 1974 695 2037 dicte
711 1973 879 2038 Deveoher
894 1996 953 2056 pro
969 1973 1059 2039 furtu
1077 1981 1109 2039 et
1125 1975 1222 2042 latro·

96 2080 176 2144 cinio
192 2080 323 2165 publico
339 2102 377 2146 ac
392 2081 466 2145 aliis
490 2079 656 2148 meleficiis
682 2082 748 2145 suis
772 2086 841 2145 tum
860 2087 1003 2165 tempore
1029 2085 1224 2167 voyvodatus

95 2187 219 2253 Nicolai
238 2188 401 2270 quondam
416 2189 555 2273 voyvode
572 2189 794 2254 Transsilvani
814 2196 846 2252 ot
865 2189 898 2253 in
918 2193 1224 2274 congregacionibus

96 2297 244 2379 eiusdem,
260 2303 332 2362 tum
353 2299 454 2362 eciam
480 2298 512 2360 in
538 2295 642 2362 tribus
668 2296 973 2380 congregacionibus
998 2299 1136 2382 predicti
1153 2299 1224 2367 Ste-

95 2406 190 2488 phani
214 2403 355 2490 vcyvode
390 2403 615 2488 generalibus,
646 2404 707 2468 rite
734 2403 984 2468 condemnatum
1015 2411 1047 2470 et
1078 2406 1224 2490 predicta

97 2514 293 2593 possessione
310 2533 368 2576 sua
383 2511 550 2576 Deveoher
575 2511 717 2593 legitime
733 2511 905 2594 privatum,
930 2511 1129 2594 eandemque
1153 2537 1225 2599 pos-

97 2621 265 2686 sessionem
281 2619 449 2686 Deveoher
476 2640 533 2703 per
557 2620 719 2684 hominem
744 2626 889 2683 nostrum
906 2641 1015 2684 coram
1040 2623 1224 2688 testimonio

98 2729 229 2810 predicti
245 2727 382 2812 capituli
398 2727 531 2792 ecclesie
548 2725 777 2792 Transsilvane
796 2727 909 2792 vicinis
936 2733 969 2792 et
993 2732 1222 2796 commeteneis

99 2837 235 2902 eiusdem
252 2836 409 2900 universis
425 2835 569 2917 legitime
585 2834 766 2900 convocatis
783 2839 815 2898 et
830 2835 1034 2918 presentibus
1044 2843 1076 2903 et
1086 2838 1119 2903 in
1136 2837 1224 2902 nullo

24 2992 27 2999 ·
99 2943 394 3026 contradicentibus,
419 2920 483 3008 idio
499 2941 644 3008 benivole
668 2943 929 3026 permittentibus
948 2951 981 3010 et
997 2947 1225 3012 consencienti-

100 3052 164 3135 bus,
188 3051 291 3118 eidem
318 3051 484 3136 Stephano
513 3051 651 3137 voyvode
677 3051 738 3116 sub
760 3054 854 3117 metis
879 3055 1042 3136 premissis
1068 3061 1225 3120 statutam

101 3182 164 3226 esse
179 3161 276 3226 series
292 3161 451 3226 dictorum
468 3161 711 3243 privilegiorum
735 3159 869 3243 capituli
895 3163 1059 3245 pretaxati
1075 3211 1082 3225 .
1098 3211 1105 3225 .
1122 3163 1225 3246 expri-

100 3269 210 3347 mebat,
240 3271 410 3352 ipsamque
444 3269 675 3351 possessionem
707 3269 874 3335 Deveoher
905 3291 925 3334 a
955 3271 1039 3336 tanti
1071 3272 1224 3354 temporis

101 3377 204 3458 specio
217 3397 275 3442 nec
291 3379 517 3460 generaciones
533 3378 583 3441 vel
599 3379 738 3460 proximi
754 3379 855 3461 ipsius
871 3377 1001 3444 Nicolai
1017 3377 1075 3443 filii
1092 3377 1225 3444 Andree

102 3506 158 3550 neo
180 3485 274 3550 vicini
300 3491 332 3548 et
356 3487 566 3550 commetanei
598 3483 749 3564 eiusdem,
774 3507 833 3550 nec
857 3486 913 3552 alii
939 3507 1077 3568 quorum
1101 3487 1225 3552 redem-

104 3592 181 3656 cioni
205 3592 319 3657 eadam
344 3593 447 3676 magis
464 3593 681 3677 pertinuisset,
707 3593 741 3657 in
766 3600 833 3658 tam
859 3594 994 3659 diversis
1020 3594 1224 3677 generalibus

103 3700 400 3784 congregacionibus
425 3703 529 3785 primo
554 3709 697 3785 tempore
731 3705 925 3788 voyvodatus
950 3703 1070 3787 prefati
1096 3703 1224 3768 Nicolai

104 3809 257 3889 quondam
273 3810 412 3894 voyvode
437 3817 470 3875 et
495 3811 622 3876 demum
643 3817 786 3894 tempore
802 3811 938 3894 predicti
966 3811 1124 3895 Stephani
1140 3833 1225 3876 nunc

105 3917 232 3999 voyrode
258 3917 292 3982 in
317 3917 412 3982 dictis
438 3918 585 4002 partibus
612 3918 851 3984 Transsilvenis
883 3919 1015 4003 publica
1046 3919 1225 4004 proclama-

106 4025 187 4088 cicne
203 4025 288 4090 lectu
298 4024 478 4104 celebratis,
488 4033 701 4110 neotempore
712 4028 866 4110 premisse
882 4028 1071 4092 statucionis
1081 4027 1225 4093 eiusdem

106 4133 208 4198 vicinis
224 4139 256 4198 et
272 4135 499 4210 commetaneis
518 4135 585 4199 suis
601 4135 757 4199 universis
777 4136 958 4200 convocetis
975 4141 1007 4200 et
1022 4135 1225 4218 presentibus

107 4239 199 4305 eidem
215 4239 382 4324 Stephano
397 4241 536 4325 voyvode
560 4241 643 4306 facte
668 4243 826 4307 redimere
841 4243 1049 4324 curavissent,
1081 4243 1152 4308 ideo
1169 4265 1225 4307 nos

108 4349 135 4412 in
158 4349 214 4416 hac
238 4356 331 4434 parte
357 4335 547 4434 peticionem
574 4351 673 4434 ipsius
700 4350 856 4432 Stephani
882 4350 1021 4434 voyvcde
1046 4351 1167 4416 iustam
1193 4359 1226 4415 et

107 4455 271 4538 legitimam
289 4458 356 4521 lore
375 4440 610 4542 cognoscentes,
629 4457 784 4541 premisse
803 4459 1053 4542 possessionarie
1069 4458 1226 4542 impigno-
1250 4503 1251 4506 η

111 4565 220 4629 racioui
245 4583 303 4650 per
338 4566 472 4630 eundem
508 4564 708 4649 Stephanum
734 4565 906 4649 voyvodam
941 4565 1100 4648 prelibato
1126 4567 1226 4630 Petro

110 4670 301 4756 ricevoyvode
322 4695 380 4737 suo
397 4679 434 4736 ut
459 4675 658 4755 premittitur
683 4672 837 4754 faciende,
863 4679 1008 4736 nostrum
1034 4694 1224 4739 consensum
