3180 5466
353 533 416 592 542
706 549 891 592 ANJOIJKORI
910 535 1123 592 ousiiuurtn.

352 707 551 790 prelatorum
568 713 750 772 nostrorum
777 709 809 770 in
835 708 1129 772 manifestissimam
1149 715 1258 774 notam
1284 706 1477 772 infidelitatis

352 821 465 878 contra
483 821 626 880 nostram
642 817 843 880 maiestatem
861 816 1022 881 incidente
1048 821 1080 880 et
1105 818 1138 880 in
1154 817 1267 882 eadem
1283 816 1357 880 labe
1373 815 1477 880 inlide-

352 923 455 986 litatis
472 924 571 986 vitam
587 923 728 1002 finiente,
744 924 893 990 manibus
910 923 1028 988 nostris
1045 923 1142 1006 regiis
1167 925 1207 988 de
1232 925 1302 988 inre
1318 924 1478 989 devolutas

352 1031 584 1112 collacionique
601 1037 710 1096 nostre
726 1034 933 1114 pertinentes
951 1053 1023 1096 cum
1044 1031 1196 1102 omnibus¹
1208 1053 1319 1096 earum
1336 1033 1478 1098 utilitati·

353 1140 412 1204 bus
429 1146 461 1203 et
477 1141 682 1222 pertinenciis
698 1141 864 1218 universis,
884 1162 920 1204 eo
937 1143 1006 1205 iure
1033 1161 1098 1221 quo
1118 1141 1159 1204 ad
1175 1149 1320 1206 nostram
1337 1142 1477 1206 collacio-

353 1270 425 1312 nem
442 1251 650 1330 pertinerent,
680 1269 756 1312 nove
781 1250 966 1314 donacionis
983 1255 1092 1314 nostre
1109 1249 1204 1313 titulo
1224 1247 1372 1314 dedimus
1388 1251 1477 1334 dona·

352 1357 457 1420 vimus
474 1363 506 1420 et
522 1358 725 1440 contulimus,
741 1359 805 1422 imo
830 1358 944 1422 damus
969 1363 1001 1422 et
1026 1357 1220 1424 conferimus
1239 1359 1273 1422 in
1289 1359 1340 1422 bis
1357 1359 1479 1440 scriptis

353 1471 509 1548 perpetuo
527 1471 558 1529 et
574 1465 826 1531 irrevocabiliter
842 1465 1073 1548 possidendas.
1090 1515 1096 1528 .
1114 1465 1210 1530 salvis
1227 1465 1354 1530 iuribus
1371 1467 1477 1530 alienis

353 1622 359 1635 .
376 1625 383 1638 .
399 1571 523 1636 Datum
540 1571 706 1656 Strigonii,
717 1575 769 1640 dic
788 1574 946 1640 dominico
955 1576 1103 1656 proximo
1113 1581 1186 1656 post
1196 1579 1327 1638 octavas
1340 1573 1478 1657 Epipha-

353 1683 489 1758 niarum,
507 1703 591 1744 anno
608 1681 728 1745 domini
746 1683 819 1746 ΜΠΜ
837 1679 958 1748 OOO⁰¹⁰
974 1681 1242 1764 quinquagesimo
1258 1681 1406 1744 secundo,

461 1845 482 1893 l.
496 1843 577 1906 Lajos
591 1845 739 1908 kiralynalr
756 1849 831 1894 1373.
843 1843 901 1907 jan.
918 1846 1017 1894 18·kan
1035 1845 1093 1893 »vir
1103 1845 1266 1909 magnificus
1282 1845 1381 1892 Petrus
1395 1843 1479 1893 dictus

354 1935 445 1984 Zudor
458 1936 541 1986 iudex
555 1937 630 1986 curie
645 1941 746 1998 nostre,
760 1949 849 1984 comes
865 1935 1092 1997 Trinchyniensis
1119 1935 1261 1996 Zolyensis
1274 1941 1304 1983 et
1317 1934 1350 1982 dc
1365 1935 1444 1984 Surus
1454 1936 1478 1983 in

353 2040 410 2088 sua,
421 2026 488 2074 item
502 2026 696 2090 magistrorum
711 2025 853 2088 Stephani,
868 2025 989 2088 Georgii,
1006 2025 1159 2087 Michaelis,
1174 2025 1191 2072 J
1194 2023 1313 2072 ohannis
1327 2026 1445 2074 custodis
1455 2031 1480 2073 et
1578 2067 1579 2070 ,

352 2115 471 2164 Emerici
486 2114 617 2176 prepositi
630 2113 742 2162 ecclesie
756 2113 891 2176 Albensis,
898 2113 1015 2162 fratrum
1030 2127 1142 2162 snorum
1157 2114 1332 2162 uterinorum
1346 2115 1478 2175 personisr

353 2205 504 2253 kerelmere
517 2205 625 2254 kiadott
638 2203 797 2258 atiratabol,
808 2204 937 2267 melynek
951 2203 1082 2266 eredetije
1092 2217 1209 2268 megvan
1220 2219 1251 2252 az
1264 2217 1333 2252 orsu.
1342 2205 1372 2252 lt.
1387 2204 1479 2252 liincst.

354 2300 421 2343 oszt.
437 2297 469 2343 Α.
483 2297 512 2344 P.
529 2301 552 2344 2.
568 2300 590 2344 2.
605 2295 671 2358 dipl.
686 2299 754 2342 oszt.
770 2297 848 2343 5992.
868 2293 950 2341 Kozu
963 2310 968 2342 :
983 2293 1090 2342 Kovdcs
1106 2293 1139 2342 N.

881 2656 954 2718 334.

358 2817 450 2877 1352.
466 2815 653 2900 Bndn,jan.
673 2815 723 2876 17.
743 2807 768 2876 I.
782 2813 883 2900 Lcjoa
899 2815 1008 2900 loirrily
1020 2839 1039 2877 a
1053 2816 1255 2900 nzaptalandl
1272 2817 1369 2880 eliruli
1380 2815 1446 2880 Fon
1449 2821 1482 2900 pi

354 2925 474 2986 Bolo‘zs
492 2921 653 3008 Zornplda,
670 2923 810 3002 Boraod,
828 2921 946 2986 Gornb'r
964 2927 993 2985 e‘s
1011 2923 1113 2986 Scires
1133 2915 1316 3008 vor-mewa
1332 2925 1481 2986 dissoluit

643 3029 756 3093 Zudcl·
774 3031 926 3092 Pe'ieruek
943 3031 1193 3116 uelorna'npozza.

616 3192 765 3274 specialis
783 3195 962 3258 commissio
978 3194 1099 3258 domini
1116 3193 1202 3276 regis
1218 3196 1251 3258 in
1268 3193 1440 3276 Strigonio.

466 3319 535 3384 Nos
552 3319 732 3383 Lodovicus
749 3371 754 3382 .
773 3367 779 3381 .
803 3340 861 3382 rex
878 3371 884 3383 .
901 3371 907 3384 .
932 3319 1151 3401 significamus
1168 3369 1196 3383 ..
1221 3320 1308 3402 quod
1332 3323 1482 3404 magister·

355 3430 474 3494 Petrus
499 3428 603 3493 dictus
628 3427 739 3492 Zudor·
770 3427 854 3492 filius
880 3427 1042 3493 Dominiei
1068 3428 1107 3494 de
1136 3429 1250 3506 Bulch‚
1276 3429 1352 3493 aule
1379 3437 1481 3494 nostre

353 3539 485 3614 iuvenis,
502 3535 605 3600 fidelis
622 3540 738 3608 noster,
764 3535 806 3598 ad
831 3543 939 3600 nostre
965 3536 1163 3602 celsitudinis
1183 3537 1341 3602 accedens
1358 3559 1480 3622 presen-

353 3647 445 3722 ciam,
456 3665 529 3708 suas
540 3643 711 3707 fidelitates
728 3649 759 3706 et
777 3642 968 3706 multimoda
984 3643 1209 3724 obsequiorum
1221 3667 1354 3710 suorum
1372 3649 1481 3711 meritc

353 3752 563 3818 diversimode
580 3753 613 3815 in
629 3752 752 3815 cunctis
769 3751 846 3814 locis
863 3757 896 3814 et
912 3753 1113 3833 temporibus
1124 3755 1314 3836 opportunis
1332 3755 1482 3820 nobiser-

354 3862 472 3926 hibitas
489 3867 522 3924 et
538 3862 684 3942 impensa
694 3879 876 3941 proponens
892 3865 925 3922 et
942 3859 1118 3936 declarans,
1129 3881 1167 3924 ac
1181 3867 1290 3924 nostre
1307 3862 1481 3926 maiestatis

354 3972 387 4034 in
403 3969 590 4033 memoriam
606 3966 769 4043 reducens,
794 3968 969 4032 universas,
984 3969 1200 4049 possessiones
1221 3973 1253 4032 et
1271 3971 1482 4050 possessione-

353 4079 419 4142 rias
435 4076 601 4160 porciones
618 4073 780 4156 quondam
806 4074 910 4138 Blasii
934 4075 973 4138 de
998 4075 1090 4158 Fony
1115 4076 1254 4141 hominis
1280 4078 1350 4140 sine
1367 4078 1480 4142 herede

354 4187 544 4267 decedentis,
570 4184 689 4265 ubique
714 4189 746 4246 et
771 4184 803 4246 in
830 4182 1025 4266 quibuslibet
1050 4185 1256 4250 comitatibus
1272 4189 1366 4268 regni
1384 4187 1480 4251 nostri

353 4296 532 4374 existentes,
550 4291 733 4376 specialiter·
749 4291 850 4375 Fony,
867 4291 964 4375 Vnga
980 4294 1013 4356 in
1035 4291 1298 4376 Abawyuarensi,
1316 4293 1480 4360 Kezneten

353 4403 388 4466 in
406 4402 625 4482 Zemliniensi,
641 4400 819 4477 Zederlren,
838 4399 1013 4478 Kerestwr‚
1039 4401 1198 4486 Kazynch
1214 4403 1247 4466 in
1266 4401 1483 4476 Bomodiensi,

355 4510 546 4575 Balasfalua
562 4511 653 4574 iuxta
668 4507 800 4571 flurium
817 4508 922 4592 Ryma
947 4516 1094 4574 vocatum
1114 4511 1147 4574 in
1164 4507 1387 4588 Gumuriensi,
1410 4512 1481 4574 item

354 4619 508 4700 Koryma,
534 4619 693 4694 Radama,
719 4614 893 4699 Garbclch,
918 4617 1091 4702 Dubynna,
1118 4619 1294 4703 Monyoros
1320 4625 1353 4683 et
1378 4617 1482 4684 Sasou

354 4734 483 4789 vocatas
500 4727 531 4788 in
549 4724 650 4790 Serus
675 4725 880 4790 comitatibus
906 4728 1087 4806 existentes,
1103 4732 1135 4790 et
1155 4727 1237 4791 alias
1257 4725 1421 4808 quaslibet
1444 4725 1482 4788 ad
