3226 5462
592 475 686 540 1347.
702 493 775 538 arn.
792 478 843 540 21.

693 771 743 831 21.

148 928 249 991 1347.
266 949 335 1014 apr.
351 929 405 991 21.
422 925 453 990 A
468 927 735 1016 sackesfelrdrcdri
759 927 916 1014 lcdptolao
943 927 970 992 Ι.
988 929 1084 1015 Lajoa
1110 927 1282 1013 letrctpnaa·

137 1036 268 1120 jclcnli,
285 1037 364 1123 copy
379 1061 400 1101 a
411 1038 500 1122 picei
511 1037 634 1122 ptispdlc
651 1039 681 1100 c's
691 1061 711 1102 a
721 1037 1108 1122 merois-aziqetiupdczdlc
1118 1036 1186 1098 ledat
1193 1035 1282 1122 folpt

146 1143 310 1230 birlckpcr
326 1145 515 1232 epyczse'ppel
530 1144 893 1231 kiepycnlittctettahopy
902 1144 1016 1230 ofelck
1034 1144 1171 1208 biri-olcai
1185 1143 1283 1207 ledzdtt

538 1277 559 1317 α
575 1253 669 1318 dordr
686 1255 891 1338 mcpjdrnmd.

258 1484 265 1496 .
283 1484 289 1498 .
307 1433 339 1499 N
341 1433 444 1500 icolao
461 1486 466 1498 .
485 1486 491 1500 .
508 1433 653 1518 palatino
679 1439 711 1498 et
730 1432 828 1498 iudici
855 1453 1084 1498 comanorum.
1102 1482 1108 1497 .
1126 1433 1281 1498 Albensis

145 1541 282 1607 ecclesie
299 1543 478 1626 capitulum
495 1595 501 1607 .
519 1595 524 1607 .
542 1543 665 1608 noverit
689 1541 869 1607 amicabilis
896 1539 1139 1625 magnificencia
1163 1547 1282 1622 vestra,

147 1650 236 1731 quod
253 1671 327 1716 cum
343 1651 435 1716 iuxta
451 1651 686 1716 continenciam
702 1657 735 1715 et
751 1649 887 1715 formam
912 1650 1083 1714 literarum
1099 1656 1280 1714 vestrarum

145 1759 264 1822 maiori
280 1759 389 1842 sigillo
405 1766 509 1824 vestro
525 1759 796 1842 consignatarum,
813 1757 1065 1823 adiudicativam
1081 1759 1279 1823 sentenciam

145 1873 288 1932 cestram
304 1868 564 1950 exprimeneium,
574 1868 659 1932 inter
675 1867 842 1950 religiosas
859 1866 1004 1930 dominas
1022 1865 1281 1931 sanctimoniales

146 1975 284 2040 claustri
300 1975 393 2040 beate
408 1974 516 2041 Marie
532 1975 664 2058 virginis
689 1975 728 2039 de
744 1974 858 2040 Insula
873 1974 1037 2058 Leperum
1054 1973 1094 2040 ab
1113 1995 1184 2055 rina,
1201 1981 1233 2039 et
1249 2024 1256 2038 .
1273 2026 1279 2039 .

149 2083 334 2167 capitulum
360 2083 491 2149 ecclesie
516 2081 870 2167 Quinqueecclesiensis
895 2089 987 2170 parte
1013 2081 1054 2147 ab
1079 2082 1183 2147 altera
1207 2103 1280 2146 con-

146 2189 307 2256 fectarum
324 2197 357 2255 et
382 2197 614 2272 emanatarum,
643 2212 716 2255 curn
740 2189 897 2255 Iiadislao
922 2189 987 2255 lilio
1013 2189 1109 2255 Pcsa
1125 2189 1223 2255 nobili
1241 2189 1280 2255 de

145 2297 254 2363 Beren
280 2300 409 2365 homine
442 2298 682 2383 magnificencie
714 2305 817 2364 vestre
848 2319 907 2381 pro
938 2305 1030 2381 parte
1060 2296 1280 2382 predictarum

145 2406 454 2486 sanctimonialium,
479 2413 512 2472 et
536 2405 672 2472 Nicolao
698 2405 798 2470 nobili
823 2406 863 2470 de
887 2405 1025 2490 Bagdan
1061 2407 1125 2471 alio
1150 2407 1278 2471 homine

144 2515 388 2600 magnificencie
413 2522 518 2582 vestre
543 2537 602 2599 pro
626 2521 721 2599 parte
746 2514 883 2599 predicti
910 2563 942 2578 ..
967 2515 1109 2598 capituli,
1133 2514 1278 2582 homines

145 2629 273 2689 nostros
290 2645 347 2690 seu
364 2625 550 2690 testimonia
565 2631 677 2690 nostra
693 2624 774 2690 feria
790 2630 880 2690 senta
895 2625 1043 2708 proxima
1059 2629 1132 2707 post
1148 2629 1277 2689 octavas

145 2731 219 2797 festi
235 2733 365 2798 Pascha
375 2733 649 2817 dominiproxime
660 2732 834 2818 preteritas
850 2732 1022 2798 adfaciem
1037 2739 1123 2797 terre
1139 2731 1279 2814 litigiose

144 2841 367 2925 predictarum
383 2843 529 2926 parcium
555 2843 640 2907 inter
667 2842 883 2925 possessiones
909 2841 1058 2925 Harant)⁷
1083 2845 1115 2904 et
1140 2839 1277 2908 Vermes

146 2949 367 3032 predictarum
386 2949 688 3032 sanctimonialium,
705 2956 737 3014 et
753 2948 927 3014 Kwherich
954 2955 986 3014 et
1001 2947 1116 3014 Lusuk
1141 2947 1277 3031 capituli

144 3057 293 3122 annotati
310 3057 421 3124 habite
438 3063 471 3122 et
487 3058 662 3137 existentis,
673 3056 714 3121 ad
724 3055 992 3122 reambulandum
1010 3056 1144 3121 eandem
1154 3063 1283 3143 terramx

144 3163 331 3247 litigiosam,
361 3166 453 3231 irrxta
481 3171 625 3230 tenorem
656 3164 825 3229 literarum
856 3163 1040 3246 patencium
1065 3161 1219 3229 Albensis
1244 3168 1278 3227 et

146 3271 339 3338 Bachiensis
356 3272 563 3338 ecclesiarum
580 3271 732 3356 capitulis
749 3268 831 3356 (igy)
849 3277 881 3336 et
897 3278 1070 3336 conventus
1087 3273 1276 3338 Pechwara-

148 3377 278 3462 diensis,
289 3386 323 3444 et
338 3381 381 3444 ad
397 3381 538 3447 dandum
554 3387 588 3446 et
603 3380 774 3446 videndum
784 3381 1275 3464 iuramentalemdeposicionem

149 3507 247 3569 super
265 3510 331 3552 una
346 3495 434 3554 meta
449 3495 534 3554 terre
550 3489 698 3574 litigiose,
717 3487 840 3554 duobus
857 3489 1018 3554 canonicis
1036 3489 1120 3554 dicte
1145 3488 1277 3553 ecclesie

146 3591 513 3680 Quiuqneecclesiensis,
529 3597 579 3662 vel
589 3597 623 3663 in
633 3597 746 3663 maiori
758 3597 917 3681 dignitate
927 3596 1194 3682 prefulgentibus,
1204 3619 1276 3661 cum

142 3725 208 3766 nno
225 3711 446 3770 commetaneo
461 3706 685 3790 propinquiori
702 3705 752 3770 vel
768 3706 935 3772 remociori
953 3727 991 3772 ac
1004 3706 1077 3772 aliis
1092 3705 1276 3772 hominibus

143 3811 305 3878 nobilibus
320 3815 474 3896 vigesimo
494 3819 612 3895 quarto
629 3837 662 3879 sc
678 3815 819 3893 inclusis,
834 3837 906 3880 cum
923 3815 1076 3898 predictis
1091 3813 1275 3880 hominibus

143 3921 386 4004 magnificencie
402 3929 506 3988 vestre
521 3923 666 3988 homines
692 3946 748 3988 seu
767 3924 952 3989 testimonia
977 3930 1087 3989 nostra
1107 3929 1144 3986 ut
1160 3923 1276 4007 premi·

142 4029 245 4094 simus
261 4032 481 4096 transmittere
498 4031 734 4112 debuissemus;
749 4033 820 4116 ipso
836 4032 973 4097 termino
984 4035 1182 4109 occurrente,
1202 4053 1275 4095 cum

141 4135 290 4220 predicto
306 4138 461 4228 Ladislao
476 4139 543 4205 filio
564 4142 649 4206 Posa
665 4142 793 4206 homine
810 4147 915 4206 vestro
931 4161 989 4225 pro
1005 4146 1100 4224 parte
1116 4141 1276 4224 predicta·

143 4267 219 4310 rum
244 4247 546 4326 sanctimonialium,
571 4249 763 4330 magistrum
779 4247 1016 4325 Sebastianum,
1032 4248 1110 4338 itam
1127 4269 1198 4312 cum
1217 4245 1275 4311 Ni-

142 4353 234 4417 colao
250 4353 290 4418 de
306 4354 444 4436 Bogdan
469 4355 533 4420 alio
549 4356 677 4420 homine
701 4363 807 4422 vestro
832 4377 890 4440 pro
916 4362 1009 4440 parte
1035 4355 1115 4420 dicti
1140 4355 1275 4439 capituli

142 4463 336 4544 magistrum
355 4459 487 4528 Aadam
502 4461 725 4546 presbiterum,
751 4465 853 4530 socios
870 4469 903 4528 et
919 4464 1149 4530 concanonicos
1165 4485 1203 4528 ac
1218 4464 1275 4528 ho-

143 4569 245 4634 mines
260 4589 317 4634 seu
333 4571 517 4636 testimonia
532 4576 644 4636 nostra
657 4593 716 4656 pro
732 4573 810 4657 ipsis
826 4571 973 4656 partibus
998 4592 1057 4655 pro
1081 4572 1274 4636 testimoniis

144 4677 262 4742 uostris
297 4676 448 4744 ducimus
482 4679 756 4746 transmittendos.
783 4677 846 4766 Qui
871 4679 1076 4766 postmodum
1102 4728 1132 4747 ..
1158 4681 1275 4747 retule-
