3138 5462
376 465 439 526 136
725 479 912 524 anruouoar
928 464 1143 524 osnlarrla

370 663 442 706 cnm
468 640 615 705 omnibns
655 639 848 705 utilitatibus
873 641 949 718 suis,
975 662 1033 723 pro
1059 639 1238 704 manifestis
1264 639 1443 706 excessibus
1464 651 1488 707 ct

370 749 498 815 offensis
514 749 656 814 eiusdem
667 745 804 832 Nicolai,
821 748 971 814 videlicet
979 770 1038 830 pro
1047 747 1138 813 furtu
1148 755 1180 813 et
1190 749 1360 814 latrocinio
1376 773 1415 814 ac
1429 751 1488 817 aliis

370 856 536 922 maleficiis
553 878 610 940 per
627 856 763 921 eundem
779 855 984 941 perpetratis,
995 854 1081 920 licite
1092 861 1124 921 et
1134 855 1173 919 de
1183 856 1254 920 iure
1264 857 1325 938 ipsi
1337 855 1488 940 Stephano

369 967 507 1052 voyvode
526 973 558 1032 et
577 967 735 1049 adipsum
748 972 916 1048 tamquam
934 964 1071 1029 iudicem
1087 965 1294 1030 remansisset
1310 986 1347 1030 ac
1364 965 1489 1030 deducta

370 1082 403 1140 et
419 1074 569 1140 devoluta
585 1080 677 1155 esset,
704 1081 736 1139 et
760 1075 829 1158 ipse
846 1072 1031 1156 Stephanus
1056 1072 1197 1156 voyvoda
1222 1071 1357 1138 eandem
1381 1094 1488 1156 posses-

369 1182 490 1248 sionem
505 1182 673 1248 Devecher
689 1188 834 1247 vocatam
851 1181 892 1246 ab
908 1181 977 1264 ipso
993 1177 1130 1246 Nio'olao
1156 1182 1280 1246 notorio
1297 1179 1488 1245 malefactore

370 1292 412 1356 ad
436 1293 542 1375 ipsum
568 1291 750 1356 devolutam
776 1291 860 1356 inste
885 1295 1073 1374 occupasset
1097 1296 1130 1354 et
1154 1295 1297 1370 teneret;
1320 1289 1375 1354 ubi
1400 1291 1490 1354 eciam

369 1405 444 1483 post
453 1398 635 1464 huiusmodi
646 1397 1104 1480 confessionempredictorum
1124 1397 1268 1462 iudicum
1284 1396 1437 1462 nobilium
1452 1399 1489 1462 iu·

372 1513 517 1571 natorum
534 1529 572 1572 ac
588 1508 809 1570 universorum
827 1506 989 1582 nobilium,
1005 1505 1206 1570 Laurcncius
1223 1504 1309 1570 filius
1325 1503 1411 1569 Abel
1427 1527 1487 1569 con-

373 1615 566 1699 sanguineus
582 1615 718 1699 predicti
730 1614 859 1679 Nicolai
876 1613 934 1678 filii
944 1611 1077 1678 Andree
1093 1614 1125 1678 iu
1141 1615 1342 1696 possessione
1359 1621 1391 1678 et
1406 1614 1489 1678 rebus

372 1724 413 1788 ab
438 1725 508 1807 ipso
533 1722 670 1788 Nicolao
686 1743 743 1806 per
760 1721 947 1788 divisionem
972 1727 1151 1805 separatus,
1169 1727 1281 1804 sponte
1313 1721 1444 1787 dixisset
1464 1728 1491 1786 et

371 1836 548 1908 narrasset,
565 1829 652 1910 quod
669 1831 815 1911 quamvis
830 1830 898 1913 ipse
915 1829 1053 1894 eundem
1070 1827 1243 1894 Nicolaum
1259 1827 1361 1894 lilium
1371 1827 1490 1896 Andree

373 1939 412 2002 de
429 1938 583 2020 predictis
599 1938 690 2003 furtu
706 1944 738 2002 ct
754 1937 923 2002 latrocinio
938 1936 1127 2017 frequenter
1143 1936 1267 2002 occulte
1294 1945 1327 2001 et
1352 1959 1489 2021 expresse

372 2045 597 2129 prohibuisset,
614 2051 721 2110 tamen
740 2045 825 2110 idem
842 2044 998 2110 Nicolaus
1014 2067 1181 2126 nunquam
1198 2067 1323 2111 cessare
1340 2046 1490 2126 voluisset,

374 2154 437 2218 imo
454 2154 556 2217 eciam
573 2153 634 2217 sibi
651 2153 806 2218 nonnulla
825 2161 1015 2218 nocumenta
1039 2151 1204 2218 intulisset
1219 2160 1252 2218 et
1267 2153 1402 2227 fecisset,
1427 2155 1491 2221 licet

374 2264 443 2344 ipse
456 2261 583 2326 racione
600 2261 906 2344 consanguineitatis
922 2259 1093 2326 tolerasset
1103 2268 1136 2326 et
1154 2263 1369 2342 sustinnisset,
1388 2263 1490 2327 etidso

371 2370 456 2434 idem
473 2367 628 2434 Nicolaus
644 2370 730 2434 dicta
747 2371 945 2453 possessione
970 2391 1029 2434 sua
1054 2370 1221 2436 Deveohcr
1247 2376 1360 2434 vocata
1386 2373 1489 2436 merito

372 2484 455 2542 esset
471 2484 503 2541 et
523 2477 635 2571 luisset
652 2478 805 2561 privatus,
822 2478 938 2560 etipse
955 2477 1078 2543 scilicet
1093 2479 1295 2542 Laurentius
1320 2478 1489 2560 predictimr

369 2581 571 2666 Stephanum
597 2586 770 2669 voyvodam
795 2586 837 2650 ab
863 2586 1074 2668 occupacione
1100 2593 1133 2652 ct
1158 2586 1344 2650 detencione
1360 2587 1490 2669 predicte

369 2695 576 2774 possessionis
592 2695 760 2760 Devecher
775 2701 885 2760 vocato
902 2717 965 2758 non
982 2694 1175 2778 prohiberet,
1201 2715 1259 2758 nec
1274 2695 1403 2760 racione
1419 2695 1490 2758 cins-

375 2799 448 2864 dem
474 2801 681 2883 possessionis
706 2801 874 2866 Devecher
908 2808 1018 2865 vocate
1044 2800 1147 2864 eidem
1173 2800 1340 2885 Stephano
1365 2800 1491 2884 voyvode

371 2907 622 2986 contradiceret3
647 2907 753 2973 adhuc
769 2908 853 2972 idom
870 2908 1056 2991 Stephanus
1082 2907 1223 2990 voyvoda
1249 2908 1489 2974 Transsilranns

371 3014 517 3080 exhibuit
528 3015 618 3104 nobis
629 3016 716 3081 aliud
727 3017 929 3100 privilegium
940 3017 1080 3082 eiusdem
1092 3017 1224 3100 capituli
1236 3017 1369 3082 ecclesie
1382 3018 1490 3083 Trans·

372 3121 501 3204 silvane,
519 3121 615 3206 super
631 3125 810 3190 statucione
821 3127 962 3190 eiusdem
975 3126 1182 3209 possessionis
1198 3127 1389 3203 confectum,
1407 3126 1490 3190 cuins

372 3237 464 3294 tenor
477 3231 550 3296 talis
562 3240 622 3297 est:
636 3230 825 3316 Capitulum
836 3233 1185 3299 ecclesieTransilvane
1197 3285 1203 3298 .
1214 3284 1220 3298 .
1232 3234 1349 3300 harum
1359 3235 1437 3298 serie
1446 3233 1491 3298 de·

371 3336 540 3415 claramuS,
552 3338 636 3418 quod
653 3362 725 3405 cum
742 3390 748 3404 .
767 3390 773 3402 .
790 3339 969 3404 Lodovicus
987 3389 994 3402 .
1010 3388 1017 3401 .
1035 3361 1091 3404 rex
1108 3389 1115 3403 .
1133 3389 1139 3404 .
1159 3339 1286 3405 clausas
1297 3339 1408 3406 literas
1425 3364 1492 3406 snas

369 3444 459 3509 nobis
483 3443 651 3510 direxisset
676 3445 707 3509 in
734 3447 793 3510 hec
818 3446 932 3510 verba:
956 3447 1135 3512 Lodovicus
1161 3495 1192 3510 ..
1218 3467 1273 3512 rex
1300 3496 1330 3511 ..
1359 3449 1492 3530 capitulo

371 3551 502 3615 ecclesie
527 3551 680 3618 Albensis
707 3553 936 3618 Transsilvane
963 3603 992 3620 ..
1019 3554 1097 3619 dicit
1121 3555 1213 3620 nobis
1238 3556 1427 3638 magnificus
1452 3557 1492 3620 vir

370 3656 554 3741 Stephanus
578 3661 719 3743 voyvoda
736 3661 985 3726 Transsilvanns
1011 3669 1042 3727 ct
1068 3683 1172 3726 comes
1198 3662 1237 3727 de
1264 3662 1389 3746 Zonnk,
1413 3663 1492 3745 qnod

371 3767 509 3846 quedam
526 3770 682 3850 possessio
699 3791 758 3836 sua
773 3769 940 3834 Devechor
957 3778 1069 3835 vocata
1084 3771 1118 3834 in
1135 3772 1289 3837 comitatu
1307 3773 1346 3838 de
1363 3771 1493 3838 Dobolm

374 3875 512 3940 existens
529 3876 616 3960 apud
632 3898 746 3941 manus
770 3899 844 3942 suas
864 3877 1257 3956 habitarcambnlacione
1283 3887 1316 3945 et
1341 3887 1493 3946 metarum

372 3983 534 4046 erecciono
559 3983 735 4066 plurimum
761 3983 935 4066 indigeret,
960 4004 1061 4064 qnare
1080 3985 1229 4050 fidelitati
1245 3993 1348 4051 vestre
1365 3985 1494 4053 firmiter

372 4089 577 4171 precipiendo
597 4091 799 4168 mandamns,
826 4099 985 4172 quatenus
1010 4099 1153 4158 restrum
1178 4095 1313 4160 mittatis
1339 4097 1493 4162 hominem

374 4218 432 4278 pro
449 4197 630 4262 testimonio
656 4196 718 4262 fide
736 4197 877 4281 dignum,
903 4220 966 4282 quo
992 4208 1140 4282 presente
1157 4201 1291 4267 Iwanlxa
1306 4202 1346 4268 de
1364 4203 1435 4282 Ws,
1450 4204 1494 4268 sel

369 4303 487 4369 Petrus
502 4304 542 4369 de
559 4305 659 4386 Thur,
676 4313 733 4371 aut
748 4305 837 4372 Belxe
853 4305 939 4372 filins
949 4307 1097 4374 Ladislai
1113 4309 1185 4376 aliis
1201 4311 1388 4377 absentibus
1403 4313 1494 4378 homo

369 4415 477 4476 noster
493 4411 535 4476 ad
551 4411 665 4476 faciem
681 4413 824 4496 predicte
841 4415 1050 4496 possessionis
1071 4417 1250 4482 accedendo
1268 4467 1273 4482 .
1292 4471 1300 4485 .
1317 4419 1495 4486 reambulet

369 4518 495 4600 ipsam.
513 4521 835 4617 ,reamhulatamquc
853 4573 859 4587 .
877 4574 882 4586 .
900 4529 1025 4590 statuat
1044 4525 1147 4609 ipsam
1165 4527 1267 4592 eidem
1284 4527 1413 4593 domino
1430 4527 1494 4596 Stc

368 4626 476 4713 phano
497 4628 636 4716 voyvode
653 4679 659 4694 .
676 4681 682 4694 .
699 4638 854 4714 perpetuo
880 4633 1112 4716 possidendam,
1138 4635 1163 4700 si
1180 4657 1243 4700 non
1259 4635 1359 4703 luerit
1374 4644 1496 4704 contra·
