3180 5470
590 505 684 567 1350.
701 523 775 566 nov.
795 506 821 568 1.
1200 506 1265 569 413

130 679 329 746 hereditarie
345 681 539 764 Agaserdeu
569 689 688 760 vocate,
713 703 733 746 a
758 688 850 766 parte
876 683 1027 748 orientali
1044 685 1136 748 iuxta
1152 684 1265 749 silvam

129 787 172 851 ad
189 787 368 854 Arankuth
393 789 609 872 pertinentem
634 789 833 867 existentem,
848 811 868 854 a
884 789 1026 873 quedam
1042 790 1094 854 vis
1110 788 1267 873 incipiens

128 917 195 977 que
211 918 232 960 a
248 904 341 980 parte
357 896 471 961 Zuach
486 896 605 960 transit
621 917 679 980 per
702 896 864 978 quendem
889 897 995 964 locum
1012 898 1152 981 Kepuus
1167 899 1267 963 nomi-

127 1009 245 1070 natum
262 1025 371 1068 versus
387 1003 504 1087 OykuS,
520 1003 671 1086 predictis
687 1003 858 1070 Dominico
875 1011 908 1070 et
923 1005 1014 1070 Beke
1029 1004 1105 1070 filiis
1121 1006 1267 1072 Ladislai

127 1131 189 1192 pro
206 1111 374 1176 duodecim
390 1110 506 1175 mercis
516 1111 643 1193 argenti
659 1132 731 1176 cum
742 1110 882 1194 pondere
900 1111 939 1176 de
950 1109 1098 1195 Olusuar,
1114 1113 1209 1198 plene
1224 1115 1266 1180 ab

127 1219 251 1284 eisdem
268 1221 404 1304 receptis
420 1227 453 1284 et
468 1218 667 1290 exsolutise
692 1219 744 1284 die
771 1219 921 1286 datarum
946 1222 1148 1306 presencium
1163 1244 1266 1305 usque

128 1327 208 1392 dum
224 1329 312 1394 idem
327 1328 484 1394 Nicolaus
501 1328 541 1392 de
558 1328 671 1394 limina
687 1330 906 1412 apostolorum
925 1330 1017 1395 Petri
1037 1337 1070 1396 et
1079 1331 1176 1396 Pauli
1192 1332 1265 1398 bee-

124 1441 237 1502 torum
253 1459 325 1502 cum
342 1436 445 1502 salute
462 1443 494 1501 et
509 1437 649 1502 sanitate
674 1438 796 1520 poterit
810 1437 925 1517 redire,
945 1439 1073 1521 pignori
1090 1438 1264 1522 obligasset

126 1549 160 1608 et
177 1565 290 1610 coram
306 1543 397 1610 nobis
414 1543 582 1627 obligavit3
609 1545 657 1609 ita
670 1551 788 1623 temen,
805 1545 893 1628 quod
908 1546 936 1610 si
951 1545 1036 1610 idem
1052 1545 1209 1613 Nicolaus
1225 1547 1264 1614 de

124 1652 277 1733 predicta
311 1653 425 1718 limina
458 1652 564 1716 redire
589 1672 653 1717 non
678 1658 794 1734 posset,
819 1651 906 1734 quod
931 1652 1026 1732 absit,
1051 1659 1169 1720 extunc
1193 1675 1264 1738 pre·

128 1760 254 1825 dictam
279 1760 475 1843 particulam
501 1758 580 1824 silve
605 1760 702 1824 iidem
726 1758 918 1826 Dominicus
943 1767 976 1825 et
1000 1761 1089 1826 Beke
1108 1769 1263 1846 perpetuo

123 1868 285 1933 tenebunt
311 1875 343 1934 et
367 1867 593 1953 possidebunt3
617 1862 644 1932 si
669 1873 778 1933 eutem
803 1867 917 1946 redire,
936 1869 1064 1951 poterit,
1089 1874 1207 1934 extunc
1230 1871 1263 1936 in

126 1977 210 2042 festo
227 1976 316 2042 beati
333 1975 467 2059 Georgii
482 1975 626 2040 martiris
652 1975 797 2058 proxime
821 1997 907 2040 nunc
925 1975 1076 2042 offuturis
1093 1973 1176 2061 (igy)
1192 1999 1262 2062 pre·

123 2085 248 2150 dictam
265 2083 461 2167 particulam
478 2083 555 2148 silve
571 2105 630 2166 pro
645 2083 791 2166 predicta
808 2083 944 2166 pecunia
955 2084 1166 2152 coramnobis
1181 2087 1263 2150 redi·

123 2215 212 2259 mere
230 2192 406 2272 tenebitur,
424 2193 451 2257 si
468 2198 577 2256 autem
593 2190 751 2256 redimere
766 2211 830 2256 non
855 2197 963 2274 posset
981 2192 1031 2256 rel
1046 2213 1110 2256 non
1126 2193 1261 2258 redime·

122 2309 181 2379 ret,
198 2307 319 2366 extunc
335 2301 470 2366 eandem
495 2299 690 2383 particulam
710 2299 788 2364 silve
812 2300 897 2367 idem
921 2299 1078 2366 Nicolaus
1103 2300 1188 2368 filius
1212 2303 1261 2369 Vs

123 2432 182 2494 pro
199 2410 316 2480 eadem
331 2409 466 2492 pecunia
491 2408 569 2491 ipsis
595 2407 766 2473 Dominioo
783 2414 815 2471 et
827 2407 916 2472 Beke
932 2406 1007 2473 filiis
1023 2407 1173 2476 Ladislai
1188 2432 1258 2494 per·-

120 2525 230 2600 petuo,
247 2517 327 2582 dare
343 2523 375 2582 et
400 2517 544 2582 conferre
564 2515 764 2587 tenebitur..
781 2563 789 2577 .
814 2515 938 2582 Datum
961 2515 1041 2580 feria
1067 2518 1168 2584 tercie
1187 2541 1260 2602 pro·

120 2627 210 2691 xime
226 2633 305 2691 ante
316 2625 432 2690 festum
450 2623 603 2691 Omnium
619 2624 820 2704 Sanctorum,
837 2646 922 2690 anno
932 2624 1051 2690 domini
1061 2624 1114 2691 Μ0
1139 2624 1259 2693 ΟΟΟ1110

121 2735 401 2818 quinquagesimo.

231 2914 363 2980 Papiron,
388 2916 534 2979 httlapjtn
561 2915 651 2979 penset
686 2915 889 2980 toredekeiveM
918 2915 1049 2978 eredetije
1073 2931 1105 2966 su
1132 2931 1199 2966 orez.
1226 2917 1257 2966 lt.

123 3005 190 3068 dipl.
205 3010 276 3054 oszt.
292 3009 389 3055 28068.
408 3006 507 3054 Kozli:
528 3003 635 3054 Kovdes
648 3005 681 3054 N.

611 3203 771 3212 *-

653 3369 726 3430 254.

120 3531 217 3594 1350.
241 3529 344 3606 Beda,
359 3551 426 3593 nov.
446 3529 472 3591 1.
497 3529 525 3592 I.
543 3527 639 3613 Lajos
656 3527 763 3614 kircly
778 3551 799 3590 α
815 3525 910 3592 Rota
918 3526 1023 3613 folpo't
1038 3552 1059 3592 a
1078 3530 1166 3612 rajta
1193 3527 1258 3591 Ζίυό·

116 3637 233 3701 hiddcl
258 3636 413 3716 Rumndl,
439 3637 594 3700 calamint
617 3661 639 3699 c
665 3632 867 3720 Bodorffltle,
893 3633 989 3713 Rom,
1016 3633 1255 3719 Gothdrdfh'ldo,

117 3745 272 3830 Bolozeaj
286 3745 317 3807 ds
351 3741 476 3808 Croton
501 3750 580 3806 nevil
597 3741 794 3806 hirtokoklroz
824 3743 942 3806 tartozo'
963 3763 1014 3804 su
1048 3740 1140 3806 Rota
1162 3741 1258 3827 folyd

116 3855 240 3918 monton
280 3853 345 3917 leve
371 3853 494 3918 erddlcet
511 3849 710 3937 fiilutentve'n
743 3874 765 3914 a
798 3849 892 3914 Heldo
910 3847 1007 3935 folyo'
1034 3849 1147 3934 gro'fja
1172 3872 1254 3935 capy

115 3967 286 4048 ‘edmapyo
302 3963 333 4024 e's
352 3962 414 4027 Vns
424 3963 590 4046 vdrmepye
604 3959 931 4043 fdispdnjalrctdsdpa
952 3957 1027 4036 aiot,
1044 3955 1172 4020 hivenele
1189 3957 1253 4020 Ne'-

115 4079 176 4132 met
191 4068 375 4148 Jcnosnak,
391 4093 412 4132 a
427 4067 536 4154 Romy
552 4066 661 4130 csaldd
678 4067 767 4153 egyilr
783 4067 904 4144 dsdnelr,
930 4089 946 4128 c
971 4064 1157 4128 testodrenek
1176 4063 1253 4129 Ger-

261 4177 392 4262 yelpnelc
408 4177 440 4240 e's
455 4175 523 4239 ezelt
538 4174 844 4239 nnolruteetve'reirrek
859 4171 1099 4259 adotndnyozza.

226 4355 290 4442 (N)
316 4378 351 4422 os
375 4357 556 4422 Lodovicns
590 4407 619 4422 ..
644 4377 701 4421 rex
732 4407 761 4421 ..
786 4353 1002 4438 significemus
1035 4405 1065 4418 ..
1090 4354 1176 4436 quod
1194 4375 1252 4418 nos

115 4467 273 4532 intuitum
297 4472 406 4531 nostre
431 4465 611 4532 maiestatis
637 4466 670 4529 in
696 4465 886 4546 magistrum
912 4464 1098 4528 Johannem
1130 4463 1252 4528 dictum

116 4573 262 4640 Nemuth
278 4573 381 4640 filium
398 4573 550 4658 Gregorii
567 4573 694 4638 fidelem
710 4571 782 4637 aule
799 4576 907 4635 nostre
916 4570 1053 4636 militem
1068 4576 1251 4635 converten-

115 4689 171 4764 tes,
198 4682 467 4764 attendentesque
491 4680 677 4746 fidelissimo
706 4686 738 4744 ot
762 4679 905 4760 gratuita
930 4677 1071 4742 eiusdem
1094 4677 1251 4758 obsequia
