3138 5462
386 452 447 522 162
668 453 679 462 '
737 471 925 521 Auroouonr
941 455 1155 520 enutriris.

384 637 610 704 commetaneis
635 640 933 722 prenominatorum
958 637 1124 719 nobilium,
1144 635 1391 720 specialiterque
1406 658 1424 701 a
1439 633 1498 717 qui·

327 813 336 831 „
385 749 522 814 busdam
539 748 719 813 senioribus
744 747 925 832 hospitibus
943 749 975 812 in
992 747 1105 811 eadem
1124 738 1252 811 civitate
1268 745 1376 809 Potslr
1391 745 1499 810 occulte

385 880 482 943 super
498 859 557 922 hoo
572 859 780 940 inquirentes,
797 857 926 920 easdem
942 856 1106 920 civitatem
1122 853 1229 918 Potslr
1245 860 1278 918 et
1294 851 1394 936 Olazy
1409 874 1428 916 a
1441 853 1499 916 diu·

383 967 489 1030 turnis
506 963 704 1048 temporibus
721 985 779 1047 per
795 963 898 1028 dietas
908 971 1011 1028 metas
1027 963 1069 1026 ab
1085 962 1220 1026 invicem
1237 961 1382 1044 separari
1398 961 1499 1024 debere

384 1074 599 1152 rescivissent,
610 1073 701 1138 iuxta
710 1079 897 1156 preceptum
913 1077 1018 1138 vestre
1034 1071 1218 1135 serenitatis
1234 1069 1397 1152 predictas
1413 1077 1500 1133 metes

313 1170 314 1174 ¹
383 1201 536 1244 renovare
547 1186 578 1246 et
588 1181 718 1244 easdem
734 1180 896 1244 civitatem
911 1186 1051 1244 vestram
1065 1177 1223 1243 Potakab
1234 1179 1305 1261 ipsa
1315 1177 1499 1260 possessione

383 1287 483 1372 Olazy
499 1309 557 1372 per
573 1310 686 1352 cursus
702 1289 846 1371 ipsarum
863 1294 1022 1352 metarum
1039 1306 1191 1369 separare
1207 1292 1316 1368 presto
1332 1283 1461 1348 fuissent
1475 1293 1500 1348 et

387 1397 510 1478 parati,
543 1403 651 1460 tsmen
677 1398 754 1480 quia
779 1395 937 1461 exhibicio
961 1395 1161 1478 prolatarum
1186 1393 1323 1458 duarum
1348 1393 1500 1456 literarum

387 1504 544 1587 regalium
576 1513 608 1569 et
640 1505 833 1588 reginalium
858 1506 945 1590 ipsos
974 1509 1052 1568 tunc
1078 1501 1297 1585 impedivisset
1327 1509 1500 1582 mentesque

383 1633 492 1677 eorum
508 1612 654 1677 vacillari
680 1613 815 1689 fecisset,
839 1611 909 1675 ideo
935 1611 996 1693 ipsi
1023 1609 1121 1675 talem
1147 1609 1297 1674 vaoillam
1314 1631 1352 1674 ao
1368 1610 1499 1692 ipsarum

340 1708 348 1722 ’
382 1719 520 1784 duarum
536 1722 706 1786 literarum
732 1722 964 1787 exhibicionem
983 1728 1088 1787 vestre
1108 1719 1300 1806 discussioni
1325 1725 1498 1806 pariterque

382 1827 612 1892 deliberacioni
622 1851 660 1893 ac
669 1830 868 1913 prelatorum
884 1836 1064 1895 vestrorum
1074 1831 1309 1895 commisissent
1321 1831 1500 1895 differentes.

383 1934 579 2000 Retulerunt
605 1937 706 2002 eoiarn
738 1939 884 2003 homines
911 1939 1006 2002 vestri
1033 1939 1213 2021 prenotati,
1243 1939 1331 2021 quod
1356 1941 1382 2003 si
1407 1939 1501 2004 dietus

344 2037 345 2040 '
383 2041 498 2108 fluvius
515 2043 627 2108 Dorno
644 2047 773 2110 easdem
790 2047 954 2111 civitatem
971 2046 1079 2111 Potak
1104 2054 1137 2111 et
1162 2049 1395 2131 possessionem
1410 2047 1500 2130 Olarp

383 2159 557 2235 separaret,
581 2160 698 2218 extunc
724 2153 908 2218 dimidietas
933 2155 1033 2238 ipsius
1059 2156 1267 2238 possessionis
1283 2154 1385 2240 Olazy
1400 2163 1430 2220 et
1445 2157 1502 2220 fere

383 2259 485 2323 maior
501 2281 576 2342 pars
593 2261 713 2324 iurium
729 2260 888 2326 dictorum
914 2262 1068 2326 nobilium
1086 2264 1119 2327 in
1136 2285 1211 2328 usus
1227 2264 1387 2328 dictorum
1403 2265 1500 2328 civita·

383 2368 522 2431 tensium
539 2374 781 2432 converteretur
805 2369 917 2452 procul
948 2368 1053 2446 dubio,
1077 2370 1154 2452 quia
1179 2371 1247 2454 ipse
1263 2369 1380 2434 fluvius
1394 2391 1450 2453 per
1464 2371 1502 2433 di·

383 2481 469 2540 ctam
486 2477 720 2560 possessionem
736 2475 836 2560 Olazy
853 2479 993 2542 transire
1009 2477 1229 2542 dinosceretur
1245 2527 1252 2540 .
1270 2527 1276 2540 .
1293 2478 1416 2544 Datum
1431 2479 1502 2542 feria

386 2589 506 2664 quarta
522 2571 672 2666 proxima
684 2591 760 2648 ente
786 2585 904 2650 festum
930 2585 1033 2650 saneti
1049 2583 1178 2650 Nicolai
1205 2585 1404 2666 confessoris,
1428 2607 1501 2650 anuo

364 2679 367 2686 ¹
383 2691 578 2774 supradicto.

489 2872 618 2937 Papir0n‚
642 2873 768 2922 narlatrin
781 2873 869 2940 kitzep
883 2875 1025 2939 nagystgir
1038 2875 1121 2924 kerck
1145 2875 1237 2938 pecst'rt
1259 2876 1435 2937 nyomaival:
1453 2889 1501 2922 ere-

381 2959 466 3024 detije
479 2977 511 3010 aa
534 2977 603 3011 orez.
626 2963 736 3012 ltarban
758 2979 775 3012 a
797 2964 919 3026 Osicsery
938 2981 974 3013 cs.
997 2964 1243 3026 lebetemeuyeben.
1265 2965 1365 3014 Kozli:
1386 2967 1501 3014 Kauune

382 3066 427 3099 rer
440 3053 522 3100 Ernt.

868 3235 1026 3242 ψ-...α-

923 3419 972 3478 73.

385 3593 479 3656 1347.
496 3592 557 3655 dec.
575 3595 604 3656 8.
623 3592 815 3679 Apozaonpc'
833 3585 987 3680 cupiatur
1004 3595 1074 3658 etti
1091 3621 1128 3659 oz
1146 3596 1223 3658 Etbi
1239 3596 1381 3660 tremescit
1409 3594 1505 3674 'theli

448 3699 542 3763 Pecto
550 3701 627 3780 ficit
643 3704 757 3787 otpjulr
773 3704 997 3787 mepbletc'scc'rt
1014 3706 1088 3766 basa
1105 3705 1274 3768 rnrirlcdoal
1290 3704 1458 3788 letalitqe‘tik.

489 3933 494 3945 .
512 3931 519 3945 .
537 3882 714 3965 capitulum
740 3885 872 3948 ecclesie
888 3884 1095 3949 Posoniensis
1112 3933 1118 3947 .
1137 3935 1143 3948 .
1159 3884 1202 3948 ad
1217 3884 1442 3948 universorum
1458 3906 1506 3946 no·

382 3991 491 4053 ticiam
507 4039 514 4054 .
532 4040 538 4054 .
555 3991 701 4056 volumus
727 3994 902 4074 pervenire,
926 3991 1012 4075 quod
1037 3991 1189 4057 Andreas
1214 3993 1372 4057 Nicolaus
1396 4000 1431 4057 et
1455 3993 1506 4056 Jo-

381 4097 505 4162 hannes
521 4098 579 4162 filii
596 4100 727 4164 Pethevv
743 4101 782 4164 de
795 4099 971 4184 Tbeyedin
982 4102 1085 4166 nostri
1104 4103 1294 4184 presencia.
1311 4151 1318 4165 .
1336 4103 1506 4166 constituti.

381 4225 478 4288 super
503 4213 605 4271 morte
631 4229 686 4271 seu
712 4209 940 4274 interemoione
971 4208 1052 4274 dicti
1077 4209 1207 4274 Pethev
1233 4209 1336 4292 patris
1368 4209 1505 4293 ipsorum

382 4311 567 4378 Jolrannem
592 4313 695 4379 filium
710 4315 824 4399 Polda,
849 4317 984 4382 Petrum
1011 4324 1043 4380 et
1059 4317 1254 4381 Michaelem
1270 4316 1352 4381 filios
1369 4320 1505 4386 eiusdem

380 4421 551 4499 ‚lobannis
574 4423 677 4488 Polda
693 4431 726 4488 et
741 4425 941 4508 Stephanum
952 4425 1035 4489 filios
1051 4425 1151 4506 Petri,
1168 4425 1308 4490 Paulum
1328 4424 1432 4490 filiurn
1450 4427 1505 4490 Be-

381 4529 499 4594 nedicti
515 4539 547 4594 et
562 4532 720 4596 Thomanr
737 4533 838 4597 filium
848 4533 1021 4597 Laurenoii
1037 4533 1161 4596 nobiles
1171 4533 1211 4596 de
1222 4533 1320 4616 dely,
1337 4533 1393 4612 qui
1410 4535 1507 4598 eciam

352 4659 357 4668 ·
381 4643 546 4726 presentes
564 4639 708 4716 adorant,
724 4662 803 4722 quos
819 4641 995 4706 homicidas
1012 4641 1152 4704 eiusdem
1165 4641 1268 4724 patris
1285 4641 1428 4723 ipsorum
1448 4641 1507 4704 fore
