3192 5466
349 444 412 508 256
710 451 896 508 larensem
915 438 1128 507 euulnr'rlc.

347 625 469 692 Cantor
479 625 595 702 dietus,
611 624 798 688 duodecimo
815 645 848 688 se
865 623 1026 689 nobilibus
1037 622 1097 688 sibi
1109 623 1268 688 similibus
1282 631 1398 688 contra
1408 622 1480 689 Ste-

345 735 489 818 phanum
499 733 639 798 nobilem
649 732 688 796 de
700 732 798 816 'lyon
809 733 1028 796 iuramentum
1043 732 1204 816 deponere
1219 731 1360 797 debebat
1369 753 1480 798 eoram

346 841 437 907 nobis
453 862 548 925 super
564 862 609 922 ee,
627 840 712 924 quod
728 840 850 906 fruetus
868 847 899 904 et
915 841 1073 906 utilitates
1090 862 1222 906 suarum
1239 841 1479 925 possessionum

346 950 479 1033 Medyes
504 955 538 1013 et
563 946 615 1032 T(
633 947 697 1034 .)an
713 955 898 1014 vocatarum
915 969 987 1013 cnm
1003 950 1069 1014 suis
1095 948 1318 1032 iobagionibus
1334 949 1376 1014 de
1402 947 1479 1011 villa

346 1059 432 1124 Ders
456 1065 547 1123 utere
573 1065 606 1122 et
632 1058 796 1140 percipere
821 1078 885 1120 non
910 1057 1054 1137 fecisset,
1083 1059 1221 1122 termino
1247 1063 1359 1122 tamen
1384 1055 1479 1120 adre-

348 1168 458 1230 niente
474 1165 557 1229 idem
587 1163 734 1229 Briccius
750 1184 822 1228 cum
839 1160 937 1247 (suile
954 1164 1213 1230 coniuratoribus
1229 1164 1379 1248 deposuit
1395 1164 1480 1228 iura-
1587 1161 1588 1194 l

347 1281 490 1340 mentum
516 1279 552 1336 ut
576 1271 722 1337 debebat.
764 1272 889 1336 Datum
914 1274 947 1336 in
976 1271 1123 1354 Mothen,
1155 1273 1237 1338 feria
1263 1273 1382 1353 quinta
1408 1291 1479 1353 pro-

346 1385 433 1448 xima
464 1389 538 1466 post
568 1380 685 1446 festum
701 1380 787 1444 beati
813 1379 942 1444 Nicolai
969 1381 1168 1478 confessoris
1202 1403 1287 1446 anno
1320 1378 1475 1464 (domini)

347 1491 399 1556 M⁰
423 1486 522 1555 0000
544 1487 648 1553 XL¹¹¹⁰
665 1494 784 1554 octava.

454 1652 583 1714 Paplron,
611 1650 737 1700 carlatan
758 1651 856 1702 harem
878 1651 970 1714 pecset
992 1651 1195 1715 teredelreive13
1215 1651 1348 1714 eredetije
1362 1666 1395 1701 aa
1409 1665 1476 1698 orsz.
1587 1657 1588 1718 l

347 1743 466 1804 ltarban,
479 1756 496 1790 a
509 1739 623 1788 Csicseri
636 1754 671 1788 cs.
685 1739 932 1803 letemmenyeben.
952 1743 1034 1792 Kozli
1047 1758 1052 1790 :
1073 1743 1182 1792 Koraos
1195 1743 1229 1791 N.

876 2123 946 2184 131.

353 2285 447 2346 1349.
456 2285 527 2365 joa.
543 2283 574 2342 4.
593 2279 639 2343 Aa
656 2282 833 2365 cszterpomi
858 2280 1014 2366 lrdptalan
1038 2281 1110 2344 allltt
1135 2281 1256 2346 Szacaei
1279 2281 1410 2347 Sdador
1425 2279 1477 2361 fia
1526 2301 1529 2305 ·
1587 2325 1588 2350 ,

350 2392 442 2454 Pc'ler
458 2411 514 2474 agry
524 2389 648 2468 reserat,
666 2393 734 2452 ands
744 2389 861 2453 rc'azrlll
876 2389 997 2453 Barzan
1004 2390 1056 2473 fio
1066 2389 1237 2473 Mikldcfia
1248 2392 1350 2472 Peter,
1361 2392 1393 2453 e'a
1409 2401 1475 2453 lest·
1587 2359 1588 2418 l

277 2585 282 2589 .
347 2495 477 2560 serenet
493 2495 657 2580 Filldpaelc
673 2495 746 2576 flat,
771 2495 882 2559 Va‘rad
906 2503 985 2559 accat
1011 2496 1097 2559 Bora
1126 2499 1307 2584 adamegyei
1338 2497 1477 2562 birtolcoa
1587 2495 1588 2526 l

791 2604 1027 2688 megnaatoznalc.

454 2766 611 2832 Nicolaus
627 2767 808 2850 prepositus
818 2772 852 2830 et
861 2765 1037 2850 capitulum
1047 2767 1179 2833 ecclesie
1196 2765 1429 2850 Strigoniensis
1445 2820 1451 2834 .
1470 2819 1476 2834 .

349 2879 390 2944 ad
401 2880 622 2944 universorum
631 2876 817 2942 noticiam..
830 2875 974 2941 volumus
986 2877 1380 2959 pervenirequodPetrus
1392 2875 1475 2940 filius

348 2986 529 3054 Alexandri
545 2985 585 3050 de
602 2984 732 3050 Zedcha
747 2984 788 3048 ab
805 3005 870 3049 una
886 2991 988 3067 parte,
1013 2985 1090 3049 item
1107 2985 1225 3050 Petrus
1241 2984 1328 3049 filius
1346 2985 1477 3050 Nicolai

348 3097 407 3162 filii
422 3097 548 3161 Berzou
563 3115 622 3178 pro
638 3113 672 3158 se
688 3093 909 3176 personaliter,
929 3113 987 3176 pro
1002 3091 1140 3158 Nicolao
1166 3115 1249 3171 vera,
1275 3093 1405 3158 Thoma
1420 3092 1477 3158 Jo-
1587 3109 1588 3166 l

349 3206 454 3268 hanno
470 3209 503 3266 et
519 3201 684 3285 Stephano
700 3201 775 3266 filiis
785 3201 940 3284 Philippi,
956 3200 1030 3266 filiis
1047 3202 1196 3267 videlicet
1210 3201 1321 3268 fratris
1338 3204 1389 3268 sui
1406 3225 1478 3267 cum

350 3310 501 3393 legitimis
526 3311 756 3392 procuratoriis
781 3309 885 3373 literis
910 3361 942 3375 ..
966 3315 1060 3393 parte
1085 3308 1127 3374 ab
1152 3311 1256 3376 altera
1273 3311 1314 3375 ad
1335 3318 1479 3375 nostram

349 3418 562 3502 personaliter
578 3417 765 3483 accedentes
782 3468 789 3482 .
806 3469 813 3482 .
830 3418 1039 3501 presenciam,
1056 3419 1090 3481 in
1105 3418 1191 3483 hunc
1215 3419 1345 3484 modum
1370 3440 1478 3484 coram
1587 3427 1588 3486 l

349 3527 440 3592 uobis
456 3527 647 3604 retulerunt,
672 3525 757 3610 quod
773 3526 850 3591 licet
866 3546 963 3608 snper
978 3527 1152 3592 medietate
1172 3527 1339 3592 cuiusdam
1355 3547 1480 3611 posses·
1587 3503 1588 3550 ³

349 3637 447 3701 sionis
462 3635 590 3699 Warad
605 3639 715 3699 vocate
740 3633 774 3697 in
799 3634 954 3698 comitatu
979 3635 1145 3701 Borsiensi
1170 3635 1337 3701 existentis
1362 3656 1480 3699 memo·
1587 3665 1588 3710 5

349 3753 439 3810 ratus
456 3744 572 3808 Petrus
588 3742 674 3807 filius
684 3740 865 3807 Alexandri
881 3743 1063 3825 predictum
1074 3745 1208 3809 Petrum
1224 3743 1329 3808 filium
1339 3741 1480 3818 Nicolai,
1587 3711 1588 3766 l

349 3876 387 3919 ac
404 3851 575 3918 Nicolaum
592 3851 750 3915 Thomam
766 3849 791 3915 J
793 3851 952 3916 ohannem
972 3858 1005 3916 et
1025 3851 1227 3937 Stephanum
1237 3853 1321 3918 filios
1330 3849 1479 3935 Philippi

349 3962 391 4027 ad
407 3959 608 4044 presenciam
624 3958 749 4024 comitis
766 3959 862 4024 Pau'li
887 3961 1002 4026 iudicis
1028 3963 1117 4027 curie
1143 3963 1231 4044 regie
1257 3959 1370 4026 ordine
1396 3958 1478 4023 iudi·
1587 3953 1588 3976 ¹

350 4069 449 4133 ciario
464 4070 498 4132 in
515 4089 645 4134 causam
661 4069 858 4147 attraxisset,
883 4075 916 4133 et
941 4071 1013 4152 ipsa
1038 4091 1137 4135 eausa
1161 4070 1247 4134 inter
1272 4090 1327 4134 eos
1352 4069 1480 4133 diucius

349 4176 518 4242 ventillata
540 4177 726 4259 exstitisset,
740 4177 869 4242 tandem
893 4177 1073 4243 volentibus
1088 4175 1244 4262 partibus,
1270 4197 1366 4260 super
1391 4175 1480 4241 diota

350 4306 449 4350 causa
464 4307 498 4349 se
514 4285 657 4351 arbitriis
683 4290 716 4348 et
740 4286 966 4370 composicioni
990 4286 1101 4350 decem
1127 4293 1160 4351 et
1185 4307 1240 4350 serr
1264 4284 1422 4349 nobilium
1442 4305 1480 4348 ac

349 4393 486 4458 duorum
502 4393 662 4459 sociorum
677 4400 869 4478 nostrorum,
884 4395 1035 4460 videlieet
1049 4393 1198 4460 Ladislai
1209 4393 1479 4478 prepositisancti
1587 4417 1588 4468 l

350 4499 484 4583 Georgii
500 4502 644 4566 martiris
660 4500 700 4565 de
716 4501 828 4567 eodem
845 4500 1009 4586 Strigonio
1026 4508 1058 4566 et
1074 4503 1222 4585 magistri
1231 4501 1358 4566 Mathia
1375 4500 1481 4566 archi-

350 4607 477 4673 diaconi
502 4608 541 4672 ‹le
559 4609 739 4687 Karna1·un,
765 4609 824 4673 sub
849 4611 938 4692 penis
956 4610 1124 4692 sexaginta
1151 4631 1333 4675 marcarum
1360 4607 1480 4673 submi·
