3226 5462
564 451 658 518 1347.
677 475 770 518 uuus.
788 453 840 519 21.
1236 455 1275 518 19

137 639 171 699 et
194 632 379 715 existentes,
400 640 472 712 ,mm
496 635 621 704 scilicet
637 635 833 700 hereditarie
858 642 892 700 et
916 636 1119 718 aequisitieie
1146 638 1275 702 comitis

138 742 258 808 Brieeii
275 743 413 826 predicti
429 749 462 808 et
476 742 617 810 filiorum
642 743 785 812 eiusdem
800 764 839 808 ac
854 742 995 809 ffliorum
1010 743 1144 810 Leukas
1160 765 1274 828 prene-

136 858 290 932 tatorum‚
315 872 414 934 quam
446 851 590 934 emtieie‚
621 853 879 936 impignoraticie
904 859 937 918 et
962 854 1075 936 quovis
1101 854 1164 918 alio
1190 854 1276 920 iusto

137 960 235 1025 titulo
250 961 295 1026 ad
310 981 364 1026 eos
379 961 538 1040 deuolute,
555 961 739 1045 specialiter
764 982 838 1028 vero
864 964 1082 1044 possessiones
1108 962 1214 1030 Batur
1239 963 1272 1028 in

138 1069 391 1152 Zathmariensi‚
422 1070 550 1148 Pouch,
581 1069 710 1155 Tymaq
741 1069 916 1156 Nyreghaz
941 1078 973 1137 et
1005 1071 1275 1138 Bewdmonustra

140 1185 251 1243 vocate
271 1180 305 1244 in
322 1177 467 1244 Zabolch
493 1178 699 1244 comitatibus
722 1178 842 1257 habite,
868 1181 998 1262 penitus
1018 1181 1101 1245 etin
1116 1185 1183 1246 tote
1200 1203 1273 1246 cum

139 1285 341 1367 quibuslibet
372 1287 558 1352 earumdem
598 1286 805 1367 utilitatibus,
836 1287 1081 1370 prememoratis
1110 1290 1275 1373 magistris

138 1393 287 1460 dohanni
314 1403 347 1461 et
377 1395 516 1461 Nicolao
546 1395 622 1460 filiis
652 1395 783 1478 Bricoii,
814 1395 992 1462 Benedieto
1017 1401 1051 1461 et
1075 1397 1175 1462 Petro
1198 1396 1275 1463 filiis

138 1503 275 1569 Leukus
300 1525 339 1568 ae
364 1525 475 1570 cerum
493 1504 688 1570 heredibus.
706 1557 711 1568 .
728 1509 884 1587 perpetuo
901 1557 907 1570 .
924 1556 930 1570 .
949 1505 1142 1586 possidendo
1167 1527 1276 1588 perve-

140 1613 266 1678 nissent
290 1633 328 1676 eo
343 1613 447 1688 modo,
473 1611 616 1678 utnulla
634 1613 781 1696 parcium
805 1611 855 1676 vel
880 1613 1069 1679 earumdem
1093 1613 1274 1680 heredes..

140 1726 328 1802 presentem
353 1721 542 1786 divisionem
558 1741 616 1803 per
632 1725 807 1785 annotatas
832 1727 942 1802 partes
967 1728 1082 1804 sponte
1106 1721 1227 1788 iactam
1243 1730 1277 1787 et

140 1849 254 1894 coram
281 1828 374 1894 nobis
398 1830 580 1908 recitatam,
604 1830 758 1910 temporis
782 1830 815 1894 in
841 1849 993 1912 processu
1019 1829 1130 1912 aliquo
1149 1831 1275 1911 quesite

142 1936 250 2002 colore
276 1943 386 2020 posset
409 1941 607 2015 retractare,
640 1936 696 2002 sed
723 1957 855 2019 presens
881 1937 995 2004 divisio
1021 1939 1107 2003 inter
1132 1939 1219 2021 ipsos
1244 1945 1277 2004 et

144 2065 259 2110 eorum
285 2045 444 2131 heredes.
461 2097 467 2110 .
484 2049 641 2128 perpetuo
657 2095 664 2109 .
681 2094 688 2110 .
706 2051 957 2128 permaneret..
983 2046 1136 2114 Ceterum
1161 2047 1276 2113 amodo

139 2162 175 2219 et
190 2154 343 2236 deinceps
369 2174 562 2235 quecunque
588 2154 734 2236 parcium
758 2153 808 2218 vel
837 2154 981 2220 eiusdem
1006 2154 1140 2220 heredes
1157 2207 1163 2220 .
1181 2204 1187 2219 .
1204 2161 1273 2220 tam

144 2283 168 2326 a
191 2263 283 2346 regia
307 2262 478 2327 maiestate
504 2282 602 2343 quam
627 2260 669 2326 ab
694 2261 767 2326 aliis
783 2310 790 2326 .
808 2311 814 2327 .
832 2282 1044 2345 quascunque
1060 2264 1276 2344 possessiones

139 2423 147 2436 .
166 2423 175 2438 .
191 2371 362 2452 acquirere
378 2377 411 2436 et
426 2371 572 2454 optinere
587 2375 727 2453 possent
750 2370 897 2452 parcium
917 2369 1022 2435 altera
1038 2419 1045 2434 .
1061 2419 1069 2434 .
1085 2370 1211 2436 nullam
1236 2371 1275 2437 de

138 2475 295 2564 (eisdem)
306 2479 474 2560 requirere
484 2477 545 2546 sibi
555 2483 664 2562 posset
673 2479 866 2562 porcionem,
877 2477 933 2543 scd
943 2498 1040 2561 super
1050 2478 1198 2545 omuibus
1207 2501 1276 2562 pre

138 2588 249 2653 missis
260 2637 267 2650 .
279 2638 286 2652 .
296 2593 408 2670 partes
423 2593 593 2670 prenotate
608 2593 641 2652 et
656 2607 766 2652 eorum
781 2586 953 2652 heredes..
968 2593 1126 2670 perpetue
1142 2587 1275 2681 tacitur-

137 2697 256 2761 nitatis
273 2695 441 2761 silencium
458 2693 743 2778 congauderent...
756 2694 882 2760 Datum
901 2695 1005 2774 Bude,
1020 2693 1207 2761 duodecimo
1223 2696 1275 2762 die

137 2811 330 2869 octavarum
356 2804 430 2868 festi
455 2801 700 2869 Purifieacionis
724 2803 859 2886 virginis
884 2801 1023 2886 gloriose
1048 2802 1275 2885 predictarum,

135 2935 226 2978 anno
244 2911 364 2978 domini
381 2911 456 2976 Μιιιο
472 2909 593 2978 OOCmo
609 2910 714 2978 ΧΠ(10
730 2910 875 2994 septimo.

247 3078 344 3142 rugge
357 3075 507 3139 peosttt013
520 3074 650 3139 credetijc
663 3091 694 3125 az
708 3089 777 3125 orsu.
790 3077 822 3125 lt.
836 3076 935 3126 kinest.
950 3079 1017 3124 oszt.
1032 3075 1065 3125 N.
1078 3075 1113 3126 R.
1126 3076 1161 3126 A.
1173 3080 1233 3128 718.
1248 3081 1273 3127 3.

134 3168 209 3230 dipl.
222 3173 289 3217 oszt.
310 3171 389 3217 3884.
411 3165 556 3232 Ugyanott
577 3181 644 3215 ezcn
673 3165 853 3228 ouztdlylevel
878 3171 954 3216 1347.
976 3165 1041 3228 maj.
1065 3165 1136 3215 3-rol
1149 3181 1165 3215 u
1179 3166 1274 3216 varadi

135 3259 276 3321 kaptalan
303 3257 372 3306 elta]
394 3255 505 3306 liudott
526 3255 707 3322 privilegialis
729 3255 849 3306 alakban
870 3258 894 3307 is
913 3271 1037 3322 megvau.
1060 3255 1094 3305 N.
1108 3257 1141 3306 R.
1155 3255 1188 3305 Δ.
1212 3261 1272 3306 841,

141 3355 188 3419 ᾎ2.
202 3347 270 3410 dipl.
283 3348 375 3396 ltoezt.
391 3351 469 3398 3901.
489 3347 589 3395 Kezli:
610 3347 719 3402 Kovtes
730 3347 765 3397 N.

629 3525 788 3535 ..n-...m

695 3693 722 3754 7.

141 3839 244 3903 1347.
262 3835 367 3914 Bada,
376 3833 463 3921 febr.
479 3835 533 3898 21.
550 3833 579 3898 I.
595 3834 693 3920 Lojoe
709 3830 816 3918 kirtly
835 3829 1073 3916 Ketopobceoi
1087 3829 1271 3896 Miltldaook

136 3949 270 4012 Haase
285 3949 345 4008 ede·
360 3941 623 4028 turtomdupdbua
638 3966 659 4006 o
685 3940 879 4026 Tupobra’chc
897 3947 979 4003 aevo
986 3936 1142 4026 folydboa
1158 3962 1274 4026 crouy-

592 4053 707 4114 moedst
722 4047 826 4132 moqed.

252 4213 322 4280 Nos
347 4213 530 4278 Ludoricus
546 4261 553 4277 .
569 4261 577 4276 .
592 4231 650 4277 rex
670 4261 676 4276 .
693 4263 699 4277 .
725 4207 943 4294 significamus
960 4259 966 4274 .
983 4261 990 4274 .
1007 4207 1093 4290 quod
1118 4209 1276 4292 magister

135 4324 301 4391 Nicolaus
324 4321 410 4387 filius
426 4320 506 4386 Jule
530 4320 570 4384 de
585 4318 831 4404 Kystopolchan
856 4317 992 4382 dilectus
1017 4322 1050 4382 et
1073 4315 1178 4382 fidelis
1203 4317 1276 4384 aule

136 4437 255 4500 nostre
269 4429 362 4496 miles
379 4481 385 4495 .
402 4480 408 4494 .
425 4427 517 4494 uobis
542 4426 725 4513 significare
741 4427 873 4505 curavit,
889 4425 976 4508 quod
992 4426 1025 4489 in
1041 4426 1162 4490 tenutis
1178 4431 1247 4491 cast
1268 4425 1274 4438 '

137 4541 249 4606 nostri
264 4539 422 4604 Hurusou
438 4537 594 4602 nominati
611 4542 643 4600 et
659 4537 761 4601 eciam
786 4534 872 4600 dicte
890 4533 1101 4617 possessionis
1118 4554 1174 4598 sue
1189 4533 1275 4618 Kys-

134 4647 319 4731 tapolehan
335 4647 368 4710 in
385 4645 482 4710 fluvio
498 4644 706 4728 Tapolnycha
730 4644 894 4710 nominato
910 4663 968 4724 per
983 4641 1143 4706 lavatores
1160 4661 1274 4705 aurum

1134 4765 1167 4818 2*
