3188 5476
355 531 418 588 588
706 545 891 591 1116111611
910 533 1124 590 6111111111.

353 709 498 773 tulerunt
523 709 584 771 isto
605 706 707 783 mode,
725 708 810 787 quod
841 707 917 770 dum
949 709 1011 790 ipsi
1028 707 1130 790 pridie
1156 708 1305 789 perfectis
1322 707 1491 788 premissis

353 817 493 900 negociis
510 815 552 880 ad
568 837 626 880 nos
642 816 753 880 redire
765 815 948 897 voluissent,
974 816 1106 882 tandem
1123 817 1284 898 prenotati
1302 815 1491 898 Stephanus

353 934 385 990 61
401 923 563 1007 Georgius
581 924 728 1006 magistri
756 923 814 988 filii
841 923 1002 988 Dominici
1023 924 1171 988 similiter
1188 946 1227 988 ex
1242 945 1316 1002 uua,
1331 923 1491 988 Nicolaus

353 1039 385 1097 61
409 1031 582 1096 ladislaus
607 1030 666 1096 filii
689 1031 836 1096 Ladislai
867 1029 926 1095 filii
958 1031 1095 1114 predicti
1121 1031 1290 1108 Benedicti
1316 1031 1491 1096 decadem

354 1139 526 1225 Obythnylx
543 1162 652 1206 coram
668 1142 746 1224 ipsis
773 1148 1005 1223 comparentes,
1022 1163 1118 1224 super
1135 1142 1220 1207 facto
1236 1143 1425 1226 portionum
1450 1163 1492 1205 ex

352 1249 439 1313 dicto
455 1256 561 1316 castro
578 1249 809 1315 Oraznahorka
834 1255 866 1312 61
893 1271 947 1314 sex
973 1251 1225 1332 possessionibus
1252 1253 1292 1315 ad
1318 1251 1404 1316 idem
1421 1272 1492 1315 cas-

353 1365 440 1421 trum
457 1379 520 1439 quo
537 1378 637 1438 supra
652 1357 898 1440 pertinentibus,
915 1357 1034 1422 eisdem
1051 1357 1126 1422 filiis
1143 1359 1293 1424 Ladislai
1319 1361 1492 1442 provenire

352 1464 549 1542 debencium,
575 1463 697 1546 absque
723 1465 861 1548 strepitu
888 1465 1059 1530 cuiuslibet
1083 1467 1203 1546 iudicii,
1220 1467 1491 1532 obdilecciouem

355 1573 566 1638 fraternalem
591 1571 701 1637 taliter
717 1572 802 1637 inter
818 1593 851 1637 se
869 1573 1124 1652 concordassent,
1148 1577 1235 1658 quod
1261 1575 1337 1657 quia
1353 1573 1492 1638 arbitrio

353 1701 448 1746 cause
475 1687 507 1744 et
530 1681 633 1744 tocius
658 1681 756 1762 litigii
771 1686 922 1762 pretextu
948 1681 1107 1748 dictorum
1133 1689 1315 1747 castrorum
1336 1684 1490 1765 possessi-

321 1869 324 1876 *
354 1811 449 1854 ouum
467 1788 570 1872 primo
594 1809 653 1872 per
679 1788 805 1852 eosdem
831 1787 1036 1854 Dominicum
1063 1791 1185 1856 dictum
1214 1791 1325 1856 Bebelr
1341 1798 1374 1854 et
1390 1789 1489 1854 Nice

352 1898 440 1961 laum
458 1895 578 1960 dictum
594 1895 706 1974 Kuuu,
732 1897 924 1980 demumque
949 1919 1007 1980 per
1031 1905 1202 1963 annotatos
1219 1901 1413 1982 magistrum
1431 1896 1487 1962 Ni·

354 2006 479 2070 colaum
496 2011 530 2068 et
545 2002 628 2068 lilios
645 2003 808 2069 Dominici
824 2012 936 2070 contra
962 2007 1065 2072 dictos
1090 2007 1216 2091 Bathyz
1234 2008 1273 2072 de
1290 2005 1487 2073 (1111111161-

353 2112 426 2176 diue
451 2111 619 2176 iudiciario
649 2111 727 2175 moti
753 2119 784 2174 61
818 2111 962 2176 fortassis
994 2135 1051 2196 per
1067 2115 1303 2197 quinquaginta
1330 2137 1489 2180 annorum

359 2221 469 2302 spacia
485 2220 650 2302 hucusque
666 2221 751 2284 inter
762 2227 872 2302 partes
889 2221 1035 2286 ventilati
1052 2243 1115 2285 non
1136 2219 1149 2304 (
1157 2271 1483 2286 ........

354 2435 505 2518 prelibati
522 2435 579 2502 filii
597 2435 742 2499 Ladislai
760 2433 819 2498 filii
839 2435 1008 2500 Benedicti
1027 2486 1033 2500 .
1051 2489 1057 2500 .
1082 2437 1235 2519 ipsorum,
1251 2439 1308 2504 sed
1326 2489 1332 2501 .
1350 2489 1357 2502 .
1381 2439 1488 2503 61111-

353 2543 461 2608 colaus
478 2543 536 2607 filii
552 2543 721 2608 Benedicti
747 2565 804 2625 per
829 2563 1091 2627 consequensque
1116 2546 1212 2611 iidem
1237 2546 1296 2612 filii
1323 2547 1489 2612 Dominici

357 2653 434 2716 dicti
451 2650 562 2715 Bebek
580 2647 602 2732 (.
620 2701 626 2714 .
644 2701 650 2714 .
668 2649 690 2733 .)
715 2653 747 2715 111
764 2653 978 2734 requisitione
995 2653 1178 2718 eorumdem
1204 2662 1387 2719 castrorum
1405 2652 1426 2736 (.
1445 2703 1451 2717 .
1468 2653 1489 2736 .)

353 2780 440 2823 mum
457 2758 587 2840 fatigati
604 2757 740 2823 fuissent
765 2766 797 2823 et
822 2782 978 2842 expensas
998 2759 1157 2838 fecissent,
1183 2761 1253 2826 ideo
1280 2762 1489 2844 quandocun-

355 2887 418 2949 que
437 2866 583 2930 annotati
608 2865 664 2929 filii
686 2865 831 2930 Ladislai
848 2874 976 2931 tanturn
994 2868 1033 2931 de
1053 2871 1199 2951 expensis
1226 2877 1386 2952 quantum
1419 2893 1489 2954 pre·

355 2975 435 3038 tacti
451 2975 604 3056 magister
620 2972 777 3038 Nicolaus
797 2974 881 3038 filius
898 2975 1065 3040 Benedicti
1097 2999 1169 3040 cum
1189 2977 1299 3042 eodem
1321 2975 1489 3061 Stephano

354 3081 421 3145 filio
436 3082 599 3146 Dominici
617 3083 667 3146 161
684 3081 845 3165 Georgius
861 3084 964 3148 frater
989 3086 1140 3162 eiusdem,
1166 3089 1221 3168 qui
1239 3093 1315 3150 tunc
1332 3088 1490 3152 interesse

354 3197 471 3271 posset,
487 3191 702 3256 mediantibus
719 3193 784 3256 suis
810 3195 1000 3258 iuramentis
1018 3195 1069 3258 hic
1095 3216 1201 3261 coram
1228 3196 1320 3260 nobis
1339 3196 1490 3260 rehabita

354 3299 443 3379 prius
460 3319 555 3380 super
580 3299 640 3362 hcc
657 3320 731 3363 cons
749 3297 770 3382 (.
788 3352 794 3363 .
812 3350 818 3362 .
836 3299 857 3382 .)
874 3301 1109 3365 deliberacione
1135 3324 1193 3384 pro
1220 3304 1298 3384 ipsis
1316 3304 1441 3387 fatigiis
1459 3311 1490 3366 61
1586 3377 1587 3386 ¹

355 3407 502 3486 expensis
518 3407 662 3490 ipsorum
680 3414 709 3470 61
728 3407 804 3471 111611
820 3407 983 3473 Dominici
1009 3411 1113 3493 patris
1130 3431 1240 3476 corum
1263 3414 1330 3476 iam
1347 3413 1479 3476 defunct

353 3533 412 3595 pro
430 3513 551 3578 eisdem
567 3513 688 3596 fatigiis
706 3521 739 3578 61
757 3517 903 3596 expensis
921 3515 943 3600 (.
961 3567 967 3579 .
985 3571 991 3583 .
1009 3569 1014 3581 .
1032 3516 1053 3602 .)
1070 3521 1101 3582 in
1119 3541 1211 3583 sacro
1229 3521 1327 3584 altari
1346 3521 1490 3603 recipere
1586 3581 1587 3612 ,

354 3622 798 3702 presummeret,hoctotu1n
825 3625 1013 3706 preallegati
1040 3626 1099 3690 filii
1119 3627 1263 3692 Ladislai
1291 3629 1324 3692 in
1350 3631 1490 3694 termino
1586 3621 1587 3648 ³

354 3729 403 3792 161
420 3730 566 3794 terminis
583 3751 641 3812 per
657 3753 714 3794 uos
731 3739 809 3796 tunc
825 3732 865 3795 ad
883 3733 915 3796 id
927 3735 1121 3816 assiguando
1137 3741 1194 3798 aut
1211 3737 1418 3818 assignandis
1429 3739 1490 3802 sol·
1586 3733 1587 3758 ¹

354 3857 427 3900 1616
444 3838 596 3902 deberent
611 3841 776 3921 magistris
793 3841 929 3905 Nicolao
946 3847 979 3906 ct
994 3841 1069 3906 filiis
1085 3844 1248 3908 Dominici
1273 3847 1491 3928 supradictis;

356 3965 421 4028 qua
437 3945 598 4009 solucione
616 3947 701 4010 facta
717 3949 869 4030 sepedicti
887 3951 1040 4032 magister
1057 3950 1212 4016 Nicolaus
1239 3959 1272 4016 61
1298 3953 1359 4017 filii
1377 3953 1491 4018 Domi-

354 4053 418 4117 nici
435 4053 474 4116 dc
490 4055 644 4136 predictis
662 4057 776 4119 castris
793 4055 1023 4122 Oraznchorka
1040 4065 1072 4122 61
1096 4081 1149 4123 sex
1175 4061 1434 4142 possessionibus
1451 4061 1492 4124 ad
1586 4067 1587 4074 ’

354 4161 460 4242 ipsum
476 4166 619 4226 castrum
635 4169 671 4225 ut
686 4163 848 4244 prefertur
864 4165 1092 4246 spectantibus
1103 4188 1214 4231 rursus
1225 4187 1334 4232 coram
1354 4169 1450 4234 nobis
1461 4175 1493 4232 61

354 4268 569 4333 mediantibus
586 4270 689 4334 literis
703 4273 821 4335 uostris
847 4279 924 4336 tunc
948 4274 1061 4338 exinde
1087 4273 1293 4340 conficiendis
1319 4277 1493 4359 porciones

355 4383 567 4460 congruentes
592 4380 761 4442 restituere
786 4387 974 4446 tenerentur
999 4381 1075 4448 filiis
1103 4382 1248 4448 Ladislai
1281 4384 1492 4467 supradictis.

355 4482 420 4568 Qui
437 4486 565 4568 quidem
581 4489 737 4570 magister
752 4489 785 4553 N
787 4489 908 4554 icolaus
924 4490 1029 4556 dictus
1045 4491 1196 4576 Fargach
1212 4493 1362 4558 similiter
1377 4515 1493 4560 coram

355 4593 446 4658 nobis
471 4595 598 4659 nomine
626 4597 847 4678 procuratorio
872 4619 930 4681 pro
955 4598 1074 4664 eisdem
1099 4599 1235 4666 dominis
1266 4603 1333 4666 suis
1359 4624 1494 4688 compa-

355 4703 463 4778 randa,
480 4703 637 4784 premissa
663 4705 707 4768 sic
734 4706 1003 4788 quemadmodum
1028 4707 1107 4773 dicti
1137 4708 1257 4773 domini
1289 4710 1435 4794 palatini
1462 4720 1496 4778 et
