3138 5462
351 469 413 529 138
700 485 884 530 nnsouuonr
901 471 1115 529 ornturrlu.

347 645 504 730 prelibati,
521 647 612 712 iuxta
629 647 751 730 regium
769 647 955 712 mandatum
976 647 1109 711 eandem
1126 647 1358 729 possessionem
1374 645 1471 710 Dere-

346 752 421 816 cher
447 763 601 835 vocatam,
629 777 701 820 cnm
727 755 875 820 omnibus
901 733 1098 820 utilitatibus
1124 755 1189 820 suis
1215 804 1246 818 ..
1271 755 1331 819 sub
1357 754 1471 818 eisdem

348 862 442 926 metis
459 864 601 946 antiquis
626 864 786 928 renovatis
803 861 889 927 etde
905 883 985 926 novo
1001 863 1125 944 erectis,
1151 882 1274 928 necnon
1300 884 1373 928 cum
1390 864 1471 926 omni

346 970 544 1052 plenitudine
576 973 626 1037 sui
651 973 731 1036 iuris
764 978 797 1035 et
821 971 961 1051 dominii,
992 971 1117 1053 prelato
1148 971 1277 1035 domino
1310 970 1471 1054 Stephano

346 1078 484 1163 royvode
519 1079 749 1145 Transsilvano
783 1085 817 1142 et
848 1078 956 1143 comiti
982 1078 1021 1142 de
1046 1077 1162 1142 Zonulr
1193 1079 1361 1143 statuisset
1387 1127 1418 1141 ..
1439 1099 1470 1142 eo

340 1187 415 1250 iure
435 1207 498 1270 quo
511 1187 571 1253 sibi
581 1189 718 1253 attinere
734 1187 912 1251 dinoscitur
922 1177 1079 1270 perpetuo
1095 1185 1321 1270 possidendam
1338 1235 1345 1249 .
1363 1235 1370 1248 .
1387 1187 1471 1250 nullo

347 1297 583 1361 contradictore
600 1347 605 1360 .
624 1348 631 1360 .
648 1301 835 1379 apparente,
861 1295 924 1358 imo
941 1295 1087 1360 omuibus
1112 1293 1265 1380 predictis
1289 1294 1366 1358 viris
1391 1293 1472 1359 nobi-

345 1403 430 1469 libus
449 1405 560 1470 vicinis
577 1409 610 1468 et
620 1404 846 1469 commetaneis
856 1410 923 1469 tam
943 1403 1225 1488 propinquioribus
1242 1409 1276 1467 et
1285 1401 1473 1468 immediatis

345 1534 443 1594 quam
461 1513 698 1592 remocioribus,
714 1512 831 1578 ibidem
849 1512 1052 1596 presentibus
1078 1518 1111 1576 et
1134 1511 1278 1596 predicte
1304 1510 1471 1576 statueioui

345 1619 447 1702 ipsius
464 1622 674 1704 possessionis
699 1619 866 1684 Derecher
890 1627 1001 1684 rocate
1026 1621 1130 1684 eidem
1155 1620 1284 1684 domino
1310 1618 1472 1701 Stephano

345 1729 483 1812 uoyvode
507 1749 565 1812 per
590 1729 751 1794 hominem
777 1728 900 1811 regium
924 1727 1008 1793 facte
1033 1727 1178 1792 benivole
1204 1726 1473 1793 consencientibus

344 1843 377 1900 et
392 1837 498 1920 ipsum
515 1836 716 1921 Stephanum
736 1837 910 1920 voyvodam
929 1837 962 1900 in
973 1835 1084 1901 eadem
1100 1836 1300 1919 possessione
1310 1834 1473 1900 Deveeber

345 1951 458 2008 vocata
474 1967 532 2026 pro
548 1966 622 2010 vero
639 1945 742 2010 vicino
763 1950 795 2010 et
820 1950 1038 2010 commetaneo
1059 1965 1169 2008 eorum
1194 1941 1327 2026 pacifice
1354 1963 1472 2007 assum·

349 2051 509 2117 mentibus
535 2059 567 2117 et
591 2051 837 2136 recipientibus,
861 2074 900 2116 ac
927 2050 1135 2116 nihilominus
1169 2050 1289 2115 eisdem
1314 2051 1427 2114 vicinis
1442 2056 1473 2114 et

351 2162 578 2226 commetaneis
597 2160 713 2226 ibidem
731 2166 843 2244 sponte
862 2166 894 2224 et
909 2161 981 2224 viva
996 2181 1072 2224 voce
1097 2159 1277 2224 dicentibus
1293 2165 1326 2224 et
1342 2180 1472 2223 narran-

348 2268 433 2334 tibus
455 2269 614 2352 prelatam
640 2270 872 2352 possessionem
897 2268 1064 2333 Derecher
1088 2275 1234 2333 vocatam
1259 2288 1318 2350 pro
1343 2267 1473 2332 notoriis

346 2377 474 2442 offensis
500 2377 678 2460 supradicti
703 2375 833 2442 Nicolai
864 2375 922 2440 filii
947 2375 1098 2454 Andree,
1128 2375 1277 2440 videlicet
1300 2397 1361 2458 pro
1384 2375 1472 2440 furtu

344 2485 512 2550 latrocinio
529 2505 587 2569 per
603 2484 740 2549 eundem
757 2485 825 2550 sine
841 2483 1078 2550 intermissione
1103 2483 1204 2549 illatis
1220 2490 1253 2548 et
1267 2485 1472 2568 perpetratis,

345 2592 386 2658 ad
403 2595 509 2675 ipsum
526 2592 691 2656 dominum
717 2591 919 2676 Stephanum
944 2591 1117 2676 royvodam
1143 2598 1310 2673 tamquam
1337 2591 1471 2656 iudicem

342 2702 430 2766 licite
447 2705 479 2764 et
495 2700 638 2783 legitime
653 2699 752 2765 luisse
769 2706 803 2764 et
819 2721 887 2764 esse
903 2699 1071 2764 derentam
1088 2705 1121 2764 et
1136 2699 1330 2779 devolutam,
1356 2699 1472 2781 ipsum·

343 2831 405 2891 quc
422 2808 593 2874 Nicolaum
610 2807 713 2873 lilium
729 2808 863 2874 Andree
873 2808 967 2872 velud
978 2807 1142 2892 publicum
1158 2807 1262 2872 furem
1273 2813 1305 2872 et
1315 2805 1472 2872 latronem

343 2942 381 2985 ao
397 2921 557 2983 notorium
582 2918 830 2996 malefactorem,
856 2918 942 2983 dicta
959 2919 1156 3001 possessione
1173 2917 1343 2982 Devecher
1359 2923 1472 2982 vocata

343 3030 471 3094 iusticia
497 3029 650 3093 suadente
676 3028 855 3110 privatum3
883 3031 980 3110 prout
1006 3027 1065 3091 hec
1090 3027 1198 3091 omnia
1223 3027 1381 3110 premissa
1406 3032 1472 3090 tarn

343 3135 507 3220 predictus
533 3135 667 3201 Iwanka
692 3137 786 3201 homo
812 3135 932 3199 domini
963 3135 1058 3216 regis,
1090 3153 1188 3214 quam
1220 3134 1304 3198 idem
1331 3134 1473 3200 Michael

342 3245 477 3310 clericus
493 3245 588 3309 homo
605 3251 713 3309 noster
738 3244 941 3309 concorditer
957 3250 988 3308 et
1004 3243 1076 3306 viva
1091 3263 1166 3308 voce
1182 3241 1366 3308 retulerunt
1381 3248 1414 3306 et
1429 3241 1473 3305 di·

344 3359 461 3417 xerunt
486 3375 593 3418 coram
621 3353 720 3418 nobis.
745 3351 835 3416 Mete
860 3358 968 3416 autem
993 3357 1025 3415 et
1051 3372 1164 3416 cursus
1190 3355 1350 3416 metarum
1376 3351 1474 3434 ipsius

341 3461 549 3542 possessionis
565 3460 732 3525 Devecher
748 3465 867 3541 vocate,
884 3465 981 3543 prout
997 3459 1132 3542 predicti
1151 3459 1296 3524 homines
1313 3464 1347 3522 et
1364 3458 1469 3541 regius

340 3568 461 3634 seilicet
477 3577 510 3634 et
535 3576 644 3635 noster
669 3568 899 3634 reambulando
924 3571 1184 3654 rescripserunt.
1202 3619 1208 3634 .
1224 3577 1421 3654 separantur
1438 3575 1469 3633 et

341 3676 562 3759 distinguntur
578 3677 639 3741 isto
657 3677 768 3742 modo:
798 3676 885 3758 quod
916 3678 1021 3760 primo
1048 3699 1067 3742 a
1093 3683 1187 3761 parte
1218 3678 1421 3744 meridionali
1454 3701 1474 3743 a

342 3789 434 3866 parte
450 3783 524 3848 ville
541 3781 654 3849 Gench
671 3791 781 3849 vocate
806 3784 960 3868 incipitur
985 3786 1019 3848 in
1044 3782 1142 3850 berch
1166 3785 1200 3848 in
1225 3785 1351 3851 duabus
1377 3787 1471 3851 metis

342 3891 488 3972 antiquis
514 3892 636 3969 terreis,
663 3913 801 3972 quarum
819 3914 884 3956 una
899 3915 919 3956 a
934 3899 1027 3976 parte
1047 3893 1303 3976 septemtrionali
1330 3894 1472 3959 existens

342 4019 402 4082 pro
418 3998 585 4064 Devecher
602 3999 725 4064 exstitit
740 4007 902 4078 renovata,
919 4001 984 4065 alia
1008 4021 1083 4066 vero
1100 4007 1149 4066 est
1163 4023 1222 4084 pro
1240 3999 1363 4074 Gench,
1380 4004 1472 4068 iuxta

341 4127 423 4188 quas
440 4128 537 4171 uuam
554 4127 668 4172 noram
685 4113 804 4172 metam
820 4113 959 4172 terream
977 4116 1166 4190 erexerunt3
1182 4109 1221 4174 de
1239 4109 1357 4190 quibus
1375 4110 1408 4174 iu
1427 4131 1476 4174 co·

341 4215 414 4280 dem
438 4214 535 4280 berch
560 4215 664 4280 eundo
689 4237 798 4281 versus
823 4221 949 4300 partem
967 4216 1165 4295 orientalem,
1190 4218 1223 4281 in
1249 4217 1329 4282 silva
1359 4219 1392 4282 in
1407 4217 1478 4283 loco

343 4322 556 4387 Kuzureused
572 4329 682 4388 vocato
700 4329 775 4387 sunt
800 4323 862 4387 due
887 4329 970 4388 mete
986 4329 1091 4388 terreo
1116 4331 1229 4402 erecte,
1256 4345 1320 4388 una
1337 4347 1396 4408 pro
1412 4325 1478 4389 De-

341 4431 455 4496 vecher
471 4437 503 4495 et
519 4430 582 4495 alia
608 4452 667 4514 pro
694 4429 829 4510 (leuch,
853 4430 928 4494 inde
952 4432 1154 4514 procedendo
1170 4431 1212 4497 ad
1228 4438 1356 4516 partem
1374 4431 1479 4498 orien-

347 4539 455 4620 talem,
474 4539 606 4604 exiendo
623 4560 739 4622 parum
756 4539 795 4603 de
812 4537 892 4603 silva
902 4539 944 4604 ad
954 4539 1120 4604 meridiem
1136 4540 1169 4603 in
1185 4539 1255 4605 loco
1266 4537 1479 4605 Kuzurused·

343 4649 395 4735 foy
411 4653 522 4712 vocato
539 4651 615 4711 sunt
631 4645 692 4711 due
710 4653 793 4711 mete
819 4647 953 4728 antique
970 4653 1084 4730 terreo,
1110 4667 1249 4730 quarum
1265 4668 1330 4712 una
1346 4669 1366 4711 a
1382 4655 1479 4732 parte
