3188 5470
317 495 382 560 304
668 513 855 562 nnrooxorn
872 499 1085 560 oxulsrrln.

316 675 423 742 eodem
442 677 597 742 comitatu
616 678 789 756 celebrata,
815 676 972 742 Nicolaus
997 677 1105 742 dictus
1121 675 1272 762 Ohynege
1288 675 1374 744 filius
1391 675 1418 742 J
1419 700 1452 744 o-

315 783 431 848 hannis
447 784 487 848 de
503 785 619 850 Malah
635 785 674 850 de
690 784 796 849 medio
812 783 949 850 aliorum
966 836 973 848 .
991 836 996 848 .
1014 785 1224 868 exsurgendo,
1234 785 1326 852 nobis
1336 786 1452 852 literas

314 897 463 976 petentes
479 893 615 976 capituli
631 893 763 958 ecclesie
780 891 952 975 Agriensis
962 893 995 956 in
1006 893 1126 960 cobus
1140 892 1214 960 festi
1225 893 1452 960 Assumcionis

314 999 447 1082 virginis
464 1001 602 1083 gloriose
618 1001 652 1064 in
668 1022 751 1064 anno
771 1000 893 1064 domini
910 999 961 1064 M⁰
985 999 1105 1066 000110
1122 1001 1228 1068 XLffl⁰
1243 1004 1347 1086 primo
1363 1024 1452 1067 ems-

315 1113 409 1172 natas
434 1108 675 1187 demonstrarit,
691 1109 724 1173 in
750 1108 866 1192 quibus
880 1109 965 1174 inter
981 1116 1090 1175 cetera
1118 1110 1256 1176 vidimus
1280 1111 1451 1188 contineri,

315 1215 399 1296 quod
417 1217 534 1281 comite
551 1216 576 1281 J
578 1217 704 1281 ohanne
721 1237 795 1282 ceco
811 1215 877 1281 filio
894 1216 1045 1282 Marcelli
1061 1217 1119 1282 filii
1135 1218 1227 1284 stn
1237 1219 1276 1283 de
1286 1215 1389 1304 (Buy)
1400 1219 1446 1283 ab

314 1345 387 1404 una,
418 1345 456 1390 ac
487 1325 642 1408 magistro
673 1323 809 1390 Nicoleo
840 1325 926 1390 dicto
958 1323 1111 1409 Ohynege
1136 1326 1203 1392 filio
1228 1327 1391 1394 iohannis
1409 1328 1451 1392 de

313 1430 428 1497 Malah
453 1453 513 1516 pro
538 1453 572 1496 sc
598 1439 630 1496 ct
653 1454 713 1516 pro
739 1427 881 1515 Georgic
913 1432 1015 1498 sratrc
1042 1455 1099 1498 suo
1124 1435 1252 1500 uterino
1284 1443 1378 1520 parte
1403 1435 1449 1500 ab

312 1539 424 1624 altera,
441 1561 548 1606 coram
566 1542 635 1624 ipso
652 1542 794 1624 capitulo
811 1591 817 1604 .
835 1592 841 1606 .
858 1543 1050 1622 constitutis,
1067 1563 1124 1625 per
1140 1544 1277 1610 cundem
1296 1545 1447 1610 comitem

312 1647 498 1714 Jchannem
524 1670 633 1714 cecum
659 1649 859 1733 propositum
885 1649 1064 1714 exstitisset
1089 1651 1171 1715 ..in
1195 1651 1281 1716 hunc
1306 1652 1448 1730 modum,

313 1757 399 1838 quod
416 1757 493 1838 quie
508 1757 604 1822 iidem
621 1757 778 1823 Nicoleus
803 1763 834 1822 et
859 1755 1020 1840 Georgius
1036 1759 1096 1823 filii
1113 1761 1231 1826 sororis
1247 1781 1305 1825 sue
1320 1762 1449 1826 uterine

311 1865 372 1930 sibi
388 1871 486 1930 atunc
501 1865 535 1930 in
551 1865 636 1930 linea
667 1867 973 1950 consangnineitatis
993 1888 1051 1951 pre
1068 1869 1182 1934 ceteris
1198 1871 1332 1934 connexi
1348 1871 1447 1936 exsti-

311 1975 434 2054 tissent,
465 1974 590 2058 ipsique
616 1974 773 2041 Nicolaus
798 1981 831 2040 et
858 1974 1018 2059 Georgius
1044 1997 1083 2041 ac
1107 1975 1237 2043 domina
1268 2000 1359 2044 soror
1386 2001 1445 2044 sua

311 2080 502 2165 Margareta
527 2090 648 2162 vocate,
681 2083 742 2148 sibi
768 2105 828 2168 cpe
853 2104 950 2167 opere
975 2090 1008 2150 et
1032 2084 1165 2150 consilio
1190 2087 1391 2170 complacere
1410 2097 1444 2153 et

310 2190 444 2274 negocia
469 2212 528 2256 sua
544 2190 734 2275 subportare
753 2192 961 2270 curavissent,
990 2191 1092 2259 obhoc
1116 2193 1185 2276 ipse
1210 2201 1280 2259 tum
1305 2217 1365 2278 pro
1390 2195 1442 2261 his

312 2299 483 2364 ethorum
509 2299 676 2380 similibus,
700 2307 770 2366 tnm
802 2302 939 2384 receptis
965 2301 1007 2366 ab
1026 2301 1145 2367 eisdem
1176 2302 1252 2368 filiis
1277 2303 1442 2370 Jchannis

311 2407 529 2490 quadraginta
544 2409 670 2488 marcis,
694 2415 764 2474 turn
781 2411 883 2475 eciam
899 2432 957 2493 pro
974 2409 1180 2494 expedicione
1200 2394 1317 2493 quarte
1333 2413 1445 2478 filialis

309 2515 433 2599 prefate
450 2515 576 2581 domine
593 2518 711 2582 sororis
728 2539 793 2599 sue,
809 2539 849 2583 ac
863 2519 965 2583 eciem
990 2518 1074 2584 dotis
1090 2525 1123 2584 et
1138 2539 1246 2585 rernm
1262 2523 1445 2606 parapher-

308 2624 430 2689 nalinm
447 2625 582 2690 condam
599 2615 726 2690 domine
742 2627 855 2690 matris
882 2647 947 2704 sue,
964 2648 1075 2691 omnes
1091 2627 1259 2711 porciones
1276 2650 1352 2694 suas
1369 2651 1441 2713 pos-

309 2732 519 2798 sessiouarias
534 2733 568 2797 iu
583 2733 837 2818 possessionibus
854 2734 925 2800 Ben
941 2735 975 2799 in
995 2736 1150 2801 comitatu
1166 2735 1205 2800 de
1216 2737 1443 2822 Henesnynsr‚

308 2842 386 2907 item
402 2841 488 2906 Bollr
503 2849 535 2906 et
551 2841 662 2926 Dyuin
678 2843 711 2906 in
730 2842 888 2908 comitatu
904 2843 1121 2921 Borsodiensi‚
1137 2866 1175 2910 ac
1185 2843 1279 2909 Zaka
1295 2847 1330 2910 in
1346 2848 1442 2912 comi-

309 2957 380 3015 tatu
396 2949 436 3014 dc
452 2948 632 3034 Abauynar
649 2950 859 3016 existentibus
885 2951 1015 3016 habites
1031 2999 1038 3016 .
1056 3001 1062 3014 .
1079 2952 1233 3035 predictis
1253 2951 1395 3020 Nicolao
1411 2963 1443 3020 et

309 3055 450 3140 Georgio
467 3078 505 3121 ec
521 3057 647 3122 domine
663 3057 761 3122 matri
777 3057 962 3122 eorumdem
979 3059 1080 3123 sorori
1102 3059 1224 3126 scilicet
1240 3083 1297 3126 sue
1314 3065 1441 3128 uterino

308 3184 346 3228 ac
356 3163 500 3246 ipsorum
509 3164 681 3230 heredibus
691 3165 833 3230 dedisset
849 3214 855 3230 .
873 3217 879 3231 .
896 3167 1280 3250 perpetuopcssidendas.
1291 3167 1441 3253 Quarum

307 3272 436 3354 quidem
461 3272 631 3338 literarum
656 3273 855 3338 exhibicione
880 3274 999 3340 sacta.
1028 3325 1034 3340 .
1060 3284 1256 3342 memoratus
1282 3276 1440 3344 Nicolaus

307 3379 392 3444 filius
409 3379 572 3444 Johannis
598 3402 655 3446 nos
671 3381 704 3444 in
721 3403 757 3446 eo
783 3380 919 3464 petivit.
937 3431 943 3444 .
960 3389 997 3447 ut
1023 3382 1055 3447 id
1080 3385 1202 3466 requiri
1220 3437 1225 3449 .
1243 3435 1249 3449 .
1266 3387 1300 3450 in
1326 3387 1440 3452 cadem

307 3489 558 3571 congregacione
569 3494 680 3553 nostra
698 3487 886 3568 faceremus,
902 3497 1013 3555 utrum
1029 3491 1133 3574 aliqui
1143 3492 1176 3556 in
1187 3492 1273 3558 fecto
1282 3497 1440 3577 premisse

306 3596 555 3680 possessionarie
571 3597 731 3681 porcionis
746 3597 780 3660 in
796 3597 883 3663 dicta
898 3601 1098 3681 possessione
1109 3599 1186 3664 Bou
1202 3599 1312 3666 habite
1330 3603 1392 3668 sibi
1409 3653 1416 3666 .
1432 3653 1439 3668 .

304 3724 362 3786 per
377 3704 557 3786 predictum
573 3704 759 3768 Johannem
775 3725 885 3769 cecum
902 3757 908 3769 .
926 3755 932 3769 .
949 3705 1074 3788 collate,
1086 3707 1258 3790 quitquam
1278 3707 1386 3776 dicere
1403 3719 1436 3776 et

306 3811 435 3876 obviare
444 3811 601 3876 haberent
611 3817 668 3876 aut
677 3832 730 3892 ne;
747 3832 885 3894 cumque
902 3834 960 3878 nos
978 3813 1049 3878 ..in
1060 3814 1172 3880 eudem
1183 3819 1437 3900 congregacione

306 3927 415 3985 nostra
430 3921 491 3984 hoc
507 3919 727 4002 quampluries
743 3921 865 4002 requiri
882 3928 915 3986 et
929 3923 1124 4006 interrogari
1143 3921 1329 3990 fecissemus
1346 3976 1352 3990 .
1373 3975 1380 3989 .
1396 3927 1437 3992 ed

306 4029 394 4111 ipsas
410 4027 567 4111 plurimas
584 4078 590 4091 .
608 4078 614 4091 .
632 4029 860 4112 requisiciones
877 4031 985 4096 nullus
1002 4053 1099 4116 snper
1109 4031 1193 4098 facto
1204 4040 1351 4117 pretecte
1368 4057 1437 4119 pos·

304 4136 494 4201 sessionarie
509 4135 669 4220 porcionis
686 4136 719 4200 in
735 4135 820 4202 dicta
831 4139 902 4203 Beu
918 4139 1027 4204 habite
1043 4140 1153 4223 aliquo
1169 4141 1437 4209 contradiccicnis

305 4243 470 4310 obstaculo
486 4244 589 4309 eidem
606 4241 742 4309 Nicolao
759 4245 845 4310 dicto
865 4245 1016 4332 Ohynege
1042 4249 1187 4314 obviavit.
1204 4247 1331 4316 Datum
1348 4259 1437 4317 sexto

304 4351 356 4416 die
372 4353 457 4418 dicte
473 4353 734 4436 congregacionis
751 4360 868 4437 nostre,
885 4357 918 4420 in
935 4357 1005 4422 loco
1021 4365 1199 4440 prenotato,
1213 4381 1299 4424 anno
1315 4360 1437 4426 domini

304 4459 357 4523 Μο
382 4457 502 4527 000Ῑῃο
519 4459 623 4524 XLm⁰
640 4479 731 4526 nono.

410 4586 563 4650 Httlapjtn
576 4587 667 4650 peccet
680 4589 857 4654 nyomaival;
879 4588 1009 4654 eredetije
1026 4607 1042 4640 a
1055 4590 1088 4640 N.
1103 4593 1298 4659 Marcoman,
1312 4609 1329 4644 a
1344 4595 1435 4646 Kore-

304 4674 371 4726 csesi
384 4675 474 4725 Dones
487 4692 523 4726 cu.
536 4677 672 4727 ltrirsiban.
