3188 5470
572 521 669 582 1349.
687 523 759 582 uir.
779 521 828 580 19.
1200 521 1261 580 281

127 697 324 762 cimiterium
341 703 373 762 et
389 696 548 780 capellam
564 697 668 778 ipsam
684 696 773 762 vadit
797 718 855 780 per
881 698 985 762 vicum
1011 697 1152 762 eiusdem
1178 696 1262 774 ville,

125 803 327 870 transeundo
351 805 462 870 villam
487 803 631 888 pervenit
656 804 689 867 in
714 803 778 868 fine
803 805 945 870 eiusdem
970 804 1045 870 ville
1072 804 1113 870 nd
1129 806 1263 872 dumum

125 911 392 997 rekethyabnlrur
425 911 481 977 ubi
506 917 556 977 est
589 917 676 976 meta
701 918 826 994 terrea,
866 911 979 978 exinde
1014 913 1057 978 ad
1082 913 1262 998 predictam

124 1023 287 1104 piscinam
318 1021 484 1087 Darolcha
509 1020 706 1086 transeundo
731 1021 834 1106 ipsam
859 1022 1015 1106 piscinam
1041 1043 1099 1107 per
1122 1020 1264 1087 medium

126 1137 160 1194 et
177 1129 268 1194 radit
284 1129 369 1194 circa
384 1127 410 1194 J
410 1128 550 1195 aroufulr
566 1135 598 1193 et
613 1129 759 1213 pervenit
784 1130 825 1194 ad
841 1129 990 1196 arborem
1015 1129 1099 1214 fyzla
1121 1130 1182 1195 sub
1199 1151 1264 1212 qua

126 1243 178 1302 est
196 1243 282 1303 meta
298 1245 414 1316 terrea,
437 1238 512 1303 inde
527 1238 594 1303 itur
610 1259 667 1322 per
686 1260 783 1304 unam
799 1240 885 1304 viam
909 1240 952 1305 ad
976 1239 1081 1304 locum
1097 1238 1263 1323 Nogteluk

125 1346 263 1422 dictum,
279 1346 353 1411 inde
370 1366 427 1430 per
443 1345 576 1411 eandem
593 1347 678 1413 viam
704 1348 890 1431 proceditur
906 1347 948 1412 ad
962 1347 1120 1430 piscinam
1136 1346 1264 1412 Islrolth

127 1454 184 1520 ubi
203 1461 254 1521 eet
269 1462 357 1522 meta
371 1461 488 1534 terrea,
512 1456 629 1522 abinde
649 1457 690 1522 ad
716 1463 843 1542 partem
868 1455 1111 1521 meridionalem
1127 1456 1263 1520 venitin

125 1563 241 1628 eodem
259 1563 356 1629 fluvio
372 1564 500 1630 Islrolth
518 1565 558 1631 ad
584 1565 688 1630 locum
715 1564 769 1630 ubi
786 1564 825 1629 de
841 1565 911 1648 ipso
928 1563 1024 1629 fluvio
1041 1565 1108 1628 exit
1125 1563 1263 1645 quedam

124 1671 254 1755 piscina
270 1673 458 1756 Hergastho
469 1673 565 1756 dicta,
576 1680 609 1738 et
619 1673 660 1739 ab
670 1674 741 1756 ipso
757 1673 825 1740 loco
842 1673 875 1737 in
892 1672 1003 1738 eodem
1019 1670 1117 1736 fluvio
1133 1671 1262 1738 Iskolth

125 1781 215 1846 venit
231 1780 275 1846 ad
291 1781 395 1846 locum
423 1782 478 1847 nbi
498 1783 645 1866 predicta
670 1783 794 1866 piscina
819 1781 1007 1868 Horgastho
1031 1782 1206 1846 revertitur
1222 1783 1265 1847 ad

125 1889 310 1972 predictum
335 1888 467 1956 flurium
493 1890 621 1956 Iskolth
647 1891 687 1956 ad
714 1890 860 1962 arborem
886 1889 1015 1956 thulin
1042 1889 1154 1956 eadem
1178 1909 1266 1972 aque

127 2003 284 2074 stantem,
316 2004 347 2062 et
363 1998 396 2061 in
413 2000 525 2065 eadem
541 2000 666 2082 piscina
684 1999 851 2082 paulisper
867 1999 971 2064 eundo
996 1997 1063 2062 exit
1086 1997 1126 2061 dc
1152 1995 1264 2062 eadem

124 2127 186 2188 per
213 2105 368 2188 angulum
395 2105 539 2171 eiusdem
564 2106 605 2170 ad
631 2127 728 2171 unam
754 2113 873 2172 metam
888 2113 1039 2187 terream,
1064 2104 1138 2170 inde
1154 2127 1264 2170 versus

123 2213 707 2279 meridiemeundovenitaddumum
717 2211 1264 2297 Nogthourelrethyehnkurdictum

124 2327 159 2386 et
177 2343 238 2404 per
255 2320 396 2386 medium
413 2319 555 2385 eiusdem
572 2320 659 2385 dumi
686 2321 774 2384 venit
799 2320 841 2386 ad
865 2319 989 2384 foveam
1015 2318 1206 2404 Rouazlyuk
1223 2319 1264 2383 ad

124 2436 250 2494 metam
278 2435 425 2506 terream,
456 2427 571 2492 deiude
603 2427 805 2510 procedendo
836 2428 955 2493 transit
986 2428 1149 2508 quandam
1180 2427 1263 2492 viam

125 2559 241 2602 versus
268 2536 434 2602 meridiem
460 2543 493 2600 et
517 2537 604 2602 venit
628 2535 667 2600 ad
693 2535 825 2602 fluvium
850 2535 937 2601 Ebes
962 2543 994 2600 et
1018 2536 1104 2602 circa
1128 2534 1263 2599 eundern

124 2645 263 2710 flurium
280 2650 408 2728 aparte
425 2643 628 2708 meridionali
654 2645 696 2709 ad
721 2650 842 2710 metam
868 2649 1009 2708 terream
1026 2645 1112 2710 circa
1129 2643 1263 2708 eundem

126 2753 263 2818 fluvium
280 2751 366 2816 Elbes
383 2757 531 2830 erectam,
547 2751 665 2816 abhinc
681 2750 768 2816 circa
784 2751 891 2835 ipsum
906 2749 1039 2816 fluvium
1055 2752 1142 2817 Ebes
1159 2773 1179 2814 a
1193 2771 1263 2834 pre-

124 2862 216 2927 dicta
232 2867 327 2944 parte
343 2859 547 2926 meridionali
563 2859 668 2924 eundo
684 2859 926 2926 veniretversus
943 2862 1204 2944 septemtrionem
1221 2861 1263 2925 ad

124 2991 227 3034 unum
254 2967 309 3032 lolr
334 2968 390 3050 qui
414 2969 481 3033 exit
505 2967 544 3034 de
569 2968 715 3052 predicta
740 2988 826 3050 aqua
852 2968 948 3047 ebes,
983 2968 1038 3032 ubi
1064 2973 1148 3033 esset
1173 2975 1261 3034 meta

128 3084 239 3143 terrea
257 3076 433 3160 angularis,
450 3076 565 3142 deinde
581 3075 767 3142 transiendo
792 3078 861 3160 ipso
887 3076 942 3142 lolr
966 3078 1054 3142 venit
1077 3077 1118 3142 ad
1143 3083 1263 3143 metam

124 3191 216 3254 circa
231 3187 417 3272 predictum
432 3185 564 3252 fluvium
580 3186 670 3250 Ebea
687 3192 838 3268 erectam,
856 3206 918 3269 que
946 3186 1076 3268 quidam
1093 3191 1159 3250 tres
1176 3190 1262 3250 mete

122 3303 231 3364 totam
248 3297 355 3380 ipsam
371 3313 490 3374 aquam
506 3293 594 3358 Ebes
619 3292 746 3376 prefato
770 3294 927 3377 magistro
943 3293 1061 3376 Philpe
1077 3293 1119 3357 ad
1136 3313 1258 3377 posses·

123 3409 234 3472 aiones
270 3403 482 3487 supradictae,
509 3409 629 3468 terram
664 3409 773 3468 autem
799 3403 924 3468 aridam
949 3425 969 3466 a
994 3409 1087 3486 parte
1113 3401 1261 3466 orientali

123 3516 324 3580 existentem
349 3511 502 3576 Ladislao
527 3509 595 3575 filio
620 3507 754 3574 Andros
781 3509 823 3574 ad
847 3511 1079 3594 possessionem
1096 3531 1187 3576 suam
1202 3509 1264 3574 Pe·

122 3621 202 3688 tnrd
218 3627 369 3686 vocatam
385 3625 419 3684 et
435 3618 601 3702 Stephano
612 3618 651 3682 de
660 3617 820 3683 Beremen
829 3619 871 3683 ad
881 3619 1015 3684 eandem
1031 3619 1264 3702 possessionem

123 3731 292 3796 Beremen
309 3735 462 3812 separant
478 3733 510 3792 et
525 3727 715 3810 distingunt,
732 3731 764 3791 at
774 3726 891 3792 abinde
907 3728 995 3793 venit
1013 3727 1055 3792 ad
1071 3731 1176 3792 metas
1192 3747 1263 3812 pos·

123 3837 282 3904 sessionis
307 3836 452 3918 Henohe‚
478 3835 589 3917 ibique
614 3835 842 3900 terminantur.
873 3835 915 3900 In
942 3857 1079 3919 quarum
1105 3842 1264 3900 metarum

125 3944 393 4011 reamhnlacione
410 3950 442 4009 et
458 3943 667 4008 distincoione
678 3941 786 4007 nullus
796 3943 926 4025 penitus
937 3943 1153 4008 contradictor
1169 3943 1264 4008 exsti-

123 4055 239 4133 tisset3
264 4051 446 4117 retulerunt
461 4051 561 4115 eciam
577 4050 674 4114 iidem
699 4050 843 4116 homines
868 4050 988 4116 domini
1013 4053 1114 4116 nostri
1131 4051 1216 4134 regis
1232 4058 1265 4116 et

124 4167 277 4228 nostrum
295 4158 523 4236 testimonium,
540 4157 626 4241 quod
642 4157 782 4223 universi
798 4157 893 4222 vicini
910 4163 943 4223 et
958 4159 1178 4237 commetanei‚
1195 4179 1264 4242 spe-

125 4269 257 4337 cialiter
278 4273 387 4333 autem
413 4267 551 4350 predicti
576 4265 731 4349 magister
757 4263 942 4350 Stephanus
966 4265 1051 4331 filius
1075 4265 1175 4345 Bake,
1200 4267 1263 4332 La·

125 4378 253 4444 dislans
271 4376 358 4440 filius
375 4373 509 4440 Andree
534 4381 566 4439 et
591 4372 776 4458 Stephanus
801 4373 841 4439 de
866 4376 1025 4442 Beremen
1050 4376 1264 4459 personaliter

124 4489 159 4552 in
185 4485 271 4550 facie
297 4484 457 4550 dictarum
482 4483 719 4567 possessionum
744 4489 975 4568 comparentes,
1005 4484 1264 4568 prenominatum

125 4593 324 4678 magistrum
341 4592 458 4676 Philpe
475 4592 509 4656 in
525 4590 669 4674 ipsorum
684 4591 825 4656 vicinum
850 4599 882 4657 et
907 4597 1162 4659 commetaneum
1178 4612 1263 4658 rece-

125 4703 255 4788 pissent
271 4707 303 4766 et
319 4701 555 4778 assumsissent,
567 4698 643 4764 etin
654 4697 832 4766 dominium
848 4699 1009 4768 dictarum
1024 4700 1263 4786 possessionum
