3192 5466
346 496 411 562 260
699 507 886 554 surounonr
903 491 1117 552 onuluvrlv.

393 673 453 736 hoc
469 670 676 737 nihilominus
693 669 828 748 adiect0,
852 669 936 752 quod
953 673 1207 753 prememoratos
1234 667 1398 734 dominum
1415 667 1480 752 ple-

345 781 463 846 banum
480 785 513 844 et
528 780 668 846 Haunus
685 780 785 844 civem
802 799 840 842 ac
858 779 899 843 ad
915 800 995 862 quos
1012 800 1070 862 per
1085 779 1171 862 ipsos
1192 778 1303 843 eadem
1319 779 1479 870 possessio

346 889 476 956 vendita
492 889 685 954 successorio
707 909 762 952 seu
788 908 826 952 ex
852 887 1027 952 donacione
1052 887 1268 970 qualicunque
1284 887 1479 964 devolvetur,

346 996 387 1060 ab
413 995 559 1060 omnibus
585 1048 614 1062 ..
643 994 880 1078 impetitoribus
906 1047 937 1060 ..
964 996 1092 1060 racione
1117 995 1327 1077 possessionis
1354 995 1479 1060 vendite

345 1104 501 1187 predicte,
515 1103 600 1168 idem
616 1104 641 1168 J
643 1104 785 1169 ohannes
802 1109 835 1167 et
851 1103 913 1168 filii
930 1105 979 1167 sui
997 1153 1003 1167 .
1020 1153 1027 1168 .
1043 1125 1115 1168 oum
1132 1104 1317 1188 gravamine
1342 1105 1478 1170 aliarum

345 1232 476 1278 suarum
501 1213 736 1296 possessionum
753 1218 785 1276 et
801 1232 909 1276 rerum
926 1211 1093 1276 mobilium
1110 1218 1143 1276 et
1159 1211 1368 1289 ¹immobilium
1385 1233 1478 1297 expe

347 1321 417 1386 dire
442 1328 629 1388 tenerentur
655 1373 684 1388 ..
713 1343 751 1386 ac
776 1323 809 1386 in
835 1321 975 1386 dominio
1002 1321 1144 1386 eiusdem
1162 1321 1244 1385 etin
1270 1322 1478 1405 percepcione

345 1430 524 1496 utilitatum
534 1453 665 1496 suarum
683 1485 688 1496 .
707 1483 713 1497 .
731 1436 843 1496 eontra
860 1429 1020 1513 quoslibet
1030 1431 1063 1493 in
1073 1421 1265 1513 perpetuum
1282 1450 1476 1504 conservare,

346 1540 495 1604 universa
520 1561 619 1604 onera
653 1539 786 1605 eandem
820 1539 1052 1622 possessiouem
1088 1538 1249 1604 venditam
1263 1539 1307 1602 'in
1333 1537 1477 1602 futurum

313 1668 317 1677 “
346 1647 570 1730 contingenoia
586 1647 814 1732 supportando
841 1653 872 1712 et
888 1645 1023 1712 servicia
1048 1669 1086 1711 ac
1111 1647 1290 1712 soluciones
1315 1648 1477 1712 occasione

346 1754 499 1821 debencia
524 1757 666 1822 eiusdem
683 1763 716 1820 et
736 1755 888 1820 debentes
913 1755 1058 1820 faciendo
1076 1806 1106 1822 ..
1133 1756 1257 1820 Datum
1283 1755 1365 1820 feria
1390 1763 1478 1818 sexta

346 1864 494 1944 proxima
510 1870 585 1928 ante
601 1863 718 1928 festum
736 1863 983 1928 Purificacionis
1002 1863 1135 1946 virginis
1153 1863 1298 1945 gloriose,
1324 1883 1409 1926 anno
1425 1862 1477 1926 do-

345 1971 424 2036 mini
441 1971 493 2034 Μο
517 1970 638 2036 GGGffl⁰
655 1972 759 2036 ΧΨ
776 1993 867 2036 nono.

456 2151 481 2201 A
495 2153 597 2215 szspesi
611 2152 803 2214 kaptalannak
825 2157 900 2201 1349.
914 2157 983 2214 sept.
998 2152 1060 2200 len
1074 2151 1212 2201 kiallltott
1226 2152 1385 2214 ttiratabbl,
1406 2154 1476 2214 mely

347 2241 429 2292 iamet
442 2242 472 2292 tt
485 2257 540 2296 van
553 2243 613 2292 irva
625 2243 786 2308 ugysnesak
799 2257 815 2292 a
829 2244 930 2305 schssi
955 2243 1147 2306 ktptelannak
1169 2244 1301 2293 1361-ben
1315 2244 1383 2292 febr.
1399 2245 1475 2292 12-en

351 2333 410 2382 kelt
424 2332 620 2398 oklsveleben3
640 2334 714 2395 moly
736 2332 833 2382 utobbi
856 2348 872 2381 a
894 2334 1019 2396 Barczay
1033 2349 1068 2382 cs.
1083 2332 1273 2382 levelts'rraban
1296 2331 1412 2381 XXXV.
1435 2337 1474 2382 46.

348 2423 423 2471 eadm
436 2423 509 2472 alatt
522 2423 662 2474 briztetik.

873 2803 945 2864 134.

347 2963 444 3027 1349.
453 2957 539 3045 febr.
557 2964 608 3026 28.
631 2958 659 3024 Α
673 2962 870 3046 paraveredi
886 2973 1019 3027 convent
1036 2963 1110 3026 elta
1126 2961 1264 3046 Gerpely
1278 2964 1476 3047 pe'esoa'radv'
1578 2929 1579 2934 η

342 3070 470 3155 polpctr,
484 3069 582 3154 Nopy
598 3069 747 3132 Kelemen
761 3071 807 3150 fia
826 3068 962 3155 Gerpely
979 3072 1142 3136 comesset
1159 3093 1217 3156 epp
1232 3072 1311 3134 rotet
1327 3072 1379 3136 ke't
1393 3077 1475 3136 metr·

814 3179 906 3244 boort
924 3178 1004 3242 elad.

454 3355 525 3421 Nos
551 3361 725 3420 conventus
750 3357 937 3422 monasterii
963 3355 1188 3422 Waradiensis
1218 3358 1371 3422 memorie
1394 3377 1476 3423 eom·

346 3464 535 3529 mendamus
552 3483 611 3546 per
626 3469 800 3546 presentes,
817 3465 903 3546 quod
918 3465 1103 3529 constitutis
1130 3486 1238 3530 coram
1263 3465 1356 3532 nobis
1372 3486 1476 3550 perso

346 3571 465 3637 naliter
481 3569 640 3654 Gregorio
666 3578 699 3636 et
722 3571 885 3637 Michaele
910 3571 988 3638 filiis
1013 3572 1038 3637 J
1040 3573 1175 3638 ohannis
1201 3573 1261 3638 filii
1278 3574 1423 3640 Balakor
1438 3575 1476 3638 de

346 3680 475 3745 civitate
491 3679 701 3745 Waradiensi
718 3680 760 3744 ab
776 3701 841 3744 une
856 3686 959 3764 parte,
985 3682 1063 3745 item
1089 3683 1204 3746 comite
1231 3679 1391 3766 Gregorio
1408 3682 1476 3748 fdie
1575 3747 1576 3763 ,

346 3785 505 3854 Kelemen
521 3789 630 3872 magni
647 3788 686 3853 de
702 3787 814 3853 eadem
840 3789 969 3853 civitate
985 3789 1194 3854 Waradiensi
1211 3789 1252 3853 ab
1269 3791 1382 3868 altera,
1406 3812 1476 3874 pre·

345 3896 501 3964 nominati
517 3895 695 3981 Gregorius
706 3897 889 3962 etMichael
906 3903 981 3962 sunt
996 3897 1130 3962 confessi
1149 3949 1155 3963 .
1173 3947 1180 3960 .
1198 3897 1282 3980 qnod
1299 3898 1361 3981 ipsi
1377 3899 1475 3982 quod·
1574 3959 1575 3962 ,

346 4003 419 4066 dam
435 4003 578 4068 feretum
603 4007 745 4088 ipsorum
762 4006 795 4068 in
811 4005 975 4070 territorio
994 4005 1137 4089 predicte
1163 4004 1388 4070 Waradiensis
1404 4007 1477 4072 civi·

346 4107 426 4172 tatis
449 4109 541 4174 iuxta
565 4113 724 4194 quendam
749 4113 961 4178 monticulum
985 4115 1019 4178 in
1044 4115 1139 4197 vulgo
1156 4115 1329 4198 Barousag
1354 4115 1475 4180 dictum

347 4221 470 4299 aparte
480 4219 613 4282 orientis
629 4219 786 4302 adiacens,
804 4220 927 4286 habeus
943 4222 1063 4287 vicinos
1074 4229 1107 4286 et
1117 4223 1363 4288 conterminales
1379 4245 1477 4306 queu-

346 4322 421 4387 dam
436 4325 575 4388 rivulum
591 4323 632 4389 ab
648 4326 779 4404 oriente,
796 4327 980 4394 Dionisium
997 4329 1102 4394 filium
1111 4329 1280 4396 Vinceucii
1298 4353 1317 4394 a
1334 4331 1476 4396 meridie.
1572 4401 1573 4410 ,

346 4430 526 4514 predictum
542 4433 753 4498 monticulum
773 4457 793 4498 a
818 4443 912 4518 parte
938 4437 1111 4502 occidentis
1136 4444 1168 4516 et
1194 4459 1214 4502 a
1240 4441 1477 4521 septemtrione,
1572 4419 1573 4422 Ἴ

347 4539 532 4620 supradicto
564 4544 671 4606 comiti
697 4539 856 4627 Gregorio
882 4567 940 4628 pro
971 4545 1095 4612 duobus
1127 4547 1246 4612 marcis
1271 4547 1476 4612 denariorum

346 4645 520 4728 banalinm,
553 4669 693 4714 marcam
725 4650 902 4732 quamlibet
933 4674 1004 4718 cum
1036 4675 1091 4718 sex
1112 4655 1219 4739 pensis
1251 4653 1477 4738 computando,
