3180 5470
584 535 679 596 1350.
696 551 766 595 oar.
784 535 812 596 ὅ.
907 559 915 580 ·

658 750 732 813 250.

132 912 226 977 1350.
243 923 298 975 oct.
314 912 344 974 5.
369 909 398 974 A
419 914 567 997 posscpci
591 911 749 996 kdptolua
774 912 803 974 I.
821 909 929 994 ,Lajos
947 909 1121 996 kircilynalc
1137 909 1262 994 jeleali,

130 1021 208 1105 bogp
226 1019 334 1082 Becsei
349 1009 436 1082 Imrb
443 1020 496 1102 fia
516 1019 620 1085 Tb'ttb's
636 1018 768 1085 aeotbea
785 1017 862 1082 Zela
876 1025 956 1080 acolt
973 1017 1075 1082 birtolc
1099 1015 1263 1102 clidepeaa'·

348 1127 453 1192 tc'se'tr'r'l
468 1129 604 1194 Peterkc
611 1128 689 1209 ficit
707 1129 738 1191 e‘a
753 1127 913 1192 tdrsac‘kot
927 1128 1038 1193 iatette.

237 1339 268 1356 ..
293 1290 454 1356 Lodorioo
485 1341 519 1356 ..
546 1291 616 1372 regi
653 1289 826 1373 Hungarie
857 1288 1092 1372 ..capitulum
1131 1287 1263 1353 ecclesie

129 1399 214 1466 beati
240 1399 333 1464 Petri
357 1398 397 1463 de
423 1399 553 1482 Pasage
585 1448 615 1464 ..
640 1399 793 1481 Receptis
818 1398 922 1463 literis
950 1403 1055 1462 vestre
1080 1397 1263 1462 serenitatis

133 1529 229 1591 super
245 1507 332 1573 facto
347 1505 552 1572 inhibicionis
569 1513 602 1571 et
627 1505 893 1572 contradiccionis
910 1505 1127 1588 quorumdum
1141 1524 1263 1587 posses·

130 1616 257 1683 sionum
282 1623 316 1680 et
337 1615 664 1700 possessionariarum
680 1615 869 1698 porcionum
887 1613 1035 1696 magistri
1061 1613 1182 1678 Tantos
1205 1611 1264 1676 filii

130 1723 274 1790 Emerici
291 1725 330 1789 de
346 1723 475 1808 Bechey
491 1725 525 1788 in
541 1723 691 1788 districtu
708 1723 815 1808 Blyna
834 1721 896 1786 sibi
920 1721 1099 1786 vicinarum
1116 1726 1148 1784 et
1167 1719 1265 1784 conti-

130 1853 277 1916 guarum,
294 1838 327 1896 et
343 1831 506 1916 speciliter
531 1833 763 1915 possessionem
789 1830 870 1895 Zela
893 1835 1049 1907 vocatam,
1066 1849 1163 1912 quam
1196 1827 1264 1912 ipse

130 1941 286 2022 magister
310 1939 432 2006 Teutas
448 1961 521 2006 oum
537 1938 730 2023 quibusdam
754 1937 914 2003 nobilibus
939 1943 972 2002 et
995 1935 1178 2022 specialiter
1195 1934 1264 2002 Ste-

130 2049 258 2130 phanus
289 2053 322 2111 et
355 2045 442 2112 Jvan
466 2045 542 2112 filiis
566 2045 715 2111 Peterha‘
733 2067 772 2111 ao
797 2044 957 2129 Gregorio
986 2044 1052 2109 filio
1076 2041 1265 2111 Leustaohii

129 2153 373 2238 particulariter
389 2154 552 2237 possidere
568 2153 755 2232 dinoscitur,
772 2174 844 2218 cum
869 2153 1002 2236 homine¹
1013 2157 1118 2216 vestre
1144 2151 1266 2234 magni·

131 2262 262 2339 tudinis,
288 2261 437 2328 videlicet
467 2260 605 2326 Nicolao
629 2260 695 2326 filio
714 2258 867 2345 Ohepani,
892 2261 1084 2343 magistrum
1115 2261 1266 2327 Oosmam

131 2370 298 2436 notarium
323 2377 358 2435 et
385 2371 637 2436 concanonicum
662 2376 817 2448 nostrum,
842 2369 1003 2435 hominem
1028 2374 1173 2434 nostrum
1204 2367 1267 2431 fide

131 2480 266 2562 dignum
292 2500 351 2561 pro
367 2478 551 2544 testimonio
567 2477 717 2544 duximus
728 2477 973 2558 destinandum;
990 2477 1045 2560 qui
1064 2475 1267 2560 postmodum

130 2588 230 2655 homo
247 2593 354 2652 vestre
370 2585 612 2672 magnificencie
637 2593 671 2651 et
693 2592 802 2652 noster
833 2635 863 2651 ..
887 2585 1078 2662 retulerunt,
1104 2583 1189 2668 quod
1204 2583 1266 2666 ipsi

134 2696 176 2761 ad
192 2695 294 2760 facies
310 2693 532 2778 quarumlibet
555 2694 794 2777 possessionum
808 2700 840 2758 et
855 2693 1179 2777 possessionariarum
1195 2711 1267 2774 por-

67 2826 69 2830 ·
130 2808 260 2873 cionum
287 2805 322 2870 in
345 2805 511 2871 vicinitate
536 2811 568 2868 et
592 2803 871 2870 commetaneitate
899 2803 1045 2886 magistri
1065 2802 1185 2867 Teutos
1208 2799 1267 2864 filii

130 2915 269 2982 Emirioi
285 2913 503 2992 existenoium,
531 2913 566 2977 in
590 2912 741 2979 districtu
757 2912 864 2996 Blyna
887 2910 1082 2993 habitarum,
1099 2915 1132 2975 et
1147 2908 1266 2992 specia-

130 3023 208 3088 liter
223 3021 266 3088 ad
282 3022 514 3106 possessionem
530 3021 611 3086 Zela
626 3027 771 3086 vocatam
797 3019 1014 3097 accessissent,
1034 3017 1143 3101 ibique
1159 3036 1268 3082 omnes

130 3131 254 3196 ricinos
270 3135 304 3195 et
319 3135 553 3196 commetaneos
569 3129 646 3194 dicti
661 3129 810 3211 magistri
825 3127 947 3193 Teutos
958 3132 990 3192 et
1006 3127 1189 3212 specialiter
1199 3123 1270 3191 Ste-

131 3239 280 3324 phanum
296 3245 329 3303 et
345 3237 435 3304 Iwan
451 3237 534 3304 filios
550 3236 693 3302 Peterka
707 3257 746 3301 ao
762 3233 955 3319 Gregorium
965 3235 1067 3302 filium
1082 3231 1269 3302 Leustachii

131 3345 307 3432 predictos
323 3367 344 3410 a
359 3345 545 3410 vendicione
561 3343 836 3428 impignoraoione
852 3347 885 3407 et
910 3341 1134 3426 quoquomodo
1150 3335 1269 3406 aliena·

131 3457 226 3520 cione
243 3452 405 3519 dictarum
419 3453 656 3537 possessionum
673 3457 705 3516 et
723 3451 1050 3535 possessionariarum
1075 3449 1269 3533 porcionum,

132 3564 218 3628 alios
234 3577 309 3628 vero
325 3561 485 3646 quoslibet
500 3566 534 3626 et
550 3559 733 3644 specialiter
744 3600 746 3606 .
758 3559 784 3624 J
785 3559 952 3638 ohannem,
967 3561 1100 3626 Marcus
1117 3563 1150 3623 et
1166 3559 1268 3622 Luca·

133 3671 247 3739 chium
263 3669 345 3736 filios
355 3669 501 3754 Philippi
511 3690 549 3734 ac
558 3668 642 3734 filios
653 3668 847 3746 eorumdem,
856 3667 968 3737 Vrach
982 3667 1086 3734 filium
1095 3665 1271 3749 Vrachyna

133 3785 170 3845 et
194 3779 331 3844 Petrum
355 3776 458 3844 lilium
483 3777 627 3842 eiusdem
657 3775 779 3858 Vrach,
804 3773 973 3842 Andream
1004 3781 1038 3840 et
1069 3773 1270 3856 Stephanum

132 3887 221 3952 filios
236 3885 358 3953 Varisa
382 3885 421 3950 de
438 3883 570 3951 Sornow
594 3907 632 3951 ac
656 3883 739 3950 filios
766 3883 958 3962 eorumdem,
984 3883 1025 3948 ab
1046 3881 1188 3948 emoione
1212 3899 1271 3962 pro

132 3996 272 4081 pignore
287 3993 473 4077 recepcione
489 4000 522 4059 et
537 4016 570 4060 se
585 3993 679 4060 modo
705 4013 898 4077 quocunque
913 3992 952 4057 de
968 3991 1087 4056 eisdem
1111 3987 1270 4054 intromis-

133 4105 228 4171 sione
252 4101 494 4186 prohibuissent
519 4109 552 4167 et
577 4101 800 4167 inhibuissent.
832 4101 956 4167 Datum
981 4099 1061 4164 feria
1080 4096 1183 4162 tercia
1198 4115 1271 4179 pro·

132 4213 227 4280 xima
251 4217 326 4296 post
355 4210 473 4278 festum
503 4210 590 4276 beati
614 4209 788 4277 Michaelis
814 4207 1009 4292 archangeli,
1036 4228 1120 4272 anno
1151 4203 1271 4269 domini

135 4321 193 4388 M⁰
222 4319 344 4388 OOCmo
367 4318 644 4401 quinquagesimo,

249 4481 403 4546 Httlapjan
416 4481 508 4545 pecstt
521 4481 725 4544 ttredeheivel;
745 4477 874 4542 credetije
897 4491 930 4528 aa
953 4493 1021 4528 orsz,
1045 4479 1076 4528 lt.
1090 4475 1190 4528 kinoet.
1205 4481 1271 4528 oszt.

135 4578 172 4628 N.
188 4579 222 4626 R.
237 4576 272 4624 Α.
286 4579 345 4625 520.
363 4579 403 4623 17.
418 4573 486 4635 dipl.
500 4579 569 4622 oszt.
584 4577 663 4622 4150.
683 4571 780 4638 Kozli:
801 4569 909 4618 Kovtos
921 4569 955 4620 N.
