3192 5466
557 518 651 581 1349.
669 535 768 581 utar.
786 519 838 582 20.

649 845 721 906 140.

123 1023 213 1087 1349.
232 1021 340 1102 Bada,
358 1034 450 1087 mart.
464 1025 516 1087 20.
534 1021 666 1088 Caurrdd
682 1024 866 1106 eazterpomi
882 1023 971 1090 draek
987 1021 1102 1088 Chelen
1116 1019 1254 1100 111181111-

241 1133 302 1196 dor
315 1132 440 1210 ficirrak
458 1157 515 1217 cyp
531 1131 714 1216 kilka‘polna
732 1133 884 1214 epitdse're
902 1132 1065 1216 eapeddlyt
1081 1132 1133 1194 erl.

227 1309 297 1376 Noa
314 1309 524 1376 Chanadinus
541 1361 547 1374 .
565 1361 572 1374 .
589 1311 847 1396 archiepiscopus
873 1309 1102 1394 strigoniensis
1127 1309 1253 1390 locique

121 1418 263 1482 eiusdem
280 1439 385 1484 comes
400 1425 577 1502 perpetuus
592 1417 808 1501 significamus
824 1471 831 1484 .
849 1469 854 1482 .
873 1418 957 1502 quod
970 1417 1120 1501 magistri
1129 1417 1254 1482 ‹lohan-

120 1547 173 1592 nes
189 1533 223 1591 et
239 1527 385 1592 «lacobus
401 1525 459 1591 filii
486 1524 666 1591 Alexandri
682 1525 741 1590 filii
757 1525 880 1594 Ohelen
901 1581 907 1594 .
923 1579 930 1593 .
947 1526 1098 1591 dixerunt
1113 1525 1204 1591 nobis
1221 1525 1253 1590 in

119 1635 203 1700 hunc
219 1636 360 1712 modum,
383 1635 557 1718 quodcum
574 1635 606 1698 in
624 1635 764 1718 quadam
789 1633 865 1698 villa
890 1636 1032 1718 ipsorum
1058 1634 1186 1716 Ponyth
1202 1655 1253 1699 vo·

120 1749 191 1806 cata
206 1744 241 1807 in
257 1743 412 1808 comitatu
423 1739 630 1808 Gumuriensi
642 1743 801 1826 capellam
811 1749 843 1808 et
854 1743 1053 1807 cimeterium
1064 1763 1135 1807 cum
1146 1741 1251 1825 sepul-

119 1851 364 1916 turahaberent
380 1859 608 1929 consecratam,
619 1851 673 1916 ubi
683 1873 769 1916 nunc
779 1851 941 1935 lapideam
957 1851 1125 1916 ecclesiam
1144 1850 1250 1914 divine

121 1959 252 2042 pietatis
279 1965 361 2023 nutu
387 1965 420 2024 et
444 1959 572 2037 auxilio,
598 1960 640 2024 ad
665 1961 819 2024 honorem
842 1957 936 2023 beate
961 1957 1058 2023 Anne
1083 1956 1203 2021 vellent
1222 1961 1255 2020 et

121 2066 329 2132 intenderent
345 2065 503 2149 edificare,
519 2067 575 2131 sed
592 2067 669 2148 quia
693 2073 825 2150 propter
849 2067 983 2132 nimiam
1007 2067 1205 2131 lutositatcm
1223 2072 1255 2130 et

125 2176 376 2260 paludositatem
394 2175 557 2240 commodo
583 2176 656 2258 ipsa
672 2175 805 2240 ecclesia
821 2175 1035 2240 construenda
1049 2175 1082 2238 in
1099 2174 1169 2258 ipso
1184 2173 1254 2238 loco

122 2283 189 2348 fieri
215 2304 280 2348 non
306 2284 436 2366 valeret,
462 2290 606 2368 petentes
632 2305 689 2349 nos
707 2335 713 2349 .
730 2337 736 2349 .
752 2292 788 2350 ut
813 2285 846 2350 in
871 2286 983 2350 eadem
1008 2285 1086 2349 villa
1110 2285 1253 2369 ipsorum

120 2391 221 2458 alium
237 2391 343 2457 locum
359 2413 418 2475 pro
434 2391 505 2474 ipsa
521 2391 795 2476 ecclesialapidea
811 2391 929 2458 eisdem
947 2390 1162 2458 construenda
1177 2411 1250 2456 con-

120 2499 231 2565 cedere
253 2499 477 2582 dignaremur3
500 2521 559 2564 nos
583 2501 694 2584 itaque
711 2550 718 2564 .
736 2552 742 2566 .
759 2507 890 2584 propter
915 2501 1050 2583 predicti
1075 2499 1137 2566 loci
1162 2499 1254 2583 palu-

121 2607 292 2674 dositatem
319 2615 352 2672 et
382 2609 597 2691 aquositatem
629 2608 806 2692 predictam
837 2608 1004 2675 ecclesiam
1035 2608 1195 2692 lapideam
1221 2607 1253 2672 in

120 2713 231 2780 eadem
248 2715 325 2779 villa
351 2715 494 2799 ipsorum
510 2717 543 2781 in
560 2717 624 2781 alio
640 2717 710 2782 loco
727 2717 783 2782 ubi
798 2717 959 2783 voluerint
983 2717 1101 2782 eisdem
1128 2737 1254 2782 conces·

120 2825 218 2888 simus
235 2823 502 2905 construendam
526 2825 613 2889 salvo
629 2845 755 2908 semper
771 2825 832 2889 loci
848 2825 948 2908 ipsius
965 2825 1081 2908 prioris
1107 2823 1252 2890 cimiterii

120 2952 191 2994 cum
208 2929 377 3014 sepultura
393 2930 521 3014 sepibus
537 2938 595 2996 aut
611 2931 706 3014 liguis
723 2932 920 2998 circumdato
946 2955 1019 2998 cum
1045 2953 1104 2997 sua
1129 2932 1254 3016 capella

121 3045 316 3104 remanente.
350 3038 391 3104 In
415 3038 506 3104 cuins
531 3039 578 3104 rei
603 3039 821 3106 testimonium
852 3046 1017 3124 presentes
1042 3041 1254 3106 concessimus

121 3152 248 3212 nostras
264 3145 377 3212 literas
393 3152 542 3230 patentes
558 3145 655 3230 sigilli
671 3147 774 3213 nostri
793 3148 968 3214 munimine
985 3148 1161 3214 roboratos.
1186 3147 1252 3214 Da-

121 3263 186 3320 tum
204 3256 309 3334 Bude‚
324 3253 406 3320 feria
422 3263 514 3321 sexta
529 3257 676 3341 proxima
702 3264 777 3322 ante
803 3257 996 3322 dominicam
1013 3256 1141 3338 luctare,
1165 3277 1250 3320 anno

120 3363 239 3428 domini
254 3363 307 3427 M⁰
331 3361 453 3431 OOC⁰¹⁰
469 3363 574 3429 XL²²⁰
591 3385 682 3431 nono.

229 3545 333 3596 Miklos
346 3547 510 3611 eastergomi
523 3545 656 3598 erselrnelr
678 3551 753 3598 1364.
774 3547 834 3611 jun.
859 3547 939 3598 ar-en
964 3548 1110 3613 »magister
1133 3547 1253 3598 Jacobus

122 3635 194 3684 filius
210 3635 363 3686 Alexandri
377 3635 410 3686 de
424 3637 527 3686 Ghelen
549 3639 596 3700 qui
619 3637 714 3686 literas
736 3637 853 3687 condam
876 3637 1008 3702 magistro
1028 3637 1152 3686 Johanni
1172 3636 1253 3686 tratri

120 3740 167 3774 suo
180 3731 323 3775 emanatas
336 3726 473 3790 acceptari
487 3731 515 3775 et
528 3727 675 3790 approbari
688 3727 776 3790 petit«
798 3727 949 3776 kerelmere
960 3726 1069 3776 kiedott
1082 3727 1249 3790 megertisltt'r

122 3815 279 3878 ritiratabol
296 3817 425 3879 nrelynelr
440 3815 571 3879 credetije
585 3831 701 3878 rnegvan
716 3832 748 3866 aa
763 3832 830 3866 craz.
844 3818 875 3866 lt.
887 3817 985 3866 lineat.
1001 3823 1067 3866 oezt.
1082 3817 1155 3866 Eccl.
1171 3821 1211 3866 aa.
1228 3822 1252 3866 3.

122 3905 188 3968 dipl.
202 3914 271 3954 cart.
286 3909 383 3954 25133.
402 3905 500 3955 Ki'rzli:
522 3907 629 3954 Koraos
642 3906 674 3954 N.
