3192 5466
554 453 649 526 1348.
666 479 738 523 nnc.
758 461 808 524 12.
1187 456 1251 524 ‘255

116 639 151 704 in
170 641 261 706 cuins
277 641 380 706 latere
396 641 480 705 foret
490 661 554 705 una
564 649 651 705 meta
668 647 784 722 terrea,
795 639 834 704 de
846 661 910 724 qua
927 639 1141 706 inclinaretur
1157 642 1253 721 quasi

116 749 159 814 ad
185 749 363 829 meridiem,
387 749 442 842 ubi
468 751 536 834 ipse
562 749 651 814 lutus
677 745 762 834 (igy)
788 748 830 813 ad
855 749 1040 830 aquilonem
1067 748 1161 814 dictis
1176 749 1251 815 filiis

116 855 292 936 (lethardi,
318 865 470 941 terraque
495 857 628 922 arabilis
645 857 738 940 quasi
765 857 831 922 lere
857 857 899 921 ad
925 856 1092 922 meridiem
1109 857 1252 940 predicto
1365 901 1369 912 ·

116 963 257 1030 Nicolao
273 965 358 1030 dicto
374 963 514 1030 Carmel<
530 971 729 1045 remaneret;
755 963 840 1029 unde
855 967 1011 1032 transiret
1029 965 1070 1030 ad
1086 965 1254 1032 meridiem

121 1075 163 1140 ad
181 1076 348 1157 quandam
365 1077 457 1154 viam,
474 1076 514 1140 de
530 1097 596 1156 qua
619 1075 731 1140 saliret
748 1075 865 1142 iterato
884 1077 1039 1142 adunam
1056 1077 1154 1142 aliam
1170 1077 1253 1142 viam

116 1185 338 1266 graminosum
354 1183 474 1249 directe
484 1184 689 1249 adorientem
706 1182 942 1267 procedentem,
952 1183 1007 1249 ubi
1017 1184 1059 1250 ad
1069 1185 1253 1269 aquilonem

117 1292 197 1374 ipsis
216 1291 293 1357 {iliis
309 1289 482 1370 (lethardi,
507 1289 596 1356 etad
621 1290 789 1356 meridiem
813 1293 914 1357 eciam
939 1292 1063 1358 deluto
1090 1295 1252 1377 quandam

119 1401 317 1483 particulam
334 1401 494 1485 sepedicto
511 1399 648 1466 Nicolao
658 1400 745 1466 dicto
755 1399 893 1468 Cermok
909 1402 1101 1487 distingeret
1116 1411 1149 1469 et
1164 1425 1255 1489 sepa·

117 1517 226 1589 raret3
251 1509 336 1574 uude
361 1510 485 1575 veniret
510 1508 551 1573 ad
577 1509 739 1592 quandam
767 1511 852 1574 viam
882 1533 1034 1595 magnam
1060 1513 1099 1577 de
1125 1514 1254 1578 civitate

119 1617 239 1702 Kuzeg
256 1639 314 1701 per
331 1639 430 1699 quam
444 1619 512 1682 itur
527 1619 561 1682 in
578 1615 671 1700 Saar,
687 1617 884 1701 salieretque
910 1619 1015 1704 ipsam
1031 1621 1117 1685 viam
1132 1621 1254 1687 directe

121 1725 162 1790 ad
179 1726 340 1790 orientem
351 1731 386 1790 et
394 1725 485 1790 iuxta
493 1731 616 1790 terram
626 1724 784 1791 arabilem
795 1732 940 1792 curreret
950 1727 992 1791 ad
1002 1728 1147 1811 spacium
1160 1729 1254 1793 unius

119 1835 254 1916 ingeris,
271 1832 326 1897 ubi
342 1833 376 1896 in
392 1831 455 1897 fine
471 1833 566 1898 unius
582 1831 688 1898 rubeti
705 1839 812 1898 essent
828 1833 889 1898 due
905 1841 990 1899 mete
1006 1841 1120 1918 terree,
1140 1836 1173 1900 in
1190 1856 1254 1920 quo

120 1939 254 2020 quidem
271 1939 387 2005 rubeto
404 1940 524 2005 directe
541 1939 583 2004 ad
599 1940 757 2005 orientem
783 1941 966 2024 perveniret
989 1943 1031 2008 ad
1057 1963 1154 2008 unam
1171 1943 1255 2008 viam

120 2049 152 2112 in
169 2049 266 2112 cuins
281 2049 383 2113 latere
401 2047 442 2112 ab
459 2049 623 2113 occidente
639 2047 746 2113 forent
761 2049 879 2114 iterato
896 2049 957 2115 due
975 2056 1059 2114 mete
1076 2055 1189 2132 terres,
1215 2050 1256 2115 ad

122 2155 313 2238 aquilonem
331 2155 451 2220 eisdem
468 2155 544 2220 filiis
560 2153 732 2234 Gothardi,
749 2157 839 2222 etad
854 2157 1020 2222 meridiem
1040 2157 1182 2242 predicto
1198 2157 1256 2222 Ni-

120 2265 213 2329 colao
224 2264 312 2328 dioto
323 2260 462 2329 Ocrmck
472 2270 662 2345 separarent
677 2264 941 2348 etdistingerent,
958 2265 997 2330 de
1008 2265 1124 2346 quibus
1134 2265 1256 2332 directe

121 2372 163 2436 ad
179 2372 339 2436 orientem
355 2371 522 2454 currendo,
532 2373 716 2456 perveniret
732 2374 773 2438 ad
783 2373 1009 2438 diverticulum
1025 2375 1121 2440 unius
1136 2375 1256 2458 ingeris

121 2479 178 2544 ubi
195 2486 288 2545 terra
304 2479 438 2544 arabilis
454 2479 601 2563 predicto
618 2479 755 2545 Nicolao
772 2481 857 2546 dicto
868 2479 1007 2546 Cermok
1023 2482 1065 2546 ad
1080 2481 1256 2560 meridiem,

123 2588 341 2672 rubetumque
358 2589 399 2653 ad
416 2589 602 2670 aquilonem
619 2589 799 2672 prenotatis
809 2589 886 2654 filiis
897 2587 1047 2655 Gothard
1063 2597 1257 2671 remaneret;

123 2699 267 2782 indeque
282 2699 346 2764 iret
362 2699 404 2764 ad
420 2721 518 2766 unam
534 2699 618 2763 viam
643 2719 804 2782 magnam,
829 2719 887 2783 per
913 2720 1011 2783 quam
1035 2700 1101 2764 itur
1116 2698 1156 2764 de
1171 2698 1258 2784 Kys·

123 2809 204 2892 poth
221 2808 265 2872 ad
281 2806 389 2872 villam
407 2805 526 2890 Sydon,
542 2805 596 2870 ubi
612 2805 651 2870 de
668 2806 809 2886 quodam
834 2807 948 2873 rubeto
974 2814 1057 2873 esset
1082 2829 1147 2872 una
1170 2815 1258 2872 meta

124 2923 242 2998 terrea,
258 2914 369 2995 ibique
385 2916 595 2996 terminatur;
614 2920 648 2980 et
664 2915 710 2980 sio
725 2913 767 2980 ad
784 2917 878 2998 plene
894 2916 984 2998 pacis
1000 2915 1150 2981 unionem
1167 2915 1258 2984 deve·

123 3024 251 3090 nissent
268 3076 274 3089 .
292 3075 298 3089 .
316 3024 349 3088 in
365 3023 522 3106 premissa
538 3021 692 3087 divisione
718 3023 971 3106 possessionaria
989 3029 1147 3108 perpetuo
1164 3025 1258 3088 dura-

123 3133 199 3198 turi.
223 3131 350 3196 Datum
376 3131 476 3196 tercio
499 3131 550 3195 die
576 3130 651 3195 festi
676 3129 763 3195 beati
788 3129 918 3196 Nicolai
943 3131 1142 3214 confessoris,
1173 3153 1259 3196 anno

124 3239 248 3304 domini
265 3238 318 3304 ΜΟ
343 3235 441 3306 000ο
466 3237 632 3303 XXXX⁰
656 3245 777 3305 octavo

234 3401 390 3466 Herlapjcn
403 3402 495 3465 pecstt
507 3401 682 3466 nyomaiva13
703 3402 834 3467 eredetije
846 3417 863 3452 a
875 3403 908 3452 N.
922 3403 1115 3454 Muzeumben.

614 3599 774 3608 -—..—....

655 3785 727 3847 130.

128 3945 226 4008 1348.
246 3943 398 4030 Majttay,
415 3943 479 4011 (lec.
498 3946 548 4007 12.
565 3941 713 4008 sentence
729 3948 893 4030 rdrmqqpe
919 3943 1082 4031 alispdaja
1098 3945 1129 4009 6⁸
1145 3943 1260 4032 scalpa-

127 4051 216 4116 bireti
243 4049 446 4138 bizoupt'tjdlc,
472 4055 550 4140 bopy
576 4051 699 4116 Kdator
723 4049 861 4114 Bereozlc
886 4075 924 4115 oz
949 4052 1037 4118 eslctlt
1062 4076 1153 4134 arro,
1183 4055 1261 4140 bogry

126 4160 234 4222 cerui
250 4158 481 4246 jobbdpyaival
504 4161 615 4224 latoria
639 4159 732 4223 tbniai
756 4159 917 4222 rremeanelc
943 4163 1099 4247 nreqqycsi
1124 4161 1260 4226 birteltu't

302 4292 372 4332 nem
379 4268 568 4356 foqlaltotta
585 4269 623 4349 el,
640 4267 819 4333 tizcnkctted
835 4269 984 4354 maqdcal
1001 4268 1103 4335 letette.

239 4428 310 4496 Nos
340 4432 496 4515 magister
526 4431 701 4498 Ladislaus
731 4431 818 4497 filius
848 4429 984 4498 Abrahe
1015 4431 1191 4500 vicecomes
1222 4433 1263 4498 de

127 4537 291 4603 Zothmnr
307 4545 340 4603 et
354 4539 477 4605 iudices
494 4539 649 4605 nobilium
674 4539 714 4604 de
739 4538 851 4604 eodem
876 4540 990 4606 damus
1016 4562 1074 4625 pro
1099 4540 1264 4616 memoria,

129 4645 225 4728 quod
250 4666 323 4710 cum
348 4645 439 4712 iuxta
462 4647 697 4713 continenciam
722 4647 892 4713 literarum
918 4655 1101 4716 nostrarum
1116 4649 1264 4718 Briccius
