3180 5466
314 556 377 614 526
682 571 867 616 susannem
885 557 1099 614 osuiuru'us.

311 754 393 804 rum,
404 730 542 795 secundo
553 729 603 793 die
613 729 689 794 festi
699 729 785 794 beati
797 730 935 796 Martini
950 731 1149 806 confessoris,
1160 731 1297 794 sabbato
1311 731 1441 806 scilicet.

310 839 351 904 ad
368 841 545 922 predictam
560 840 794 921 possessionem
804 837 923 904 Scarus
940 839 1127 916 accedendo,
1144 833 1365 922 preallegatos
1382 837 1441 904 Ni-

307 949 433 1014 colaum
449 947 552 1012 filium
568 945 696 1010 Nicolai
721 953 752 1012 et
777 946 859 1011 fihos
888 969 961 1012 suos
988 946 1164 1028 quemlibet
1187 969 1298 1013 eorum
1319 951 1353 1012 iu
1370 970 1442 1030 pro·

306 1057 385 1138 priis
402 1077 512 1120 eorum
529 1055 789 1138 possessionariis
805 1056 1021 1136 porcionibus,
1032 1062 1143 1120 contra
1166 1056 1441 1138 pretitulatasdo-

305 1164 408 1228 urinas
426 1164 551 1228 evocavi
576 1163 618 1226 ad
643 1167 784 1227 vostram
808 1165 1008 1245 presenciam
1035 1164 1076 1227 ad
1092 1163 1287 1228 audiendam
1308 1162 1442 1228 filialem

305 1271 532 1336 discussionem
563 1275 774 1352 prenotatam,
807 1271 1030 1353 predictasque
1069 1277 1197 1336 octavas
1239 1271 1312 1336 festi
1352 1272 1441 1335 beati

305 1379 441 1444 Martini
473 1377 661 1442 confessoris
693 1377 771 1458 ipsis
797 1377 946 1460 partibus
973 1399 1031 1460 pro
1063 1382 1198 1444 termino
1224 1380 1442 1461 assiguando;

306 1493 440 1570 propter·
456 1485 640 1550 absencianr
665 1507 739 1549 vero
765 1486 863 1568 sigilli
889 1489 991 1551 nostri
1017 1486 1076 1551 svvb
1100 1488 1206 1570 sigillo
1223 1488 1357 1552 discreti
1381 1489 1442 1552 viri

306 1594 427 1658 domini
445 1591 579 1657 Andree
596 1593 882 1657 vicearchidiacoui
894 1593 1122 1659 Gumuriensis
1132 1600 1236 1659 vestre
1251 1597 1441 1660 discrecioni

305 1702 548 1766 transmisimus.
575 1701 698 1765 Datum
715 1702 748 1764 iu
765 1698 902 1778 Gumua
928 1702 1008 1765 fevia
1040 1703 1180 1766 secunda
1200 1704 1348 1786 proxima
1366 1713 1442 1786 post

304 1815 433 1874 octavas
450 1809 523 1874 festi
540 1807 694 1874 Omnium
712 1807 916 1882 Sanctorum„
933 1830 1017 1874 anno
1034 1813 1229 1894 supradicto.

412 1955 543 2018 Papiron,
564 1954 690 2002 sarlaten
704 1953 820 2002 monoru
833 1956 937 2017 gyfirits
957 1953 1105 2018 pecsette];
1126 1954 1257 2018 eredetije
1280 1972 1296 2004 a
1320 1956 1355 2004 N.
1377 1958 1440 2005 Mu-

305 2046 441 2093 zeumbsn
454 2059 471 2092 a
483 2045 611 2105 Hamvay
625 2059 660 2092 cs.
674 2042 811 2092 lttrthan.

830 2407 903 2466 322.

304 2547 399 2612 1351.
426 2546 535 2626 Korba,
560 2569 627 2609 ooo.
655 2547 705 2608 14.
730 2547 835 2610 Korde
858 2553 1023 2632 vdrmeppe
1053 2549 1184 2632 ispdajo
1219 2550 1250 2610 ea
1285 2551 1439 2634 szolpobi-

300 2656 354 2716 adi
373 2655 507 2718 Kolmer
523 2653 587 2732 ficit
613 2654 751 2738 Mitolpt
777 2654 918 2740 dizovrpos
944 2657 1050 2740 dirsdp
1078 2656 1315 2738 meffizeteadrdl
1338 2683 1439 2744 apap-

809 2765 919 2846 totja'd.

407 2904 476 2969 Nos
491 2907 646 2988 magister
661 2907 781 2971 Petrus
801 2906 887 2971 filius
904 2909 1074 2973 Michaelis
1091 2931 1196 2975 eomes
1213 2911 1386 2977 Orisiensis
1404 2921 1439 2977 et.

298 3011 493 3077 castellanus
510 3014 549 3078 de
565 3015 679 3078 maiori
695 3014 849 3092 Kemluh‚
865 3017 998 3081 comites
1014 3016 1182 3082 Diouisius
1202 3018 1290 3083 filius
1307 3021 1436 3089 cosme.

297 3121 546 3186 Bartholomeus
562 3121 647 3186 filius
664 3120 762 3186 Mavh
779 3130 811 3187 et
827 3122 1011 3206 Stephanus
1028 3124 1113 3191 filius
1134 3126 1293 3211 Stephani
1309 3129 1436 3194 iudices

297 3228 452 3292 nobilium
471 3227 688 3311 significamus
706 3281 711 3294 .
730 3283 736 3296 .
760 3233 836 3311 quia
851 3234 1007 3315 magister
1022 3231 1167 3298 Michael
1182 3233 1269 3299 filius
1280 3234 1436 3321 Calmery

297 3336 336 3400 de
352 3337 498 3400 omnibus
515 3339 580 3402 suis
597 3339 721 3402 iudiciis
733 3347 765 3402 et
774 3339 966 3405 iudiciorum
978 3341 1217 3424 gravaminibus
1234 3343 1436 3424 quibuscun-

298 3465 369 3526 que,
386 3444 419 3507 in
438 3465 536 3508 eausa
553 3444 577 3508 J
579 3445 714 3510 ohannis
731 3446 789 3510 filii
817 3447 946 3512 Nicolai
963 3455 1075 3514 eontra
1091 3451 1196 3533 ipsum
1213 3456 1302 3515 mota
1318 3473 1434 3516 onera-

296 3557 348 3614 tus
365 3556 398 3614 et
413 3557 608 3634 aggravatus
625 3553 807 3632 exst'tisset,
838 3561 903 3620 tam
930 3555 1029 3636 nebia,
1047 3578 1145 3639 quam
1161 3559 1346 3624 adversario
1371 3583 1434 3625 suo

298 3679 473 3740 congruam
489 3660 747 3725 satisfaccionem
763 3662 909 3726 exhibuit
925 3669 957 3726 et
976 3665 1222 3747 impendit‚ideo
1239 3672 1304 3731 tam
1321 3689 1379 3731 uos
1390 3671 1434 3733 de

296 3773 407 3831 nostra
422 3768 593 3834 iudiciaria
609 3772 766 3852 porcione,
784 3793 880 3852 quam
897 3773 981 3836 idem
1007 3773 1028 3838 a]
1033 3776 1174 3840 ohannes
1191 3777 1230 3841 de
1246 3798 1314 3856 sua,
1330 3798 1434 3861 super

295 3876 457 3956 premissis
474 3876 600 3940 iudiciis
611 3883 644 3941 et
653 3877 844 3942 iudiciorum
860 3883 1100 3961 gravaminibus
1116 3885 1244 3965 penitus
1255 3892 1287 3948 et
1297 3887 1433 3950 omuino

293 3981 399 4063 ipsum
416 3985 607 4064 magistrum
623 3985 817 4050 Michaelem
833 3989 1035 4070 presencium
1051 3992 1246 4056 auctoritate
1263 3993 1432 4057 mediante

293 4090 491 4154 reddidimus
508 4092 702 4175 expeditum.
719 4093 842 4159 Datum
859 4097 891 4178 in
902 4094 1016 4178 Orisio,
1027 4097 1107 4163 feria
1124 4099 1263 4163 secunda
1279 4101 1432 4182 proxima

293 4202 366 4279 post
382 4197 499 4262 festum
515 4198 604 4264 beati
620 4200 758 4266 Martini
775 4203 971 4282 confessoris,
982 4227 1066 4270 auno
1087 4205 1206 4271 domiui
1223 4208 1275 4272 Μο
1304 4206 1430 4274 OOO¹¹¹⁰

295 4305 361 4368 L¹¹¹⁰
377 4307 489 4388 primo,

399 4468 551 4532 Hdtlapjdn
564 4469 637 4535 negy
660 4470 750 4532 pecset
773 4473 977 4538 tdredekeivel;
998 4476 1127 4540 eredetije
1146 4493 1178 4526 az
1192 4493 1262 4528 orsu.
1276 4481 1309 4527 lt.
1323 4479 1425 4528 kinost.

293 4561 360 4604 oszt.
374 4557 408 4605 N.
422 4559 455 4606 a.
469 4559 502 4606 A.
518 4563 577 4608 382.
594 4565 634 4608 17.
649 4560 714 4622 dipI.
729 4567 795 4610 visat.
810 4567 888 4612 4229.
909 4565 1008 4614 Kiizli:
1029 4567 1136 4614 Kovs'vcs
1149 4569 1182 4618 N.
