3138 5462
372 521 434 582 150
720 535 905 580 aarouvonv
923 519 1137 578 onntrvrrln.

369 701 439 765 dari
456 699 650 782 postulabat,
679 719 798 780 nosque
815 717 953 760 unacum
974 696 1046 760 aliis
1073 695 1219 760 discretis
1237 697 1312 760 viris
1330 697 1363 759 in
1381 696 1482 762 iudicio

370 809 534 872 nobiseum
559 804 804 870 consedentibus
830 803 1052 870 adiudicantes
1078 805 1302 882 commisimus,
1326 803 1413 887 quod
1426 827 1482 889 pre-

369 919 552 982 nominatus
569 915 724 981 Nicolaus
741 915 826 980 filius
846 913 973 980 Mathie
998 917 1104 998 ipsum
1129 916 1381 980 instrumentum
1406 937 1482 980 suuni

369 1027 402 1106 ip
419 1025 540 1088 octavis
556 1023 630 1088 sesti
646 1023 905 1108 Epiphaniarnrn
931 1023 1052 1087 domini
1078 1023 1223 1106 proxime
1248 1045 1332 1086 nunc
1357 1025 1483 1088 venturis

369 1155 477 1198 coram
493 1130 583 1196 nobis
600 1131 757 1210 exhibeat,
774 1138 811 1196 ut
825 1131 910 1195 inter
926 1125 1036 1215 partes
1052 1131 1204 1196 iudicium
1216 1137 1248 1196 et
1259 1132 1419 1198 iusticiam
1428 1130 1483 1196 fieri

369 1241 474 1306 facere
490 1239 662 1304 valcamus.
687 1239 810 1305 Datum
828 1237 993 1322 strigonii,
1019 1241 1156 1323 septimo
1173 1240 1224 1304 die
1240 1239 1371 1305 termini
1387 1262 1483 1324 prens

369 1351 440 1432 teti,
456 1370 540 1413 anno
556 1348 676 1414 domini
692 1349 744 1414 Μο
769 1346 888 1416 000ιῃο
906 1347 1010 1413 XL¹¹¹⁰
1026 1349 1171 1432 septimo.

478 1549 608 1611 Paplron,
622 1548 747 1597 narlatrtn
761 1547 851 1610 pecset
865 1547 1067 1612 tbredekeivel;
1087 1547 1217 1612 eredetije
1232 1564 1263 1598 az
1278 1563 1347 1597 orez.
1358 1549 1389 1599 lt.
1400 1548 1484 1598 liiucsl.

372 1644 439 1688 oszt.
457 1644 532 1689 1671.
548 1645 589 1688 70.
603 1636 669 1701 dipl.
684 1644 751 1687 oszl.
766 1643 843 1688 3811.
864 1638 962 1688 Kozli:
982 1637 1092 1688 Koraos
1105 1639 1137 1688 N.

855 1853 1015 1862 --.---—-·--·

884 2075 887 2080 ’
909 2075 960 2136 65.

374 2253 467 2316 1347.
486 2265 541 2316 oct.
558 2255 610 2315 30.
638 2251 665 2314 A
682 2251 1041 2336 parata-vanitenedeki
1057 2229 1193 2314 'convent
1211 2249 1281 2314 elon
1299 2251 1396 2316 Sora?
1413 2250 1485 2314 Beda

364 2359 416 2438 fic
436 2359 537 2439 Pete-r,
555 2364 693 2446 szolpa'jo
713 2363 835 2447 helped,
853 2363 932 2426 Bolb
939 2363 991 2444 fic
1012 2365 1102 2426 Peter
1120 2361 1390 2446 merssebesitdeee'rt
1404 2363 1448 2424 aa
1463 2363 1487 2421 ἐι·

588 2470 642 2552 f'l
659 2473 773 2534 'valdrico
790 2471 1007 2554 'nvepfizete'se're
1024 2470 1152 2535 kblelezi
1168 2477 1284 2554 nrapcil.
1381 2533 1386 2539 .

479 2631 548 2696 Nos
565 2640 738 2699 convontus
757 2635 943 2698 monasterii
970 2633 1074 2698 sancti
1091 2633 1260 2698 Benedicti
1283 2633 1322 2697 de
1339 2635 1427 2698 iuxta
1442 2631 1489 2694 tlu-

371 2739 456 2802 vium
473 2737 584 2804 Geron
601 2789 607 2804 .
624 2790 631 2806 .
646 2720 866 2824 significamus
884 2789 890 2804 .
908 2789 913 2802 .
931 2741 1015 2821 quod
1027 2741 1127 2804 Petro
1144 2739 1215 2804 filio
1226 2739 1317 2804 Bede
1333 2739 1373 2804 de
1389 2740 1488 2806 Sarov

372 2869 430 2929 pro
446 2845 582 2912 Nicolao
598 2847 684 2913 dicto
703 2849 825 2933 Reynis
845 2849 1003 2913 serviente
1028 2869 1085 2912 suo
1110 2847 1151 2912 ab
1177 2869 1250 2924 una,
1276 2850 1310 2912 et
1326 2848 1490 2912 Benedicta

370 2953 436 3018 tilio
451 2954 539 3020 Both
554 2964 645 3038 parte
662 2957 703 3022 ab
719 2957 831 3036 altera,
847 2956 1062 3022 mediantibus
1072 2955 1180 3040 probis
1195 2962 1228 3020 et
1238 2955 1398 3020 nobilibus
1414 2955 1491 3030 viris,

372 3061 508 3127 Nicolao
534 3085 651 3146 magno
675 3063 740 3130 filio
766 3064 884 3130 Bodovv
910 3071 943 3129 et
968 3065 1066 3129 Petro
1094 3063 1159 3128 lilio
1185 3061 1345 3146 Stephani
1361 3063 1400 3128 de
1417 3062 1492 3147 Kys·

372 3170 493 3250 sarlou,
518 3193 626 3237 coram
651 3173 741 3238 nobis
766 3174 980 3258 personaliter
1005 3173 1195 3254 constitutis,
1221 3175 1422 3256 propositum
1441 3193 1492 3255 per

372 3279 498 3344 eosdem
514 3332 520 3344 .
538 3332 544 3344 .
562 3282 709 3346 exstitit.
726 3332 733 3346 .
750 3283 837 3362 quod
854 3303 950 3365 super
966 3283 1051 3347 facto
1070 3281 1305 3348 vulneraoionis
1321 3282 1422 3365 ipsius
1438 3281 1492 3346 Be·

373 3386 490 3451 nedicti
506 3386 564 3452 filii
580 3389 667 3453 Both
694 3391 925 3473 composicione
942 3395 974 3454 et
989 3389 1192 3454 ordinacione
1209 3389 1385 3472 proborum
1401 3395 1432 3453 et
1446 3411 1493 3452 uo·

371 3491 485 3558 billum
501 3495 642 3560 virorum
668 3498 908 3576 interveniente,
931 3505 964 3562 et
979 3497 1131 3582 precipue
1155 3499 1285 3563 racione
1313 3496 1492 3578 consangvi·

372 3601 502 3666 neitatis
513 3609 545 3666 et
559 3603 784 3686 proximitatis,
801 3605 843 3668 ad
854 3604 983 3688 plenam
994 3611 1026 3668 et
1036 3603 1239 3669 amicabilem
1250 3606 1339 3688 pacis
1351 3606 1493 3670 unionem

373 3709 575 3775 devenissent
591 3760 597 3774 .
614 3759 621 3774 .
639 3732 675 3774 eo
691 3711 793 3789 modo,
819 3713 905 3796 quod
920 3713 1083 3796 predictus
1101 3713 1220 3777 Petrus
1236 3711 1323 3777 filius
1339 3711 1428 3778 Bedc
1443 3735 1495 3796 pro

373 3814 508 3882 Nicolao
525 3817 609 3884 dicto
624 3819 746 3903 Reynis
762 3821 883 3885 famulo
899 3823 955 3884 suo
972 3821 1125 3886 assumsit
1149 3819 1227 3886 dare
1245 3827 1277 3884 et
1293 3819 1415 3886 solvere
1432 3839 1496 3904 pre·

373 3933 484 3992 notato
514 3917 692 3992 Benedicto
723 3929 894 4012 septimam
926 3927 1091 3993 dimidiam
1122 3949 1265 3992 marcam
1296 3927 1496 3992 denariorum

373 4036 599 4100 viennensium
615 4035 776 4101 Budensis
792 4037 930 4118 compoti
947 4057 1055 4100 coram
1071 4035 1162 4100 nobis
1186 4037 1254 4101 sine
1272 4035 1498 4101 crastinacione

373 4144 407 4206 in
424 4143 548 4208 duobus
564 4143 711 4208 terminis
727 4143 952 4227 infrascriptis,
968 4143 1116 4208 videlicet
1141 4145 1175 4208 in
1199 4145 1320 4209 octavis
1336 4142 1407 4209 festi
1425 4143 1498 4224 Epi·

375 4249 569 4332 phaniarum
594 4251 714 4315 domini
740 4251 883 4333 proxime
908 4273 993 4314 nunc
1018 4252 1161 4316 venturis
1180 4257 1247 4315 tres
1263 4272 1398 4330 marcas,
1422 4263 1455 4314 et
1470 4250 1497 4313 in

376 4358 496 4422 octavis
539 4357 602 4422 diei
637 4355 789 4423 Oinerum
830 4357 1014 4422 immediate
1049 4357 1320 4441 subsequentibus
1355 4364 1498 4441 quartani

378 4467 516 4531 mediam
532 4487 693 4548 marcam3
717 4465 775 4532 tali
792 4466 1002 4550 obligacionis
1018 4486 1102 4550 pena
1129 4467 1328 4550 interposita,
1345 4474 1382 4532 ut
1396 4469 1424 4531 si
1441 4466 1500 4550 pri-

374 4595 460 4638 mam
486 4575 678 4638 solucionem
706 4572 892 4638 obmitteret
922 4572 1104 4651 insolutam,
1135 4574 1168 4636 in
1195 4591 1277 4656 pena
1302 4574 1412 4639 iudicii
1439 4574 1500 4638 sive

375 4681 508 4768 birsagii
526 4681 774 4760 convinceretur,
790 4681 901 4746 sivero
918 4680 1092 4753 secundam
1105 4680 1300 4748 solucionem
1316 4682 1495 4769 negligeret
