3188 5476
569 523 663 585 1352.
680 540 750 584 auu.
769 525 820 584 20.
1206 525 1268 584 599

126 723 205 765 mus
221 723 280 784 pro
297 702 461 779 memoria,
479 700 564 782 quod
581 721 712 765 causam
730 721 826 784 quam
842 699 1015 765 Ladislaus
1034 701 1121 766 filius
1138 701 1270 768 Nicolai

127 809 169 875 de
187 809 294 893 Koxo,
311 811 370 893 qui
382 810 596 894 personaliter
613 810 725 891 astitit,
750 814 863 874 contra
886 810 1078 892 magistrum
1094 809 1268 876 Nicolaum

126 919 256 984 dictum
271 919 401 1002 Ohyrke
419 919 457 984 de
474 917 577 983 Zebes
594 939 653 1002 pro
670 939 733 1001 quo
755 918 885 984 termini
901 924 1062 983 assumtor
1078 919 1266 1002 comparuit,

128 1027 216 1093 feria
243 1028 345 1091 tercia
370 1027 519 1109 proxima
549 1032 625 1090 ante
650 1026 768 1092 festum
793 1026 888 1090 beate
919 1024 1109 1108 Margarete
1136 1025 1269 1110 virginis

127 1138 198 1202 iam
219 1137 378 1219 preterita
401 1135 543 1202 habebat
567 1157 675 1202 coram
703 1133 803 1212 nobie,
830 1134 870 1199 ob
895 1135 1025 1199 termini
1052 1135 1268 1218 prioritatem,

127 1245 172 1310 ad
199 1245 381 1330 quindenas
407 1247 550 1312 eiusdem
576 1247 717 1324 termini,
740 1244 888 1329 partibus
913 1245 1031 1310 iterato
1056 1245 1098 1310 ad
1122 1250 1267 1310 nostram

125 1356 333 1437 presenciam
345 1355 493 1420 duximus
504 1353 750 1439 prorogandam.
767 1353 891 1418 Datum
902 1353 935 1417 iu
945 1353 1031 1418 dicta
1040 1353 1118 1419 uilla
1130 1354 1266 1438 Wyuar,

126 1461 270 1527 secundo
288 1463 340 1527 die
357 1462 488 1528 termini
503 1463 674 1546 prenotati,
700 1482 784 1528 anuo
801 1461 921 1526 domini
946 1462 1021 1565 didm
1038 1459 1158 1529 000ιῚιιο
1174 1461 1266 1545 quin·

125 1572 321 1654 quagesimo
338 1572 486 1636 secundo.

204 1733 335 1796 Papiron,
346 1733 474 1783 carlatan
487 1733 604 1783 monor-d
614 1733 746 1796 pecsettel
758 1751 764 1797 ;
778 1730 909 1795 eredetije
919 1746 936 1781 a
945 1731 1069 1795 Barczay
1080 1747 1115 1782 cs.
1127 1731 1266 1782 lta-raban.

678 2113 755 2172 373.

129 2275 224 2336 1352.
243 2275 309 2358 jul.
331 2274 383 2334 20.
411 2273 529 2336 Milolo's
555 2272 662 2336 ¹addar·
688 2274 758 2336 alda
776 2269 929 2336 Adoluuai
956 2273 1045 2334 Pe'ter
1062 2276 1092 2335 e'a
1111 2271 1261 2352 Pdlfiua',

125 2380 238 2445 (iurari
269 2379 470 2444 Andrean-uk
502 2381 608 2466 Ebrya
640 2381 787 2463 ..salechan
816 2384 846 2444 οἷς
880 2380 1038 2444 Salomon
1072 2383 1208 2464 aziqctdn
1240 2403 1262 2442 a

327 2488 469 2551 Dravus
492 2489 718 2573 waderlo-add
740 2493 884 2574 ru'ojopo‘t
909 2488 1079 2552 elicuerit.

236 2648 305 2714 Nos
330 2647 486 2714 Nicotaus
510 2648 725 2733 ..palatinus
758 2700 787 2714 ..
811 2648 964 2713 memorie
990 2647 1262 2730 commendamus,

122 2758 213 2840 quod
228 2757 383 2841 magister
400 2757 541 2821 Thomas
557 2755 642 2822 filius
658 2757 751 2821 Petri
767 2755 806 2822 de
822 2753 964 2823 Abolma
982 2779 1041 2840 pro
1058 2777 1092 2821 se
1108 2776 1260 2839 persona·

122 2866 212 2943 liter,
228 2886 286 2948 pro
303 2864 329 2929 J
330 2865 456 2929 ohanne
471 2885 545 2929 vero
561 2864 627 2929 filio
641 2865 738 2929 Pauli
754 2865 793 2929 de
810 2866 922 2931 eadem
939 2886 1012 2931 cum
1028 2864 1261 2948 procuratoriis

121 2973 238 3051 literis,
254 2993 313 3056 pro
332 2971 562 3038 Bartholomeo
578 2978 685 3042 autem
708 2973 809 3039 fratre
825 2994 882 3038 suo
899 2975 967 3038 sine
981 2973 1087 3038 literis
1103 2991 1255 3055 procura·

122 3082 217 3146 toriis
242 3132 271 3146 ..
303 3080 344 3146 ab
369 3102 442 3163 una,
476 3082 552 3146 item
577 3082 746 3146 Emericus
771 3081 855 3148 filius
881 3083 973 3149 Petri
998 3083 1037 3148 de
1063 3082 1258 3169 Zenthyuan

121 3211 185 3274 pro
195 3189 361 3273 magistris
378 3187 514 3254 Nicolao
531 3195 563 3254 et
580 3189 685 3255 Paulo
700 3189 776 3256 filiis
792 3189 925 3257 Andree
942 3190 980 3256 de
998 3187 1089 3256 Gara
1113 3240 1142 3255 ..
1166 3197 1259 3274 parte

121 3299 166 3364 ab
184 3299 289 3362 altera
314 3318 422 3362 coram
447 3297 538 3363 nobis
564 3299 740 3374 constituti,
765 3306 1003 3384 proposuerunt
1025 3349 1053 3362 ..
1086 3299 1172 3380 quod
1196 3300 1259 3384 ipsi

121 3429 223 3491 super
247 3406 395 3472 omnibus
421 3407 526 3472 causis
553 3408 695 3491 ipsorum
723 3429 825 3490 usque
851 3407 945 3472 modo
969 3407 1055 3472 inter
1080 3428 1114 3472 se
1137 3407 1258 3473 habitis

121 3523 156 3580 et
182 3513 358 3580 ventillatis
391 3563 420 3578 ..
453 3537 511 3599 per
535 3514 793 3582 reformatoriam
819 3516 1084 3599 composicionem
1107 3515 1259 3598 plurimo·

122 3645 198 3688 rum
215 3621 389 3706 proborum
406 3629 439 3688 et
453 3622 609 3687 nobilium
626 3625 767 3688 virorum
778 3624 1026 3689 concordassent
1050 3674 1078 3688 ..
1102 3647 1139 3689 eo
1155 3625 1258 3704 modo,

120 3731 210 3816 quod
235 3729 332 3795 iidem
357 3729 511 3796 Nicolaus
537 3738 571 3796 et
594 3731 717 3796 Paulus
731 3731 790 3796 filii
806 3729 939 3797 Andree
956 3732 995 3796 de
1012 3729 1112 3811 Gara,
1129 3732 1257 3798 invilla

120 3839 233 3922 Ebr‘ys
260 3860 357 3922 super
382 3835 478 3903 fluvio
512 3837 622 3904 Dravo
647 3845 680 3903 et
705 3840 737 3903 iu
763 3839 870 3904 insula
905 3839 1194 3924 Salamonzygethe
1219 3863 1257 3907 ac

122 3945 251 4030 piscina
277 3944 565 4012 Salamonneteohe
581 3947 783 4030 nuncupatis,
807 3947 927 4011 vadum
942 3967 999 4012 seu
1015 3948 1190 4014 transitum
1206 3971 1256 4014 ve-

118 4055 172 4120 lut
197 4055 231 4117 in
257 4073 366 4118 eorum
391 4053 646 4137 proprietatibus
671 4055 705 4118 in
730 4052 814 4118 filios
833 4053 972 4119 filiorum
998 4077 1130 4121 suorum
1153 4105 1182 4119 ..
1205 4077 1256 4120 ra-

119 4163 213 4227 cione
239 4163 478 4246 propinquioris
511 4162 687 4227 vicinitatis
719 4167 749 4226 et
782 4162 1072 4230 commetaneitatis
1098 4170 1255 4248 perpetuo

118 4269 253 4354 pacifice
270 4276 516 4351 conservarent3
542 4292 638 4354 super
664 4271 782 4356 quibus
797 4270 893 4336 iidem
910 4271 1051 4338 Thomas
1068 4279 1101 4337 et
1116 4271 1255 4338 Bartho-

118 4382 244 4444 lomeus
260 4377 319 4443 filii
335 4379 426 4444 Petri
442 4401 479 4444 ao
495 4378 521 4444 J
522 4379 664 4445 ohannes
689 4379 773 4444 filius
797 4380 894 4444 Pauli
911 4379 971 4444 sibi
991 4381 1070 4464 ipsis
1087 4386 1119 4446 et
1143 4401 1254 4447 eorum

118 4486 358 4553 successoribus
383 4495 575 4572 perpetuum
592 4489 759 4554 silentium
776 4510 964 4554 conservare
981 4490 1206 4555 assumsissent
1221 4495 1255 4555 et

117 4600 343 4660 assumserunt
359 4616 467 4660 coram
483 4595 583 4674 nobis,
609 4597 655 4661 ita
679 4595 836 4674 videlicet,
858 4599 946 4680 quod
962 4602 1050 4662 recta
1070 4597 1254 4664 dimidietas

117 4703 221 4786 ipsius
247 4701 335 4769 fluvii
360 4703 469 4767 Dravo
494 4703 588 4770 simul
614 4726 685 4770 oum
709 4708 799 4768 terra
824 4726 844 4770 a
868 4711 961 4789 parte
982 4705 1140 4789 superiori
1155 4726 1175 4769 a
1191 4703 1254 4770 fine
