3226 5462
573 499 666 560 1347.
684 500 756 558 arla.
776 497 825 559 12.
1222 495 1260 558 57

123 676 310 754 siderandc‚
327 699 465 742 rrnacum
482 676 556 740 aliis
573 671 688 759 probis
698 677 776 741 viris
803 677 968 739 estimaret
988 675 1078 758 regni
1096 681 1260 740 consuetu-

123 784 204 848 dine
221 785 389 867 exigente3
412 793 445 850 et
460 791 533 869 post
548 786 607 850 hec
623 786 737 850 seriem
756 785 856 868 ipsius
881 783 1132 868 possessionarie
1159 805 1261 849 ream-

124 891 311 960 bnlacionis
326 888 408 975 scum
425 944 432 958 .
449 943 455 958 .
472 893 577 958 tocius
602 892 678 958 facti
696 942 702 957 .
719 942 726 957 .
743 913 894 977 processu
928 891 970 956 ad
1005 892 1108 957 dietas
1135 899 1265 958 octavas

125 1001 204 1066 festi
220 1001 307 1066 beati
323 1002 461 1068 Martini
477 1001 667 1066 confessoris
691 1000 814 1066 dictum
831 1001 1007 1084 capitulum
1025 999 1213 1084 Scepsiense
1229 1002 1262 1064 in

125 1129 243 1174 eorum
274 1109 433 1174 literis..
460 1107 651 1173 rescriberet
683 1109 770 1190 regie
802 1108 974 1173 maiestati.
1007 1107 1153 1173 Tandem
1187 1110 1264 1192 ipsis

125 1218 254 1282 oetavis
279 1216 352 1282 festi
385 1216 471 1282 beati
503 1217 641 1282 Martini
666 1215 857 1281 confessoris
884 1217 1136 1295 occurrentibus,
1163 1217 1260 1282 Mark

122 1324 195 1389 filio
220 1326 301 1390 [van
326 1347 385 1408 pro
410 1323 522 1390 eodem
542 1323 696 1408 magistro
722 1324 818 1389 Denk
834 1373 841 1386 .
857 1374 864 1386 .
881 1345 989 1389 coram
1016 1325 1107 1390 nobis
1123 1331 1261 1404 astante,

127 1434 259 1498 Petheu
276 1431 362 1497 filius
379 1431 490 1517 Synlra
505 1453 565 1515 pro
581 1433 733 1516 predictis
750 1433 916 1514 magistris
935 1429 1032 1496 Petro
1047 1433 1115 1498 lilio
1132 1432 1266 1518 Georgii

129 1549 166 1606 et
183 1541 340 1607 Ladislao
364 1540 431 1606 filio
447 1541 610 1606 Johannis
635 1541 675 1606 de
701 1541 811 1606 Seuer
828 1589 834 1603 .
851 1591 858 1606 .
875 1541 916 1605 ad
943 1547 1086 1606 nostram
1112 1541 1266 1607 accedens

126 1650 343 1733 presenciam,
359 1651 471 1714 literas
482 1649 618 1733 predicti
639 1649 774 1733 capituli
785 1649 984 1732 Scepsiensis
995 1650 1083 1733 regie
1093 1650 1266 1735 rescriptas

126 1760 304 1836 maiestati,
331 1759 422 1823 nobis
448 1758 695 1836 demonstrarat,
726 1760 936 1836 continentes,
968 1759 1053 1842 quod
1084 1758 1265 1844 predictum

126 1867 308 1950 capitulum
326 1916 332 1930 .
351 1918 357 1930 .
374 1887 512 1931 unacum
528 1867 672 1950 predicto
689 1867 857 1931 Demetrio
873 1867 1000 1932 homine
1018 1867 1105 1950 regio
1121 1867 1264 1950 ipsorum

128 1975 299 2040 misissent
314 1975 476 2040 hominem
494 2025 500 2038 .
518 2023 525 2037 .
542 1973 743 2058 Stephanum
763 1974 992 2040 subdiaconum
1017 1975 1106 2040 chori
1131 1974 1266 2039 ecclesie

124 2083 274 2166 ipsorum
290 2081 538 2167 prebendarinm
557 2081 597 2146 ad
614 2083 772 2166 premissa
798 2082 1004 2166 exequenda3
1029 2084 1084 2164 qui
1100 2083 1227 2146 demum
1241 2131 1266 2146 ..

123 2192 326 2272 retulissent
342 2190 427 2272 quod
443 2190 505 2273 ipsi
522 2189 603 2254 feria
620 2191 734 2272 quinta
750 2191 897 2273 proxima
917 2198 990 2274 post
1015 2191 1131 2256 festum
1158 2193 1263 2256 sancti

125 2299 305 2365 Michaelis
320 2298 507 2380 archangeli
525 2319 611 2362 nuuc
627 2299 771 2380 proxime
781 2299 980 2380 preteritum¹
992 2299 1034 2363 ad
1046 2299 1158 2364 faciem
1175 2299 1260 2364 dicte

124 2407 342 2492 possessionis
359 2405 478 2485 Souar,
495 2406 606 2471 vicinis
623 2412 656 2470 et
675 2408 902 2472 commetaneis
928 2407 1069 2472 eiusdem
1094 2409 1262 2488 universis

124 2515 315 2598 specialiter
346 2512 477 2578 officiali
502 2513 580 2579 dicti
616 2515 764 2596 magistri
790 2513 888 2579 Denlr
913 2515 993 2580 inibi
1019 2514 1162 2598 legitime
1189 2537 1262 2580 con·

123 2623 249 2688 vocatis
266 2628 299 2686 et
314 2621 518 2705 presentibus
544 2623 763 2701 accessissent,
782 2623 926 2688 sedeam
943 2621 1076 2688 eandem
1093 2625 1263 2706 possessio·

125 2753 202 2796 nem
220 2729 331 2796 Sowar
348 2752 406 2814 per
423 2751 537 2794 cursus
562 2730 787 2796 distincciones
812 2737 972 2796 ,metarum
999 2733 1030 2796 in
1058 2730 1144 2795 dicto
1168 2731 1266 2814 privi-

125 2840 240 2922 legio.
258 2837 428 2903 ,ladislai
446 2887 453 2902 .
470 2887 476 2901 .
494 2840 579 2920 regis
596 2889 602 2902 .
620 2887 626 2901 .
643 2859 702 2921 per
727 2839 834 2921 ipsum
860 2840 1052 2920 magistrum
1079 2839 1212 2904 Petrum
1233 2845 1265 2902 et

125 2945 258 3013 Petheu
274 2944 376 3018 filiurn
394 2944 504 3030 Synlra
524 2954 765 3028 procuratorem
790 2946 866 3010 dicti
893 2945 1041 3028 magistri
1068 2945 1214 3010 ladislai
1231 2947 1263 3010 in

125 3061 330 3121 transsnmtc
347 3075 403 3118 seu
419 3054 595 3138 exemplari
612 3055 714 3138 ipsius
734 3053 868 3137 capituli
897 3054 1095 3138 Scepsiensis
1120 3053 1264 3119 exhibito

127 3169 367 3241 contentarum,
384 3163 453 3227 sine
469 3163 686 3227 diminucione
697 3169 730 3228 et
739 3169 912 3245 augmento
928 3163 1142 3242 reambulare‚
1158 3185 1260 3228 ream·

124 3273 339 3354 bulatamque
356 3292 377 3335 a
392 3273 593 3354 possessione
610 3270 687 3335 dicti
713 3271 860 3353 magistri
878 3271 976 3335 Denlr
990 3269 1136 3354 Lypolch
1152 3278 1264 3335 vocata

124 3381 226 3447 certis
252 3379 420 3443 metalium
446 3379 610 3461 signorum
645 3377 862 3460 posicionibus
893 3380 985 3443 iuxta
1010 3385 1134 3444 veteres
1161 3386 1264 3444 metas

124 3489 313 3570 relinquere
339 3487 418 3567 ipsis
444 3487 609 3568 magistris
634 3487 733 3550 Petro
759 3493 792 3550 et
812 3485 969 3550 Ladislao
995 3507 1033 3550 eo
1049 3487 1128 3550 iuris
1146 3494 1178 3551 et
1193 3509 1264 3570 pro·

125 3595 280 3681 prietatis
305 3593 402 3658 titulo
446 3614 511 3674 quo
537 3594 582 3657 eis
607 3594 769 3676 pertinere
805 3594 1042 3672 dinosceretur,
1069 3594 1128 3659 sub
1154 3616 1264 3660 earnm

125 3702 296 3769 metalium
322 3699 539 3785 posicionibus
564 3705 720 3784 perpetuo
745 3701 972 3784 possidendam
997 3701 1180 3782 voluissent,
1204 3703 1261 3768 Jo-

122 3813 251 3877 hannes
275 3807 362 3874 tilius
381 3807 480 3874 Chele
506 3808 653 3875 officialis
679 3809 757 3874 dicti
780 3810 928 3891 magistri
944 3809 1042 3874 Denk
1068 3833 1127 3892 pro
1152 3811 1263 3876 eodem

123 3919 258 3984 domino
274 3939 331 3981 sno
348 3968 355 3981 .
372 3965 378 3978 .
396 3918 429 3980 iu
446 3917 528 3982 faeie
544 3918 782 3998 possessionum
793 3917 990 4001 Byztrekezy
1001 3925 1033 3982 et
1044 3917 1262 4003 Rennulrlrezy

124 4031 315 4090 vocatarum
342 4023 557 4106 personaliter
582 4044 780 4107 comparens,
805 4025 927 4089 dietum
952 4025 1112 4090 hominem
1129 4028 1263 4109 regium,

125 4135 234 4216 ipsius
261 4131 396 4215 capituli
421 4129 618 4216 Scepsiensis
643 4133 944 4217 hominepresente,
970 4155 989 4197 a
1015 4132 1184 4198 reliecioue
1210 4154 1265 4198 sen

122 4241 309 4307 statuoione
325 4241 470 4322 ipsarum
495 4241 732 4324 possessionum
757 4240 956 4325 Byztrelrezy
980 4247 1013 4306 et
1038 4240 1265 4324 Rennulrlrezy‚

121 4351 206 4414 item
222 4355 382 4413 metarum
409 4350 572 4413 creceione
587 4355 619 4412 et
635 4349 779 4432 ipsarum
792 4331 1046 4413 'mensuraeione
1073 4371 1111 4414 ac
1136 4350 1265 4414 estima-

121 4459 221 4522 cione
246 4455 482 4539 prohibuisset-5
505 4455 595 4521 cuius
621 4456 851 4539 prohibicionis
876 4458 1005 4520 racione
1030 4457 1114 4520 idem
1140 4457 1266 4522 Petheu

120 4564 216 4630 filins
233 4563 352 4648 synka,
377 4563 506 4628 eosdem
522 4565 694 4645 magistros
710 4565 845 4628 Petrum
862 4571 895 4627 et
910 4563 1100 4628 Ladislaum
1118 4565 1265 4628 dominos

121 4695 203 4739 suos
220 4671 387 4738 informari
413 4671 595 4756 postularat
619 4692 677 4757 per
701 4672 892 4756 magistrum
909 4670 1005 4734 Denk
1022 4670 1267 4758 supradictum
