3188 5476
508 439 531 486 t

677 522 863 567 announonr
879 509 1092 566 onnturrtn.

858 795 931 854 375.
1036 843 1041 854 .

327 957 422 1019 1352.
439 981 511 1042 cup.
522 959 552 1019 6.
564 954 612 1018 Az
623 955 859 1041 aprileu'ptolmr
879 955 905 1016 1.
925 953 1026 1038 Lujos
1042 953 1356 1038 loirrdpnokjelcnti,
1377 954 1466 1038 dogm

330 1067 494 1130 Demoleos
510 1063 577 1145 fide
603 1064 717 1130 Zadar
734 1065 869 1143 Istorioi,
887 1061 1023 1148 Scirtydr
1040 1067 1070 1125 e'e
1088 1051 1247 1128 Occide-os
1269 1069 1348 1125 neoti
1373 1061 1468 1123 Zem-

566 1177 640 1261 plc'o
657 1179 839 1260 crirmeppci
854 1173 1049 1237 dirtoltolcdc'
1059 1172 1220 1236 dciktattc.

442 1389 470 1402 ..
493 1336 654 1403 Lodovico
680 1385 708 1400 ..
731 1336 800 1418 regi
825 1384 854 1398 ..
879 1333 1055 1417 capitulum
1073 1332 1204 1399 ecclesie
1231 1332 1401 1416 Agriensis
1424 1383 1459 1396 ..

326 1447 456 1511 Literas
481 1451 586 1510 vestre
606 1445 790 1509 serenitatis
814 1493 843 1508 ..
866 1444 1045 1526 recepimus
1070 1443 1104 1505 in
1129 1443 1189 1508 hec
1214 1440 1330 1505 verba:
1356 1441 1466 1506 Lodo-

223 1631 227 1636 .
326 1556 414 1620 vicus
438 1604 467 1619 ..
491 1575 547 1618 rex
571 1553 766 1636 ..capitulo
791 1551 923 1618 ecclesie
948 1550 1120 1634 Agriensis
1153 1602 1181 1615 ..
1211 1550 1342 1615 Dicitur
1366 1552 1465 1616 nobis

219 1685 220 1688 ’
330 1666 362 1729 in
388 1684 527 1748 persone
552 1662 710 1747 Stephani
736 1663 813 1728 dicti
838 1663 956 1728 deer
971 1661 1030 1726 filii
1046 1661 1219 1739 Dominici,
1242 1661 1329 1743 quod
1345 1660 1467 1743 ipsein

328 1772 504 1838 dominium
536 1772 773 1856 possessionum
799 1771 919 1856 Zynier
944 1777 977 1836 et
1002 1768 1168 1835 Ohalanus
1199 1776 1397 1850 vocatarum,
1429 1769 1466 1833 in

326 1882 481 1947 comitatu
497 1880 730 1964 Zempliniensi
748 1881 965 1958 existencium,
988 1879 1150 1963 quondam
1167 1901 1224 1962 per
1240 1878 1466 1944 Laurencium

324 1988 428 2054 filium
444 1989 617 2055 Marherdi
632 1989 702 2072 ipso
719 1989 844 2054 vivente
871 2009 943 2052 cum
960 1988 1060 2053 nobili
1075 1988 1186 2072 puella
1212 1984 1330 2052 Annus
1346 1993 1465 2052 vocata

326 2102 422 2182 nepte
439 2118 498 2162 sua
522 2095 583 2162 sibi
608 2097 812 2172 traditarum,
838 2117 975 2178 quarum
992 2095 1162 2161 donacioni
1179 2095 1283 2161 eidem
1300 2095 1373 2159 aliis
1390 2095 1465 2158 lite-

325 2205 369 2268 ris
385 2204 504 2268 nostris
517 2202 703 2288 patentibus
720 2201 936 2267 mediantibus
962 2224 1152 2268 consensum
1169 2207 1316 2266 nostrum
1333 2204 1464 2285 regium

324 2311 490 2394 prebuisse
506 2309 733 2394 dignoscimur,
748 2311 891 2393 legitime
909 2309 1005 2374 vellet
1020 2311 1172 2390 introire3
1194 2331 1296 2394 quare
1320 2361 1348 2375 ..
1370 2332 1464 2376 man·

324 2419 445 2502 demus,
472 2425 632 2502 quotenus
657 2424 799 2484 vestrum
825 2419 960 2483 mittatis
992 2419 1153 2484 hominem
1184 2441 1242 2503 pro
1274 2420 1464 2484 testimonio

325 2527 387 2592 fide
404 2527 546 2611 dignum,
563 2548 626 2610 quo
643 2533 792 2611 presente
809 2527 999 2592 Dominicus
1015 2526 1101 2592 filius
1112 2527 1244 2591 Marcus
1254 2527 1295 2593 de
1305 2527 1461 2612 Hoporth

327 2637 376 2700 vel
392 2636 581 2701 Dominicus
600 2635 685 2700 filius
708 2634 838 2701 Nicolai
855 2635 894 2699 dc
911 2632 1035 2714 Gentel,
1060 2641 1118 2700 aut
1142 2635 1300 2702 Nicoleus
1316 2637 1356 2702 dc
1370 2636 1462 2702 Har-

324 2744 388 2808 nad
406 2744 479 2810 aliis
496 2745 686 2811 absentibus
696 2745 790 2809 homo
806 2751 916 2809 noster
940 2794 946 2808 .
963 2796 968 2807 .
993 2743 1147 2810 adsocies
1167 2747 1354 2811 earumdem
1371 2766 1463 2811 acce-

325 2851 437 2930 dendo,
462 2853 641 2936 predictum
666 2851 868 2935 Stephanum
893 2852 1015 2917 dictum
1031 2853 1148 2919 deer
1163 2853 1197 2916 in
1214 2853 1392 2919 dominium
1408 2876 1462 2920 ea·

325 2959 471 3024 rumdem
496 2959 639 3042 legitime
664 2960 856 3037 introducat,
883 2966 915 3023 et
939 2960 1025 3043 ipsas
1042 2960 1144 3024 eidem
1162 2967 1288 3026 statuat
1303 2963 1461 3044 premisso

323 3067 421 3132 titulo
437 3072 593 3152 perpetuo
609 3067 827 3150 possidendas,
854 3068 880 3132 si
905 3088 969 3132 non
993 3067 1092 3132 fuerit
1116 3069 1362 3146 contradictum,
1387 3091 1461 3134 con-

323 3174 517 3241 tradictores
538 3196 612 3239 vero
631 3175 657 3238 si
679 3176 734 3258 qui
759 3174 887 3252 fuerint,
913 3177 989 3240 citet
1013 3176 1099 3263 ipsos
1125 3183 1238 3242 contra
1261 3178 1402 3242 cundem
1418 3179 1460 3243 ad

323 3289 468 3349 nostram
499 3285 698 3365 presenciam
731 3282 772 3348 ad
804 3283 976 3349 terminum
1002 3290 1243 3367 competentem,
1275 3291 1309 3350 et
1340 3287 1457 3351 seriem

323 3392 425 3475 ipsius
456 3391 645 3456 statutionis
676 3391 725 3455 vel
757 3392 886 3456 nomina
917 3393 1189 3458 contradictorum
1221 3399 1253 3457 et
1283 3395 1458 3458 terminum

323 3500 523 3582 assignatum
541 3499 631 3565 nobis
646 3499 787 3564 fideliter
812 3501 1006 3567 rescribetis.
1033 3500 1156 3564 Datum
1183 3499 1351 3584 strigonii,
1376 3501 1458 3567 feria

322 3613 412 3673 sexta
427 3607 574 3691 proxima
590 3613 661 3691 post
678 3607 795 3672 festum
811 3607 897 3674 beati
914 3607 939 3673 J
940 3608 1030 3674 acobi
1051 3609 1197 3692 apostoli,
1222 3631 1307 3674 enno
1333 3611 1455 3676 domini

322 3716 398 3780 Μ1110
428 3713 549 3782 OOOmo
581 3716 646 3782 Lmo
672 3715 821 3781 secundo.
857 3715 926 3781 Nos
961 3717 1060 3799 igitur
1093 3769 1121 3781 ..
1154 3739 1294 3783 unacum
1328 3720 1456 3802 prefato

323 3823 460 3890 Nicolao
484 3822 551 3888 filio
575 3822 733 3908 Stephani
758 3825 797 3889 de
823 3825 1085 3911 Hernadnempti
1115 3827 1243 3892 homine
1259 3835 1376 3906 vestro,
1402 3851 1455 3894 no-

322 3939 426 3997 strum
449 3931 610 3998 hominem
635 3983 664 3997 ..
690 3934 882 4016 magistrum
908 3934 1032 4000 Lucam
1058 3934 1209 4000 clericum
1236 3936 1325 4002 chori
1352 3940 1456 4003 nostri

321 4041 558 4107 transmisimus
590 4063 649 4124 pro
680 4043 865 4108 testimonio
899 4043 941 4108 ad
969 4044 1126 4129 premissa
1159 4045 1316 4111 mandata
1348 4053 1456 4111 restra

321 4149 534 4232 exsequenda,
563 4149 772 4232 quiquidem
804 4151 898 4216 homo
930 4157 1034 4216 vester
1057 4201 1086 4214 ..
1124 4151 1214 4216 nobis
1246 4152 1359 4218 retulit
1390 4155 1453 4218 isto

320 4255 423 4332 modo,
465 4254 550 4338 quod
584 4257 653 4339 ipse
687 4277 826 4322 unacum
866 4257 977 4322 eodem
1011 4259 1192 4323 testimonio
1227 4267 1338 4326 nostro
1372 4259 1455 4326 ferie

321 4364 436 4445 quinte
460 4362 607 4445 proxima
631 4369 705 4446 post
729 4370 858 4430 octavas
884 4365 958 4430 festi
982 4366 1083 4432 sancti
1099 4365 1216 4432 Jacobi
1232 4369 1371 4452 apostoli
1388 4369 1455 4435 ianr

320 4470 502 4553 preteritas,
519 4471 727 4538 accessissent
742 4473 784 4538 cd
800 4473 913 4539 faciem
931 4473 1137 4556 possessionis
1148 4473 1269 4559 Zynier
1285 4481 1317 4540 et
1333 4474 1454 4544 Chala-

320 4599 381 4642 nus
397 4579 665 4660 supradictarum,
691 4587 723 4644 61
738 4580 782 4646 ibi
799 4580 863 4665 ipsi
880 4582 991 4646 vicinis
1017 4589 1049 4646 et
1075 4584 1302 4649 commetancis
1327 4605 1454 4651 earnm-

321 4684 402 4768 dem,
436 4707 515 4770 quos
540 4687 625 4752 domi
650 4689 792 4774 reperire
826 4691 1015 4774 potuissent,
1046 4689 1189 4774 legitime
1212 4695 1396 4759 convocetis
1423 4705 1454 4760 et
