3180 5470
522 523 616 585 1351.
633 545 727 586 usur.
746 523 797 587 24.
1153 527 1217 588 437

91 703 168 768 feria
194 702 335 768 secunda
360 701 505 784 proxima
530 708 603 787 post
633 703 827 768 dominicam
853 701 958 782 Oculi,
984 723 1068 769 anno
1100 703 1219 771 domini

90 809 272 879 M⁰COC¹¹¹⁰
282 811 551 896 quinquagesimo
568 814 679 894 primo.

193 959 347 1022 Httlapjtn
369 958 460 1023 peccet
481 959 658 1023 nyomaiva13
681 959 811 1023 eredat-lje
833 975 865 1010 az
887 975 957 1010 orez.
974 961 1006 1010 lt.
1032 961 1131 1011 kinost.
1146 965 1217 1010 oszt.

88 1051 119 1099 N.
133 1051 165 1101 R.
179 1051 213 1100 A.
230 1053 306 1100 1081.
322 1055 344 1100 5.
359 1047 426 1113 dipl.
440 1053 507 1098 oszt.
524 1053 601 1100 4178.
621 1047 721 1098 Kozri:
736 1049 845 1099 Koraos
859 1049 893 1098 N.

574 1211 733 1219 ..ο-ι--ψ-

615 1377 687 1438 272.

87 1521 181 1585 1351.
208 1530 301 1585 mart.
327 1521 379 1582 24.
406 1517 540 1604 Ape'csi
562 1517 716 1600 kdprtulau
744 1517 814 1580 elata
830 1516 987 1580 Ke‘me'adi
1004 1513 1149 1582 Corrard
1171 1519 1218 1596 fia

84 1627 192 1693 Jatab
208 1627 286 1708 fiai,
301 1652 322 1692 a
339 1627 462 1691 accoliti
480 1625 602 1711 Gperlai
634 1625 744 1690 cuulad
763 1627 832 1703 daei,
849 1649 870 1689 a
889 1624 976 1710 Gydr
1000 1625 1217 1710 uemaetadpbr'il

87 1737 154 1800 rald
169 1735 291 1818 Peilfla
313 1736 430 1800 Tama'a
446 1735 623 1822 lca'nya'nek
639 1735 820 1812 Kidrciauk,
837 1739 868 1800 e'a
887 1757 957 1798 eren
974 1733 1080 1798 Kidra
1104 1740 1216 1821 aayjci-

86 1844 146 1906 uak
162 1867 183 1907 a
200 1843 304 1929 Nepai
317 1843 534 1930 aemzetae'pbdi
558 1848 744 1907 ezdrruazott
761 1843 878 1906 Mittas
901 1841 1077 1927 ierinpdaak
1097 1843 1215 1908 Borbo'·

82 1951 191 2030 ldrtek,
221 1949 354 2015 Garucail
386 1960 464 2014 uerit
490 1949 643 2014 hirlokbo'i
675 1951 779 2036 ieduyi
810 1952 937 2035 rreppcd-
971 1949 1073 2012 illatae
1103 1948 1217 2016 hirta-t

444 2061 679 2144 jairoudrisa'ptit
703 2060 845 2144 ttudjdls.

189 2221 260 2289 Nos
285 2225 463 2308 capitulum
490 2225 620 2290 ecclesie
652 2222 1027 2307 Quinqueecclesiensis.
1055 2272 1061 2285 .
1094 2222 1214 2305 signifi-

80 2353 213 2396 camus.
240 2381 247 2394 .
280 2331 463 2414 quodcum
489 2333 579 2398 iuxta
604 2333 837 2396 continenciam
867 2332 1011 2415 priorum
1043 2329 1212 2396 literarum

82 2445 269 2504 nostrarum
289 2441 615 2524 composicionalium‚
632 2439 765 2504 sormam
792 2437 960 2504 cuiusdam
985 2439 1114 2503 arbitrii
1131 2439 1164 2502 iu
1181 2461 1214 2503 se

79 2549 326 2626 continendum,
343 2549 488 2631 magistri
514 2547 669 2615 Nicolaus
687 2555 719 2611 et
735 2546 916 2614 Corrardus
941 2544 1000 2610 filii
1019 2547 1043 2610 J
1045 2545 1137 2611 acobi
1154 2543 1212 2610 filii

78 2655 234 2722 Corrardi
259 2655 299 2719 de
325 2655 465 2738 Kemud,
483 2657 610 2721 racione
636 2663 752 2738 quarte
778 2654 933 2738 puellaris
959 2653 1085 2718 domine
1112 2653 1212 2719 Clara

78 2766 236 2828 consortis
263 2763 399 2828 condam
418 2765 515 2832 ,Petri
541 2763 599 2828 filii
626 2762 728 2830 Oltha
753 2762 818 2827 filie
850 2762 973 2828 scilicet
1005 2761 1128 2825 Thome
1154 2759 1212 2824 filii

80 2872 175 2936 Pauli
192 2871 233 2936 de
250 2892 367 2954 genere
379 2870 479 2950 (leur,
490 2879 521 2936 et
537 2871 620 2937 dotis
637 2893 675 2937 ac
692 2891 800 2936 rerum
817 2869 1069 2955 parafernalium
1086 2869 1212 2933 domine

78 2981 191 3045 matris
209 2980 352 3046 eiusdem
372 2983 508 3058 domine,
525 2981 682 3046 consortis
707 2979 831 3045 scilicet
857 2978 1072 3062 prenominati
1089 2977 1211 3042 Thome

76 3089 134 3154 filii
151 3091 261 3168 Pauli,
279 3087 344 3154 filie
360 3087 490 3155 Nicolai
507 3089 732 3173 sratrisBatyz
749 3089 788 3153 de
805 3107 921 3172 genere
936 3085 1051 3169 Neget
1062 3085 1212 3149 Barbara

76 3201 251 3276 nominate,
270 3217 369 3279 quam
395 3199 504 3262 e‘edem
530 3198 656 3263 domine
675 3200 706 3262 in
723 3197 921 3281 possessione
939 3191 1082 3260 Gunchil
1098 3199 1211 3258 uocata

75 3310 106 3372 in
124 3307 284 3374 comitatu
305 3305 460 3390 Baranya
485 3308 649 3390 existente,
667 3307 757 3370 iuxta
782 3304 1015 3370 continenciam
1040 3301 1210 3366 literarum

73 3423 262 3480 nostrarum
280 3415 528 3499 privilegialium
548 3413 667 3479 habere
684 3413 943 3494 dinoscebantur‚
959 3411 1107 3477 undecim
1126 3431 1209 3475 mar-

73 3547 128 3590 cas
154 3523 279 3608 partim
304 3525 337 3586 in
362 3523 499 3606 promtis
530 3521 670 3587 denariis
701 3523 820 3606 partim
846 3542 920 3586 vero
944 3521 977 3585 in
992 3519 1210 3586 'estimacione

72 3633 227 3700 denarios
243 3632 380 3710 valente,
397 3630 575 3714 quamlibet
599 3651 742 3696 marcam
769 3651 842 3695 cum
867 3649 922 3694 sex
946 3631 1054 3714 pensis
1080 3651 1209 3713 compu-

71 3744 187 3820 tand0,
211 3741 316 3806 eidem
341 3739 467 3805 domine
502 3737 602 3804 Clara
627 3739 767 3804 consorti
790 3739 882 3803 Petri
907 3737 966 3804 filii
982 3737 1092 3817 Ortha,
1108 3737 1141 3802 in
1158 3739 1209 3804 die

72 3851 173 3918 medii
191 3847 447 3933 Quadragesime
467 3848 534 3912 sine
560 3847 794 3913 crastinacione
814 3848 891 3913 dare
908 3854 942 3912 et
957 3847 1086 3928 solvere,
1103 3867 1120 3912 e
1137 3868 1208 3912 eon-

70 3981 166 4026 serso
194 3957 306 4022 eodem
331 3956 382 4021 die
398 3955 595 4022 Franciscus
611 3961 644 4020 et
659 3955 684 4020 J
686 3955 804 4021 acobus
830 3952 888 4020 filii
914 3957 1055 4022 eiusdem
1082 3955 1208 4021 domine

69 4072 102 4134 in
119 4087 265 4153 persona
281 4063 422 4130 eiusdem
440 4063 556 4130 nobilis
573 4064 700 4128 domine
717 4061 816 4129 Olera
832 4071 1017 4148 nuncupate
1032 4086 1105 4130 cum
1122 4063 1209 4130 sulli-

70 4175 238 4242 oieutibus
254 4172 358 4238 literis
374 4171 606 4254 procuratoriis
623 4170 808 4254 specialiter
824 4172 864 4236 ad
880 4171 940 4236 hoc
956 4172 1114 4236 emanatis
1125 4193 1207 4236 com·

69 4304 201 4370 parere,
218 4287 251 4346 et
266 4300 364 4364 super
380 4280 451 4363 ipsa
468 4285 587 4362 quarta
603 4281 743 4364 puellari
760 4279 887 4344 domine
904 4283 1017 4344 matris
1034 4301 1153 4359 eorum,
1170 4301 1208 4346 ac

69 4395 145 4458 dote
165 4397 201 4456 et
219 4390 317 4455 rebus
336 4389 596 4474 parafernalibus
622 4390 748 4455 domine
773 4390 887 4454 matris
913 4389 1053 4454 eiusdem
1080 4389 1208 4453 domiue

68 4501 270 4587 supradicte,
310 4499 436 4564 eosdem
469 4499 641 4582 magistros
685 4497 857 4563 Nicolaum
890 4504 922 4562 et
953 4497 1140 4576 Corardum
1169 4518 1207 4561 ao

68 4632 187 4678 eorum
218 4609 353 4676 heredes
383 4607 513 4692 penitus
540 4614 572 4672 et
600 4629 657 4691 per
686 4609 793 4672 omnia
809 4607 973 4690 expeditos
1004 4605 1147 4685 reddere,
1174 4612 1206 4670 et

67 4720 195 4784 dictam
214 4717 448 4802 possessiouem
468 4713 620 4800 Gunehyl
646 4721 838 4798 perpetuare
855 4737 893 4780 ac
909 4715 1061 4780 uniuersa
1087 4715 1206 4780 instru-
