3226 5462
386 491 427 554 60
737 505 924 551 aurounoru
940 490 1154 552 onuluvria.

384 669 522 754 indeque
548 669 609 733 iret
633 667 675 732 ad
700 674 827 752 partem
853 668 1086 733 occidentalem
1112 673 1145 732 et
1169 669 1324 734 transiret
1348 669 1389 732 ad
1415 668 1507 733 alium

384 778 514 843 fluvium
531 777 671 845 Rennuk
695 777 904 856 nominatum,
932 778 986 859 qui
1003 781 1147 841 curreret
1171 777 1258 840 circa
1282 777 1506 860 possessionem

384 886 518 970 Megyes
535 890 689 966 vocatam,
706 889 739 949 et
754 883 871 949 abhinc
887 884 1042 949 transiret
1066 905 1124 967 per
1140 905 1293 967 magnum
1319 884 1463 968 spacium
1479 891 1509 950 et

384 993 566 1079 perveniret
582 993 622 1057 ad
638 999 779 1058 montem
794 991 945 1076 Moglath
961 997 1190 1076 nuncupatum,
1207 998 1239 1057 et
1252 993 1296 1057 ibi
1312 999 1508 1075 separaret..

384 1109 485 1168 metas
501 1099 710 1185 possessionis
726 1100 836 1167 Souar
853 1101 1053 1184 supradicte;
1077 1122 1277 1168 assummeus
1295 1100 1381 1166 idem
1396 1101 1507 1167 Dobou

386 1211 563 1296 predictum
589 1210 781 1292 magistrum
806 1208 903 1274 Denlr
927 1208 1062 1274 firmiter
1086 1209 1128 1274 ad
1153 1209 1186 1274 id
1212 1209 1391 1292 obligando,
1423 1211 1505 1294 quod

385 1319 643 1400 quandocunque
667 1338 818 1401 processu
835 1324 1015 1401 temporum
1031 1317 1166 1402 sepelisti
1182 1318 1330 1400 magistri
1347 1318 1462 1384 Petrus
1479 1325 1509 1383 et

385 1427 556 1494 Ladislaus
573 1417 651 1492 dicti
668 1425 751 1492 Sous
765 1426 814 1490 vel
831 1447 939 1491 eorum
957 1447 1154 1491 successores
1171 1425 1300 1490 racione
1315 1427 1509 1509 prefatorum

385 1537 620 1620 posscssionum
637 1586 643 1600 .
662 1587 668 1600 .
685 1557 742 1619 per
757 1537 919 1618 proximos
936 1541 968 1599 et
984 1535 1211 1618 generaciones
1238 1533 1340 1618 ipsius
1365 1535 1508 1618 magistri

385 1646 481 1712 Denk
497 1667 581 1710 nexu
606 1644 756 1727 contigue
772 1640 885 1727 (liuee)
902 1644 1152 1726 possessionarie
1175 1641 1340 1707 divisionis
1364 1643 1425 1707 sibi
1439 1643 1510 1708 atti-

384 1762 496 1819 nentes
529 1753 779 1818 molestarentur
795 1801 801 1816 .
819 1801 826 1816 .
844 1758 961 1816 extunc
986 1751 1070 1815 idem
1095 1751 1251 1834 magister
1282 1750 1379 1815 Deuk
1405 1758 1438 1816 et
1461 1752 1509 1816 sui

384 1882 583 1928 successores
599 1861 640 1926 ab
657 1858 776 1924 eisdem
793 1859 947 1943 proximis
963 1865 995 1922 et
1011 1855 1277 1941 generacionibus
1302 1879 1410 1924 eorum
1426 1859 1510 1942 ipsos

384 1971 556 2054 magistros
571 1971 707 2034 Petrum
723 1975 755 2033 et
771 1968 961 2034 Ladislaum
978 1968 1080 2032 dictos
1096 1965 1179 2034 Sous
1195 1973 1228 2032 et
1244 1988 1354 2032 eorum
1380 1967 1509 2031 heredes

385 2079 581 2162 expedire..
598 2081 800 2142 tenerentur.
819 2125 825 2138 .
842 2076 995 2143 Ceterum
1012 2074 1098 2139 idem
1113 2075 1267 2158 magister
1277 2072 1374 2139 Denlr
1390 2075 1511 2138 univor-

385 2207 437 2250 sas
462 2185 597 2250 literas.
615 2237 620 2249 .
638 2206 734 2268 super
760 2183 844 2248 fracto
870 2184 1031 2248 dictarum
1057 2183 1293 2264 possessionum
1318 2181 1511 2267 Byztrelrezy

385 2300 417 2358 et
433 2293 651 2377 Rennuklrezy
678 2343 707 2358 ..
734 2293 894 2357 confectas
920 2344 950 2356 ..
975 2291 1095 2356 viribus
1121 2313 1231 2357 carere
1256 2293 1511 2357 commisisset..

385 2401 469 2466 sieut
493 2401 593 2465 eciam
618 2401 751 2465 totalem
777 2400 932 2484 premisse
967 2399 1173 2464 confessionis
1213 2401 1455 2482 composicionis
1481 2407 1511 2466 et

384 2509 632 2592 possessionarie
658 2507 887 2590 rosignacionis
913 2507 1027 2571 seriem
1052 2506 1149 2570 iidem
1173 2505 1322 2588 magistri
1348 2507 1464 2572 Petrus
1481 2513 1512 2573 et

384 2615 557 2682 Iiadislaus
581 2614 660 2680 dicti
684 2614 765 2680 Suus
791 2637 829 2680 ac
852 2615 949 2680 Denk
972 2614 1058 2680 filius
1084 2613 1212 2680 Nicolai
1238 2613 1378 2696 propriis
1404 2635 1510 2680 coram

385 2724 477 2789 nobis
502 2731 646 2788 astantes
672 2726 704 2788 in
730 2724 884 2808 personis,
904 2725 990 2788 iuter
1014 2745 1047 2788 se
1073 2722 1325 2788 irrevocabiliter
1351 2723 1419 2788 fieri
1446 2726 1511 2790 siue

355 2827 361 2834 ’
384 2832 567 2896 variaoione
577 2831 755 2897 liberaliter
765 2834 962 2910 coufitentes,
972 2833 1140 2898 voluerant
1149 2841 1182 2896 et
1191 2832 1391 2897 admiserant
1406 2855 1512 2898 coram

385 2939 484 3006 nobis.
508 2940 553 3004 Et
568 2941 645 3022 quia
660 2940 756 3004 iidem
773 2942 921 3023 magistri
939 2941 1057 3005 Petrus
1083 2947 1116 3004 et
1140 2940 1317 3004 Ladislaus
1333 2940 1411 3005 dieti
1431 2939 1510 3006 Sous

385 3049 417 3112 in
443 3049 602 3112 dictarum
627 3049 861 3132 possessionum
895 3049 1133 3132 resignatarum
1168 3047 1346 3112 dominium
1370 3049 1512 3131 legitime

386 3155 546 3221 debebant
556 3155 698 3236 introire,
715 3155 786 3220 ideo
798 3157 1067 3236 commiseramus
1082 3163 1118 3220 ut
1127 3155 1246 3220 Petrus
1256 3155 1342 3221 filius
1358 3157 1512 3241 Lypolch,

385 3264 433 3328 vel
449 3265 617 3329 ‚lohannes
643 3286 777 3347 magnus
796 3265 835 3329 de
852 3285 968 3346 genere
988 3265 1109 3330 Tekele
1134 3266 1236 3330 altero
1261 3266 1394 3330 absente
1418 3265 1512 3328 homo

385 3373 492 3454 regius
517 3379 663 3455 presente
689 3373 871 3437 testimonio
896 3373 1030 3456 capituli
1055 3373 1188 3438 ecclesie
1208 3372 1425 3456 Scepesiensis
1443 3393 1512 3455 pre-

384 3481 585 3544 nominati..
606 3479 647 3544 ad
672 3479 768 3546 iacies
794 3481 954 3545 dictarum
986 3481 1223 3564 possessionum
1254 3480 1452 3564 Byutrekezy
1481 3485 1513 3543 et

384 3587 603 3672 Rennukkezy
627 3595 814 3653 vocatarum
839 3589 1028 3666 accedendo,
1055 3587 1274 3653 roambularet
1298 3588 1426 3654 easdem
1453 3609 1510 3671 per

385 3699 637 3782 prescriptarum
656 3706 814 3764 metarum
834 3699 1065 3764 distincciones·
1087 3705 1120 3763 et
1135 3704 1293 3764 statueret
1309 3747 1315 3762 .
1333 3747 1339 3762 .
1357 3697 1512 3781 predictis

384 3807 548 3889 magistris
565 3808 663 3872 Petro
679 3813 712 3871 et
726 3806 883 3871 Ladislao
909 3807 1003 3872 dictis
1033 3805 1114 3872 Sous
1131 3827 1203 3871 cum
1217 3827 1328 3871 earum
1345 3854 1351 3869 .
1369 3854 1375 3868 .
1393 3804 1514 3868 utilita-

384 3914 470 3979 tibus
486 3922 518 3978 et
534 3914 593 3978 sub
603 3915 831 3996 promissarum
848 3920 1007 3978 metarum
1024 3913 1170 3979 cursibus
1181 3935 1218 3978 eo
1228 3915 1297 3978 iure
1313 3935 1377 3996 quo
1394 3912 1512 3976 eisdem

383 4021 626 4086 dinoscereutur
649 4022 819 4104 pertinere,
840 4021 908 4086 sine
939 4021 1116 4104 preindicio
1147 4021 1227 4086 iuris
1253 4021 1358 4096 alieni,
1389 4027 1514 4084 contra·

383 4129 526 4194 diccione
542 4127 642 4212 ipsius
658 4129 804 4212 magistri
822 4129 919 4194 Denk
930 4137 961 4194 et
971 4129 1108 4194 aliorum
1126 4129 1354 4214 quorumlibet,
1371 4149 1409 4194 eo
1426 4128 1512 4211 quod

383 4239 417 4300 in
427 4238 528 4320 ipsius
538 4235 604 4300 litis
615 4235 740 4300 diutina
750 4236 974 4302 ventillacione
991 4237 1111 4302 nullius
1131 4238 1348 4304 contradiecio
1365 4236 1514 4322 partibus

384 4347 538 4424 obviarat,
564 4367 626 4410 non
652 4345 809 4426 obstante,
834 4355 990 4430 perpetuo
1015 4347 1243 4431 possidendas;
1271 4348 1297 4412 si
1323 4345 1379 4429 qui
1405 4351 1514 4410 sautem

384 4454 506 4536 aliquid
522 4454 602 4520 iuris
619 4455 650 4518 in
669 4455 787 4519 eisdem
813 4477 846 4520 se
872 4462 1041 4537 sperarent
1066 4456 1194 4538 habere,
1220 4457 1307 4522 lacta
1323 4455 1514 4531 statucione,

382 4568 652 4645 prosequerentur
665 4561 741 4626 dum
751 4561 870 4628 vellent
880 4563 959 4628 iuris
969 4561 1267 4644 ordineobservat03
1278 4563 1393 4628 seriem
1403 4569 1514 4627 autern

383 4671 484 4757 ipsius
500 4667 768 4735 reambulacionis
785 4721 791 4732 .
808 4719 815 4732 .
832 4693 904 4737 cum
922 4723 928 4735 .
946 4720 952 4735 .
968 4671 1071 4735 tocius
1087 4673 1211 4753 peracti
1226 4672 1349 4755 negocii
1360 4692 1515 4755 processu
