3180 5470
668 488 854 536 Aarousoru
872 475 1086 532 cunturrln.

836 724 910 784 247.

313 884 406 947 1350.
424 881 651 968 Szoorbathelp,
667 894 740 968 sept.
757 883 809 947 25.
835 883 910 962 Pol,
938 883 1071 969 Rc'pcac-
1087 885 1118 947 e's
1136 882 1450 969 Gpdnppiis·ruelleiki
1510 945 1519 960 ,

302 990 466 1076 sdespercc
481 995 512 1056 e‘s
527 989 663 1076 pitspo'lci
678 989 866 1070 alvicariuc,
878 990 1019 1076 biscopes
1029 989 1164 1053 bithis-re
1179 992 1269 1053 aczvc
1281 1014 1302 1052 a
1314 989 1450 1053 ,Resona

300 1100 352 1182 flu
379 1099 494 1164 relictos
518 1101 550 1162 c's
575 1099 715 1163 Ka'moai
745 1099 899 1164 Bertolao
925 1098 994 1162 ledat
1010 1097 1100 1184 folpt
1125 1107 1217 1184 lippet
1248 1098 1449 1182 ethalosztja.

415 1280 539 1344 Paulus
555 1278 801 1344 archidiaconus
818 1278 857 1344 dc
873 1280 965 1344 iuxta
981 1279 1114 1363 Repche
1130 1286 1164 1344 et
1179 1277 1316 1363 Gyngus
1344 1298 1383 1342 ao
1400 1277 1449 1340 ri·

310 1388 483 1453 cericarius
499 1386 619 1451 domini
636 1387 756 1452 Briccii
776 1388 931 1470 prepositi
941 1387 967 1452 J
968 1387 1126 1452 auriensis
1159 1439 1165 1450 .
1183 1438 1189 1452 .
1213 1385 1334 1450 domini
1350 1384 1449 1450 Colo

307 1495 418 1559 manui
443 1495 583 1578 episcopi
609 1494 751 1559 eiusdem
776 1494 839 1559 loci
864 1495 1033 1578 generalis,
1058 1495 1173 1560 damus
1198 1515 1256 1579 pro
1276 1495 1449 1570 memoria,

310 1603 485 1685 quodcum
502 1603 676 1667 secundum
702 1603 938 1668 continenciam
962 1603 1106 1687 priorum
1130 1603 1298 1668 literarum
1317 1609 1449 1668 nostra·

309 1733 381 1775 rum
406 1711 705 1794 prorogatoriarum
731 1717 764 1776 et
788 1711 1042 1776 estimandarum
1067 1709 1149 1796 (igy)
1174 1709 1330 1776 Nicolaus
1356 1710 1448 1776 filius

238 1877 241 1882 ,
309 1816 456 1894 Ratholt,
481 1837 611 1882 causam
638 1839 735 1900 quam
759 1817 902 1883 habebat
926 1819 1067 1884 secunda
1090 1817 1171 1884 seria
1199 1819 1346 1901 proxima
1365 1825 1448 1882 ante

309 1923 427 1988 festum
442 1923 530 1988 beati
546 1925 672 1990 Mathci
690 1925 828 2009 apostoli
854 1931 887 1990 et
911 1925 1115 2008 evangeliste,
1141 1931 1254 1990 contra
1269 1925 1448 1992 Bartholo-

308 2053 416 2096 meum
431 2031 532 2096 filium
549 2031 712 2098 Johanuis
737 2031 777 2097 de
802 2031 947 2111 Kamun,
972 2052 1070 2116 super
1085 2032 1159 2097 dote
1184 2033 1217 2096 in
1241 2033 1448 2115 possessione

309 2137 468 2221 Stephani
499 2141 558 2206 filii
583 2140 740 2206 Heranch
765 2137 869 2224 (kivul
894 2137 1056 2224 Hermam)
1082 2141 1121 2206 de
1147 2141 1267 2223 eadem,
1291 2140 1448 2224 partibus

314 2267 422 2312 coram
438 2247 530 2314 uobis
546 2249 814 2333 comparentibus
830 2271 960 2316 causam
978 2251 1063 2315 inter
1079 2257 1187 2333 partes
1202 2249 1448 2328 indicassemus,

308 2363 345 2421 ut
360 2356 497 2422 eandem
513 2359 744 2440 possessionem
762 2359 853 2424 iuxta
869 2360 1087 2441 quantitatem
1097 2364 1130 2422 et
1139 2359 1281 2422 valorem
1291 2357 1449 2422 estiment

309 2464 483 2528 secundum
510 2466 771 2531 consuetudinem
796 2468 896 2550 regni,
921 2467 1048 2532 homine
1072 2471 1181 2531 nostro
1212 2465 1386 2541 mediante,
1409 2471 1449 2530 et

309 2571 442 2654 posthac
466 2594 597 2638 causam
622 2575 706 2639 inter
731 2581 840 2656 partes
865 2597 961 2659 super
987 2595 1024 2640 eo
1048 2574 1284 2654 discuciamus3
1308 2575 1447 2640 tandem

308 2701 382 2744 vero
408 2687 516 2763 partes
542 2703 614 2747 cum
639 2681 767 2746 homine
792 2689 901 2747 nostro
918 2704 1026 2748 coram
1048 2682 1139 2747 nobis
1168 2681 1392 2764 comparendo,
1408 2684 1446 2746 in

309 2788 514 2854 estimacione
530 2788 757 2854 discordarunt
772 2811 809 2854 eo
825 2791 937 2855 modo:
962 2789 1118 2856 Nicolaus
1145 2795 1341 2854 memoratus
1357 2790 1448 2855 dice·

310 2896 368 2968 bat
383 2897 470 2962 circa
485 2896 753 2962 Bartholomeum
777 2898 940 2980 prelatum
965 2921 1063 2965 unam
1079 2897 1272 2982 particulam
1291 2904 1378 2962 terre
1402 2897 1448 2984 de

309 3005 507 3089 possessione
538 3002 737 3090 (supraesse)
769 3029 841 3072 cum
873 3007 942 3072 loco
974 3007 1156 3086 molendini,
1189 3006 1448 3072 Bartholomeus

309 3111 493 3178 affirmabat
518 3135 551 3178 se
576 3113 695 3179 habere
719 3120 848 3180 tantum
872 3117 937 3181 tria
960 3116 1073 3198 iugera
1097 3121 1258 3180 terrarum
1284 3116 1353 3179 sine
1372 3116 1448 3180 loco

310 3219 484 3284 molendini
500 3226 533 3285 et
548 3234 645 3304 super
661 3221 718 3287 illa
735 3223 800 3288 tria
815 3223 929 3306 iugera
953 3222 1066 3288 literas
1082 3222 1208 3302 habere,
1223 3221 1448 3288 mediantibus

310 3327 426 3412 quibus
442 3337 670 3412 comparasset,
686 3337 718 3395 et
732 3351 797 3395 non
814 3332 887 3414 plus
903 3330 1022 3396 habere
1033 3331 1149 3414 ;igitur
1159 3351 1217 3395 uos
1227 3331 1448 3395 assercionem

311 3437 455 3518 parcium
480 3437 647 3503 audientes
672 3438 879 3518 decrevimus,
905 3439 992 3520 quod
1019 3438 1269 3505 Bartholomeus
1300 3439 1449 3503 secunda

310 3541 392 3618 feria
407 3549 481 3626 post
495 3542 611 3610 festum
626 3543 713 3609 beati
728 3545 900 3610 Michaelis
917 3545 1102 3628 archangeli
1119 3543 1222 3622 debet,
1235 3543 1349 3608 literas
1365 3565 1449 3610 suas

310 3671 429 3734 ponere
447 3672 555 3716 coram
571 3653 662 3718 nobis
679 3675 775 3738 super
791 3653 849 3719 illa
865 3655 929 3720 tria
939 3655 1052 3738 iugera
1067 3659 1229 3718 terrarum
1245 3659 1449 3736 comparata,

310 3758 525 3824 mediantibus
549 3760 666 3843 quibus
692 3782 731 3826 ea
756 3759 943 3844 possideret,
970 3761 1056 3843 quod
1081 3760 1165 3825 idem
1189 3759 1449 3825 Bartholomeus

309 3865 415 3931 facere
431 3867 583 3932 assumsit
607 3869 738 3952 propria
763 3890 836 3934 oum
860 3869 1033 3951 voluntate,
1057 3868 1174 3933 adhoc
1198 3889 1232 3932 se
1258 3867 1451 3950 obligando.

309 3973 435 4038 Datum
459 3971 603 4057 Sabaria,
634 3975 768 4041 sabbato
799 3977 944 4060 proximo
974 3982 1046 4061 post
1071 3976 1188 4041 festum
1218 3982 1450 4055 memoratum,

311 4101 395 4147 anno
411 4081 533 4146 domini
558 4083 610 4148 M⁰
639 4083 758 4152 0th¹1¹⁰
780 4085 1055 4168 quinquagesimo.

419 4245 548 4310 Paplron,
562 4247 688 4295 zarlatau
702 4247 793 4309 pecstt
807 4247 1050 4310 maradvtnyaival
1062 4265 1068 4311 ;
1082 4245 1237 4310 eredetijea
1250 4246 1284 4295 N.
1298 4247 1452 4297 Murcum-

313 4336 378 4399 ban,
392 4350 409 4384 a
418 4335 539 4398 Bthtssy
553 4351 588 4385 cs.
603 4337 740 4386 ltartban.
