3188 5470
561 467 657 531 1348.
672 484 743 532 suu.
760 467 788 530 8.
1185 467 1248 532 287

114 649 312 730 occupasset
338 641 443 731 Super
461 666 524 728 quo
540 646 691 712 fidelitati
707 654 812 714 vestre
827 647 1033 732 precipiendo
1049 648 1250 726 mandamus,

116 759 280 836 quatenus
297 775 371 819 cum
386 754 540 838 Philippo
556 755 596 819 de
612 752 707 839 Mol(.
725 753 766 840 .)e
781 755 895 821 iuvene
920 756 995 822 aule
1021 763 1129 821 nostre
1145 759 1180 821 et
1195 756 1250 822 ho

113 862 201 925 mine
217 869 335 945 nostro,
360 884 459 928 unum
475 883 514 927 ex
530 862 617 927 vobis
642 864 746 928 virum
771 863 921 929 idoneum
937 865 1174 947 transmittatis,
1192 865 1248 948 qui

113 970 316 1050 accedentes,
331 971 373 1036 ab
388 971 536 1036 omnibus
552 992 572 1035 a
588 970 705 1056 quibus
721 971 813 1037 decet
829 977 862 1036 ot
877 972 961 1050 licet,
978 973 1081 1038 sciant
1096 980 1129 1038 et
1144 973 1250 1054 inqui·

114 1085 193 1143 rant
223 1080 440 1146 omnimodam
470 1082 650 1159 veritatem,
665 1087 698 1145 et
722 1081 840 1146 rescita
864 1082 898 1146 in
922 1083 1079 1164 premisso
1104 1081 1250 1164 veritate,

114 1185 226 1252 dicant
241 1188 361 1254 eisdem
378 1189 534 1255 Michaeli
550 1195 583 1254 et
598 1189 703 1254 Paulo
718 1188 932 1254 familiaribus
957 1189 1174 1274 predictorum
1190 1189 1250 1256 Ni·

115 1295 200 1360 colai
216 1302 250 1360 et
265 1297 362 1362 Pauli
378 1296 520 1362 filiorum
536 1296 650 1364 Lachlr
666 1297 763 1362 verbo
779 1302 898 1379 nostro,
919 1303 955 1363 ut
980 1319 1076 1381 super
1102 1298 1249 1364 omnibus

117 1405 285 1488 premissis
302 1412 335 1470 et
351 1405 485 1488 singulis
511 1406 740 1488 premissorum
755 1404 835 1488 ipsis
851 1408 1014 1490 preposito
1031 1413 1064 1471 et
1079 1409 1249 1473 conventui

116 1517 306 1583 monasterii
331 1517 370 1582 de
399 1514 510 1600 Saagh
541 1521 573 1580 et
604 1513 827 1598 iobagionibus
852 1515 1037 1580 eorumdem
1062 1516 1250 1600 impendant

119 1624 386 1706 satisfaccionem,
402 1646 441 1690 ac
456 1623 577 1689 dictam
598 1623 792 1706 particulam
809 1629 895 1687 terre
921 1644 994 1687 cum
1019 1623 1201 1688 molendino
1218 1631 1250 1689 et

115 1732 275 1796 universis
293 1729 403 1815 (rebus
420 1731 543 1812 absque
559 1727 692 1814 daJmno
713 1729 913 1794 restituendo
939 1736 972 1794 et
995 1729 1081 1813 ipsos
1107 1731 1249 1813 quinque

115 1840 303 1923 iobagiones
319 1839 357 1904 de
374 1839 560 1922 captivitate
576 1837 741 1918 mittendo,
758 1837 814 1920 qui
828 1839 855 1902 si
865 1837 998 1903 fecerint
1013 1838 1094 1904 beno
1111 1838 1249 1920 quidem,

114 1947 262 2032 alioquin
280 1944 293 2030 (
297 1996 445 2016 .......
446 1945 461 2033 )
477 1947 672 2012 Michaelem
689 1953 721 2011 et
737 1946 877 2011 Paulum
902 1955 1033 2013 evocent
1056 1948 1098 2013 ad
1122 1969 1250 2032 presen-

115 2056 199 2120 ciam
215 2064 373 2136 nostram3
389 2055 551 2139 iidemque
561 2056 706 2120 homines
723 2062 831 2120 noster
842 2061 875 2120 et
886 2063 990 2121 vester
1000 2055 1249 2134 dicantoisdem‚

115 2171 153 2228 ut
180 2159 360 2244 unacum(
363 2213 490 2229 ......
492 2163 505 2248 )
536 2163 664 2228 homine
690 2167 798 2228 nostro
825 2163 990 2230 occasione
1016 2163 1161 2246 qualibet
1186 2185 1249 2228 uon

115 2271 267 2336 obstante
293 2272 474 2337 incuriam
500 2275 639 2336 vestram
665 2271 772 2335 venire
803 2271 942 2335 debeant
967 2277 999 2336 et
1024 2291 1132 2336 coram
1157 2270 1246 2336 vobis

116 2378 350 2462 (comparando
374 2379 550 2464 racio)uem
576 2379 709 2444 reddere
733 2386 906 2444 teneantur
931 2379 970 2444 de
996 2381 1170 2464 premissis.
1204 2381 1250 2444 Et

114 2493 188 2570 post
203 2488 265 2554 hec
277 2495 375 2572 prout
389 2488 478 2554 vobis
495 2489 613 2553 veritas
629 2488 812 2553 constiterit
821 2489 1058 2572 premissorum,
1075 2509 1114 2552 ac
1129 2486 1249 2572 ipsa(m

115 2593 368 2680 erocacio(nem
395 2619 468 2662 cum
493 2594 589 2682 serie)
617 2597 720 2662 tocius
745 2597 824 2662 iacti
849 2603 957 2662 nostre
983 2597 1147 2662 maiestati
1173 2595 1249 2660 fide·

115 2703 190 2768 liter
215 2704 411 2770 rescribatis.
440 2705 565 2770 Datum
589 2703 692 2783 Bude,
717 2703 798 2769 feria
829 2703 969 2769 secunda
999 2704 1146 2788 proxima
1177 2711 1250 2788 post

114 2812 236 2876 festum
254 2812 494 2890 Penthocostee,
510 2833 594 2876 anno
604 2811 725 2876 domini
742 2813 793 2876 Μ0
817 2809 939 2878 COO'¹¹¹'
949 2811 1054 2876 XL¹¹¹⁰
1070 2832 1162 2877 nono.
1178 2811 1248 2876 Nos

115 2919 217 3003 igitur
235 2973 242 2987 .
260 2974 265 2986 .
283 2943 355 2986 cum
381 2920 525 3005 predicto
550 2919 703 3003 Philippo
728 2920 857 2984 homine
883 2926 988 2984 vestro
1005 2971 1011 2984 .
1029 2969 1036 2982 .
1056 2920 1224 2985 misimus.
1242 2970 1249 2985 .

115 3027 304 3094 Johannem
330 3029 486 3094 decanum
508 3029 629 3092 socium
645 3033 790 3092 nostrum
816 3047 875 3111 pro
900 3027 1086 3092 testimonio
1111 3028 1153 3092 ad
1180 3051 1249 3112 pre·

115 3139 249 3202 missam
274 3137 520 3221 inquisicionem
544 3137 743 3216 faciendum
777 3137 834 3218 qui
859 3136 1014 3203 tandem.
1034 3185 1040 3197 .
1057 3137 1247 3215 retulerunt,

116 3245 202 3328 quod
220 3245 331 3311 omnia
347 3246 504 3330 premissa
528 3267 586 3328 per
611 3251 804 3311 memoratos
829 3244 1025 3311 Michaelem
1051 3251 1084 3308 et
1109 3244 1249 3310 Paulum

115 3356 293 3420 servientes
309 3353 506 3437 prefatorum
522 3353 651 3420 Nicolai
668 3361 700 3418 et
717 3355 813 3420 Pauli
824 3354 962 3421 filiorum
972 3355 1086 3422 Laohk
1102 3376 1139 3421 eo
1156 3355 1249 3420 modo

114 3463 200 3529 facta
217 3469 251 3528 et
266 3464 436 3528 commissa
452 3462 658 3544 exstitissent,
684 3484 747 3546 quo
763 3463 796 3527 in
812 3469 923 3528 tenore
947 3463 1165 3548 predictarum
1180 3462 1249 3528 lite·

115 3595 227 3638 rarum
260 3577 440 3636 vestrarum
464 3570 591 3656 plenius
622 3572 822 3652 continetur;
847 3572 902 3638 sed
927 3572 1013 3638 facta
1038 3573 1250 3654 inquisicione

115 3681 358 3765 premissorum,
374 3679 510 3762 predicti
535 3679 678 3745 Michael
703 3686 737 3745 et
761 3681 885 3746 Paulus
905 3687 1052 3764 presente
1068 3680 1179 3744 eodem
1195 3679 1249 3743 ho·

115 3787 202 3854 mine
218 3793 340 3865 nostro,
349 3786 444 3852 boves
460 3793 492 3851 et
505 3808 604 3870 equos
620 3787 746 3853 ablatos
763 3789 978 3853 restituissent
994 3809 1032 3852 ac
1047 3787 1133 3870 ipsos
1149 3787 1248 3870 capti-

115 3919 173 3963 vos
187 3897 228 3962 de
244 3917 354 3961 eorum
371 3895 561 3978 captivitate
577 3895 783 3974 remisissent,
807 3902 929 3962 terram
954 3897 1055 3960 eciam
1080 3917 1138 3980 per
1163 3895 1248 3979 ipsos

115 4009 309 4088 occupatam
325 4003 426 4068 eidem
443 4001 575 4068 ecclesie
591 4001 739 4068 similiter
755 4003 991 4086 resignassent;
1015 4023 1111 4085 super
1127 4003 1247 4067 molen·

115 4113 193 4178 diuo
218 4131 294 4176 vero
319 4110 430 4176 taliter
454 4109 703 4194 respondissent,
728 4110 814 4193 quod
839 4131 902 4174 uon
922 4131 980 4193 per
1005 4109 1090 4192 ipsos
1116 4109 1172 4174 sed
1189 4131 1247 4193 per

116 4219 264 4285 dominos
281 4239 393 4284 eorum
408 4218 514 4302 ipsum
530 4217 748 4282 molendinum
764 4217 932 4283 abeodem
958 4218 1119 4301 preposito
1134 4217 1250 4283 fuisset

118 4327 274 4405 ablatum,
291 4325 378 4407 quod
393 4325 481 4390 nullo
498 4323 592 4389 modo
608 4324 676 4388 sine
698 4325 780 4390 scitu
805 4325 1007 4389 dominorum
1031 4344 1141 4388 eorum
1158 4325 1250 4390 resti·

117 4443 210 4500 tuere
226 4434 394 4516 auderent
410 4453 447 4499 eo
463 4433 548 4517 quod
564 4432 610 4499 eis
626 4455 685 4518 per
701 4433 845 4499 dominos
862 4454 972 4498 eorum
997 4439 1035 4497 ut
1050 4431 1249 4516 premittitur

118 4547 205 4608 esset
220 4543 419 4625 assignatum
432 4565 439 4624 ;
462 4563 559 4626 super
583 4541 655 4605 aliis
680 4563 754 4606 vero
770 4541 896 4607 damnis
912 4548 945 4606 et
960 4540 1145 4606 vulneribus
1161 4539 1247 4604 ioha-

120 4650 251 4736 gionum
284 4649 364 4714 dicti
390 4650 545 4734 prepositi
576 4649 699 4714 nullam
731 4648 985 4715 satisfaccionem
1005 4647 1248 4732 impendissent,
