3180 5470
537 466 631 528 1350.
649 469 719 527 nida
739 467 788 528 12.
1151 469 1223 529 379

107 643 279 710 uolentibus
294 644 487 722 memoratis,
503 649 540 708 ut
555 643 718 726 predictus
734 641 892 712 Nicolaus
909 643 958 708 vel
969 644 1115 710 Mathias
1130 645 1232 712 frater

106 774 175 819 suus
190 751 331 818 secundo
347 773 380 816 se
396 750 495 816 nobili
520 748 555 814 in'
580 749 751 834 quindenis
776 752 839 817 diei
859 752 956 817 medii
977 749 1232 836 Quadragesime

107 861 244 944 proxime
260 861 434 944 preteritis,
451 857 573 924 scilieet
589 857 670 924 feria
686 865 811 941 quarta,
829 859 1031 943 presentibus
1047 858 1177 926 Mathia
1193 860 1232 924 de

105 970 257 1054 Kapulna
281 969 332 1033 vel
356 967 446 1032 Beke
471 965 537 1032 filio
554 965 682 1032 Nicolai
702 967 742 1032 de
767 967 898 1054 Kyurty
924 975 981 1034 aut
996 967 1148 1050 Philippo
1166 966 1232 1032 filio

106 1079 210 1144 Kenez
236 1077 276 1143 de
302 1077 408 1144 Geztu
435 1097 492 1142 seu
517 1077 679 1142 Michaele
704 1077 744 1141 de
768 1078 888 1144 Lowch
913 1099 971 1162 pro
996 1075 1073 1143 filiis
1094 1075 1232 1156 Mathie,
1345 1155 1354 1174 ⁸

104 1189 175 1251 item
190 1182 326 1251 Andich'
340 1186 380 1250 de
395 1184 489 1268 Ogia,
506 1183 628 1252 Omode
653 1185 694 1250 de
709 1183 879 1264 Vaarkun‚
905 1185 1056 1270 Roiayun
1080 1186 1120 1250 de
1145 1185 1232 1250 Kar·

106 1296 160 1360 cha
174 1315 234 1378 pro
250 1300 344 1377 parte
359 1293 439 1358 dicti
456 1292 575 1358 domini
591 1293 739 1377 palatini,
756 1294 827 1359 aliis
848 1293 1034 1360 absentibus
1050 1294 1232 1360 hominibus

103 1403 194 1486 regiis
211 1409 244 1466 et
259 1401 451 1466 testimoniis
467 1400 545 1466 dicti
564 1401 701 1484 capituli
726 1401 943 1484 Posoniensis,
968 1423 1031 1486 que
1047 1403 1231 1468 testimonia

103 1511 199 1576 literis
214 1509 336 1576 nostris
351 1507 569 1574 mediantibus
585 1530 643 1592 per
658 1511 765 1593 ipsum
781 1510 961 1593 capitulum
982 1509 1023 1575 ad
1049 1512 1109 1576 hoc
1126 1516 1231 1576 trans-

103 1619 184 1684 mitti
210 1617 419 1702 postulamus,
444 1617 576 1682 insacia
601 1618 686 1682 dicte
710 1619 961 1701 possessionarie
986 1619 1143 1702 particule
1168 1619 1232 1684 liti·

102 1727 186 1810 giose
202 1748 266 1810 que
292 1727 334 1791 ad
350 1725 469 1792 dictam
486 1727 625 1812 Moytuh
641 1734 801 1810 occupata
825 1727 924 1793 fuisse
941 1735 973 1794 et
989 1728 1031 1794 ad
1046 1730 1233 1812 octuaginta

102 1836 212 1918 iugera
228 1837 379 1900 estimata
404 1833 472 1900 fore
498 1835 660 1916 ext'terat,
675 1836 710 1900 in
725 1857 790 1901 uno
806 1835 875 1902 loco
892 1838 1116 1921 comparendo,
1133 1859 1230 1922 super

101 1965 136 2008 co
159 1949 197 2009 ut
214 1944 327 2008 eadem
344 1941 534 2026 octuaginta
549 1943 662 2026 iugera
677 1949 763 2008 terre
788 1943 929 2026 litigiose
945 1944 987 2010 ab
1003 1945 1138 2029 antiquo
1155 1952 1233 2010 tem·

100 2072 175 2136 pore
192 2051 235 2115 ad
252 2050 373 2116 dictam
388 2050 621 2134 possessionem
640 2049 784 2134 ipsorum
809 2047 948 2136 Moytuh
973 2058 1118 2118 vocatam
1135 2055 1232 2136 perti·

98 2160 228 2224 nuerint
243 2165 277 2222 et
292 2157 432 2223 debeant
442 2157 603 2241 pertinere
623 2162 655 2222 et
671 2157 713 2223 ad
728 2157 832 2242 ipsam
843 2159 1074 2242 possessionem
1085 2157 1180 2244 Apey
1196 2159 1231 2223 in

99 2267 186 2332 nullo
203 2267 462 2332 attinuerintseu
473 2266 643 2347 attineant,
655 2271 892 2331 sacramentum
907 2273 1053 2349 prestare
1069 2271 1233 2336 teneretur

99 2380 194 2458 prout
210 2375 310 2440 moris
325 2378 376 2439 est
399 2374 508 2439 iurare
534 2393 631 2458 super
656 2378 785 2452 terram,
810 2373 866 2456 qui
891 2373 919 2438 si
943 2373 1090 2439 iurarent
1114 2380 1233 2442 extunc

98 2485 203 2566 ipsam
219 2487 341 2548 terram
357 2482 545 2566 octuaginta
570 2482 717 2564 iugerum
743 2481 838 2546 dictis
863 2480 938 2546 filiis
962 2481 1099 2564 Mathis,
1115 2483 1141 2547 si
1158 2503 1233 2548 vero

98 2613 159 2656 non
175 2593 339 2656 iurassent
355 2590 498 2674 predicto
524 2589 652 2656 domino
678 2589 822 2672 palatino
846 2590 909 2672 ipsi
934 2590 1015 2672 regii
1039 2596 1072 2655 et
1097 2591 1232 2674 capituli

97 2700 242 2765 homines
253 2703 433 2766 statuerent
443 2700 537 2764 metis
547 2697 789 2780 sequestrando,
805 2698 986 2779 seriemque
1002 2698 1232 2781 premissorum

97 2814 207 2890 parces
223 2808 257 2871 in
273 2807 378 2873 literis
395 2807 472 2872 dicti
489 2805 624 2890 capituli
650 2806 856 2871 Posoniensis
880 2804 973 2870 nobis
998 2805 1040 2870 ad
1065 2813 1231 2891 presentes

95 2923 228 2983 octavas
243 2915 317 2981 festi
334 2916 421 2981 beati
439 2913 572 2998 Georgii
597 2915 741 2980 martiris
767 2913 921 2979 deberent
945 2919 1121 2997 reportare.
1146 2911 1233 2998 Quia

95 3025 275 3090 nereidem
291 3023 439 3088 dominus
456 3023 613 3088 Nicolaus
629 3022 792 3106 palatinus
812 3023 950 3088 alteram
966 3021 1132 3086 dimidiam
1148 3044 1232 3088 mar·

96 3155 169 3198 cam
186 3133 222 3197 in
239 3131 472 3196 redemcionem
492 3130 577 3197 dicte
602 3131 853 3214 possessionarie
878 3129 1039 3214 porcionis
1063 3149 1121 3213 per
1146 3130 1232 3213 ipsos

94 3241 240 3307 Paulum
267 3239 390 3305 dictum
409 3237 535 3305 Ohuma
560 3240 623 3324 ipsi
647 3239 784 3305 Nicolao
809 3239 875 3304 filio
897 3237 1024 3303 Mathis
1051 3237 1145 3302 modo
1162 3259 1232 3322 pre-

92 3351 193 3415 misso
209 3349 436 3432 impignorata,
453 3369 552 3430 quarn
568 3349 746 3414 secundum
760 3349 852 3430 regni
872 3344 1132 3412 consuetudinem
1149 3346 1230 3412 citra

90 3458 198 3540 ipsam
215 3456 354 3522 alteram
369 3455 536 3522 dimidiam
552 3477 695 3520 maroam
710 3455 816 3520 valere
833 3455 1106 3533 estimaveramus,
1123 3455 1227 3520 eidem

91 3565 235 3632 Nicolao
251 3565 317 3630 filio
333 3563 462 3629 Mathie
478 3563 693 3648 personaliter
705 3569 738 3626 et
754 3568 930 3645 spontanee
946 3561 1113 3646 recipienti
1124 3583 1232 3628 coram

90 3673 187 3739 nobis
198 3673 320 3739 ibidem
330 3671 536 3756 persolverat,
546 3671 619 3736 ideo
629 3671 748 3736 dictam
759 3670 1233 3754 porcionempossessionariam

90 3783 349 3866 impignoratam
367 3779 535 3863 sexaginta
552 3781 694 3863 quinque
719 3779 867 3862 iugerum
893 3799 965 3842 cum
990 3777 1057 3842 suis
1081 3777 1232 3842 utilitati·

88 3890 152 3955 bus
170 3897 205 3954 et
220 3889 430 3973 pertinenciis
441 3889 606 3970 universis,
617 3888 678 3970 ipsi
688 3886 817 3952 domino
828 3886 974 3970 palatino
984 3891 1017 3950 et
1029 3885 1095 3950 suis
1111 3905 1232 3949 succes·

88 3997 221 4063 scribus
237 4004 335 4080 prout
351 3998 413 4064 sibi
429 3997 590 4082 pertinere
610 3997 845 4074 dinoscebatur,
862 3996 930 4060 sine
957 3993 1134 4078 preiudicio
1150 3994 1231 4060 iuris

87 4106 201 4184 alieni,
219 4112 332 4170 octavo
348 4105 400 4172 die
415 4105 575 4171 dictarum
586 4112 772 4170 octavarum
787 4103 861 4169 festi
872 4100 1116 4168 Purificacicnis
1133 4103 1228 4186 virgi·

87 4217 140 4280 nis
161 4213 305 4298 gloriose
315 4213 615 4278 adiudicaveramus
625 4218 782 4296 perpetuo
792 4210 1026 4296 possidendam,
1037 4211 1120 4276 sicut
1130 4211 1232 4277 eciam

87 4323 231 4387 candem
247 4320 411 4406 predictus
427 4318 583 4385 Nicolaus
593 4319 678 4384 filius
688 4319 816 4385 Mathis
832 4319 1046 4403 personaliter
1062 4320 1232 4384 remiserat

86 4451 205 4496 coram
222 4427 313 4494 nobis
330 4434 508 4514 spontanea
525 4450 584 4494 sua
600 4428 764 4494 voluntate
790 4428 918 4494 domino
933 4425 1071 4494 Nicolao
1086 4427 1232 4510 palatino

86 4541 275 4602 memorato
291 4535 324 4600 in
342 4537 479 4601 termino
504 4535 699 4619 supradicto.
724 4535 870 4602 Tandem
895 4535 973 4619 ipsis
990 4531 1141 4619 (octavis)
1158 4535 1232 4601 festi

84 4645 181 4711 beati
212 4641 349 4728 Georgii
373 4644 516 4716 martiris
548 4641 800 4723 advenientibus,
830 4642 1049 4727 preallegatus
1075 4640 1232 4708 Nicolaus
