3192 5466
544 506 639 568 1349.
657 523 756 566 usur.
776 507 825 567 16.
1182 503 1244 562 267

114 699 237 773 septem
256 691 374 772 grossis
391 687 576 772 porcionem
602 685 817 760 estimassent,
843 704 981 766 quarum
999 701 1124 748 somma
1140 679 1250 744 decem

116 807 149 864 et
165 805 238 864 octo
253 819 380 864 marcas
396 819 468 862 cum
485 795 620 861 dimidia
636 794 776 877 compoti
793 791 960 858 Oassensis
982 789 1143 874 complere
1159 787 1248 852 dino-

114 904 497 989 see1·entur.Etprelata
514 903 700 968 testimonia
725 907 837 968 nostra
862 900 1012 966 similiter
1037 897 1251 982 personaliter

116 1035 226 1080 (eoram
243 1014 338 1078 nobis
353 1019 584 1097 comparentes,
594 1009 815 1096 premissasic,
832 1011 916 1076 sicut
927 1009 1011 1073 idem
1022 1007 1116 1072 homo
1131 1013 1248 1082 vester,

117 1123 211 1188 nohis
238 1128 471 1206 consequenter
498 1119 713 1186 affirmarunt.
737 1117 936 1184 Retulerunt
961 1117 1062 1182 eciam
1087 1119 1192 1180 vester
1218 1121 1250 1178 et

114 1238 226 1296 noster
241 1232 388 1297 homines
414 1230 585 1314 prenotati,
612 1230 697 1314 quod
713 1229 746 1294 in
763 1227 850 1294 dicta
865 1225 1065 1311 possessione
1078 1225 1250 1289 Wasaros·

115 1338 228 1404 kallou
245 1339 335 1405 circa
359 1341 430 1406 loca
455 1339 645 1404 sessionalia
671 1359 752 1402 unus
778 1336 866 1401 locus
892 1333 1067 1400 Laui-enoii
1084 1331 1142 1398 filii
1159 1333 1252 1400 Benk

117 1446 131 1530 (
134 1497 262 1512 ......
264 1445 278 1531 )
295 1447 410 1514 relicta
434 1445 567 1512 Andree
593 1445 752 1511 carnificis
779 1451 811 1509 et
830 1442 929 1509 Mark
954 1443 1099 1520 sartoris,
1122 1442 1200 1508 item
1217 1442 1250 1506 in

114 1556 340 1622 Touthlrallou
350 1579 435 1621 unus
445 1556 534 1622 locus
545 1555 728 1621 sessionalis
740 1551 998 1620 scilicetNioolai
1008 1550 1250 1616 dictiMarchus

113 1665 264 1748 hospitis,
288 1665 322 1729 in
337 1665 538 1748 possessione
554 1663 671 1746 Philep
688 1661 752 1726 duo
767 1661 838 1726 loca
864 1661 949 1726 circa
974 1663 1077 1724 metas
1094 1657 1251 1742 Stephani

113 1772 174 1838 filii
191 1771 351 1855 Stephani
378 1771 572 1848 adiacenoia,
598 1772 631 1835 in
656 1769 857 1854 possessione
883 1769 993 1851 Bogus
1019 1788 1101 1832 unus
1126 1765 1251 1830 locusa

112 1887 203 1946 nnete
220 1880 355 1964 Gerges,
381 1881 414 1946 in
430 1881 631 1964 possessione
656 1877 759 1944 Azlar
785 1878 883 1944 sessio
908 1875 1004 1942 Pauli
1019 1873 1079 1940 filii
1095 1875 1251 1951 Mathius,

111 1991 147 2053 in
165 1990 366 2072 possessione
384 1987 534 2074 Gyoman
550 1990 650 2053 sessio
668 1987 824 2071 Stephani
850 1985 929 2051 dicti
955 1984 987 2050 N
989 1985 1061 2067 ogh,
1077 1984 1110 2048 in
1127 2003 1250 2066 posses·

113 2098 205 2162 sione
215 2096 288 2162 Lek
298 2097 361 2162 duo
380 2099 453 2164 loca
468 2097 657 2164 sessionalia
673 2117 755 2162 unns
771 2093 961 2162 habitabilis
972 2099 1004 2158 et
1014 2091 1098 2157 alter
1112 2092 1251 2173 deserta,

112 2208 287 2272 cessissent
302 2208 336 2271 in
358 2207 540 2291 porcionem
566 2205 698 2272 Andree
724 2205 911 2290 supradicti,
937 2203 994 2268 scd
1019 2208 1127 2268 tamen
1153 2219 1250 2282 super

112 2313 285 2398 prelibatis
310 2316 414 2382 tribus
438 2316 620 2400 hospitibus
646 2322 750 2381 vester
776 2320 808 2378 et
834 2313 936 2378 nostri
960 2310 1106 2376 homines
1132 2309 1250 2374 discor-

112 2421 246 2486 dassent
257 2422 290 2486 in
301 2425 482 2490 statucionc
498 2425 679 2508 prenotata,
697 2423 753 2502 qui
766 2420 910 2485 homines
921 2419 1025 2484 nostri
1035 2420 1140 2483 minus
1152 2439 1249 2501 quam

112 2531 180 2594 tria
194 2529 351 2614 hospicia,
368 2529 424 2594 sed
440 2530 534 2604 homo
551 2534 656 2594 vester
671 2527 763 2610 largo
780 2527 881 2592 modo
898 2527 964 2592 tria
987 2525 1132 2609 hospicia
1148 2524 1250 2589 eidem

111 2636 248 2703 Andree
265 2637 379 2703 cedere
395 2636 512 2702 debere
527 2637 777 2702 contradictorie
800 2635 1004 2718 allegassent.
1030 2633 1154 2698 Datum
1170 2633 1251 2697 feria

111 2743 254 2810 secunda
270 2745 419 2828 proxima
435 2749 510 2809 ante
526 2744 610 2810 diem
626 2743 724 2809 medii
741 2741 997 2828 Quadragesime
1013 2740 1249 2824 supradictam,

114 2876 201 2919 auno
217 2855 340 2920 domini
357 2855 409 2922 Μ0
433 2853 530 2922 000ο
553 2853 635 2919 XL⁰
660 2875 751 2918 ncnc.

222 3036 356 3086 Zdrlatdn
369 3035 461 3099 pecsdt
473 3035 675 3100 threddkeivel3
695 3035 825 3100 ersdstije
844 3050 876 3085 az
890 3049 959 3084 orsa.
972 3036 1004 3085 lt.
1018 3033 1118 3083 kincst.
1132 3035 1199 3082 osat.
1213 3031 1249 3080 N.

110 3129 144 3176 R.
158 3125 192 3176 A.
209 3131 269 3178 197.
285 3131 327 3176 32.
340 3126 408 3190 dipl.
422 3129 488 3176 oszt.
503 3130 580 3177 4032.
600 3125 700 3176 Kdzli:
721 3126 829 3176 Koraos
841 3125 876 3174 N.

115 3743 209 3807 1349.
228 3752 324 3806 sicar-t.
348 3742 392 3803 16.
422 3741 542 3806 Mitrida
559 3741 754 3825 peccudiudi
779 3747 870 3828 opdt,
900 3743 1090 3823 Kelemorpp'o
1109 3737 1249 3826 Gerpely

178 3849 373 3934 po'csucirodi
394 3847 580 3932 polpo'raolr
598 3871 655 3934 epp
669 3859 741 3913 lires
757 3849 978 3934 malomdelyet
994 3848 1180 3933 ajciode'koz.

221 4026 292 4093 Nos
318 4025 475 4093 Nicolaus
492 4076 498 4090 .
516 4076 522 4090 .
538 4026 639 4092 abbas
664 4027 852 4093 monasterii
877 4025 1104 4093 Waradionsis
1129 4032 1161 4090 et
1185 4026 1247 4092 loci

113 4136 256 4202 eiusdem
273 4141 456 4211 conventus,
473 4137 626 4202 memorie
643 4135 904 4202 commendamus
921 4185 927 4199 .
947 4185 953 4199 .
972 4135 1056 4216 quod
1068 4131 1247 4218 Gregorius

112 4243 198 4310 filius
213 4243 375 4310 Kelcmen
392 4245 500 4328 magni
526 4244 566 4310 de
584 4244 714 4309 civitate
731 4243 942 4310 Waradiensi
959 4244 999 4310 ad
1015 4250 1160 4309 nostram
1176 4265 1247 4327 per-

112 4351 268 4417 sonaliter
299 4351 479 4417 accedendo
510 4352 717 4436 presenciam,
743 4351 834 4418 nobis
865 4351 1030 4418 humiliter
1064 4350 1247 4435 significare

113 4461 245 4537 miravit,
264 4459 351 4541 qnod
368 4460 529 4540 quendam
545 4460 651 4525 locum
672 4483 730 4544 pro
755 4461 938 4526 molendino
963 4467 1075 4544 aptum
1092 4461 1125 4525 in
1141 4460 1247 4526 medio

113 4573 277 4634 terrarum
295 4589 425 4632 suarum
442 4566 616 4634 arabilium
633 4568 728 4634 titulo
753 4568 906 4634 emcionis
931 4568 1037 4654 ipsum
1063 4569 1247 4652 contingen-

113 4674 208 4758 cium,
234 4673 321 4742 infra
338 4675 402 4742 duo
429 4675 613 4742 molendina
644 4676 825 4744 communis
856 4675 1000 4744 eiusdem
1023 4675 1183 4764 Gregorii
1215 4683 1247 4746 et
