3188 5470
615 497 709 560 1350.
727 519 796 561 run.
816 495 843 560 7.
1211 497 1274 561 349

143 675 202 741 riri
219 673 340 742 domini
355 671 486 743 Nicolai
503 729 510 744 .
528 727 534 740 .
550 677 688 760 palatini
706 729 712 744 .
729 729 735 742 .
753 678 784 740 in
811 679 953 743 crastino
978 677 1052 742 festi
1077 679 1276 764 Epiphania-

142 807 216 848 rum
232 785 354 850 domini
370 785 514 869 proxime
530 785 686 868 preteriti,
703 785 795 850 Lack
819 785 905 850 filius
922 787 1012 852 Petri
1038 787 1077 852 de
1101 787 1277 852 Bosafalva

141 893 180 958 de
197 896 354 960 comitatu
372 892 576 978 Scepusiensi
593 893 633 958 ab
649 915 724 972 una,
739 895 817 958 item
833 895 986 960 Matheus
1011 896 1096 961 filius
1112 896 1137 960 J
1138 896 1275 960 ohannis

142 1003 181 1066 de
206 1002 274 1087 Jep
290 1010 323 1068 et
347 1003 516 1068 Johanncs
541 1003 627 1068 filius
652 1001 781 1068 Nicolai
807 1003 846 1067 de
862 1003 986 1068 Barcza
1003 1011 1098 1086 parte
1114 1004 1155 1069 ab
1172 1004 1277 1068 altera

142 1109 184 1173 ad
199 1132 258 1174 nos
276 1111 435 1188 accedere,
452 1118 484 1175 et
501 1110 667 1194 predictus
693 1111 783 1176 Lack
808 1111 973 1176 universas
999 1112 1111 1176 literas
1139 1112 1227 1194 apud
1243 1133 1276 1176 se

142 1217 355 1300 requisicione
381 1225 414 1282 et
437 1219 664 1302 recptencione
689 1219 938 1300 possessionarie
964 1221 1123 1302 porcionis
1149 1219 1277 1283 eosdem

143 1325 314 1390 Matheum
341 1333 374 1390 et
398 1327 583 1392 Johannem
605 1327 676 1389 iure
701 1332 847 1390 materno
878 1327 1093 1410 contingentis
1118 1327 1152 1390 in
1177 1326 1276 1390 Bosa-

142 1433 231 1498 folua
262 1435 406 1518 predicta
430 1435 558 1500 habitas
584 1440 618 1498 et
652 1434 796 1498 emanari
821 1440 1012 1516 procuratas
1045 1455 1153 1498 coram
1185 1433 1276 1498 nobis

144 1541 304 1621 exhibere,
322 1543 479 1626 nobisque
489 1563 630 1606 unacum
647 1541 719 1604 aliis
736 1539 847 1623 probis
861 1541 939 1606 viris
950 1542 1025 1604 visis
1036 1541 1156 1605 eisdem
1174 1540 1277 1604 literis

143 1650 389 1716 decernentibus
406 1671 561 1736 expensas
587 1649 691 1713 factas
707 1669 765 1731 per
781 1648 872 1713 Laclr
896 1650 1076 1733 predictum
1092 1651 1126 1714 in
1141 1648 1277 1732 requisi-

142 1758 234 1821 cione
249 1757 501 1842 possessicnarie
518 1757 678 1840 porcionis
695 1762 872 1838 prenotate,
892 1757 1107 1838 prenominati
1123 1755 1276 1820 Matheus

143 1871 175 1928 et
189 1865 216 1930 J
217 1867 361 1932 ohannes
377 1867 417 1931 de
433 1866 551 1931 eisdem
568 1865 715 1948 expensis
736 1863 843 1943 quoad
868 1865 1052 1946 porcionem
1077 1885 1187 1928 eorum
1204 1882 1276 1946 pro-

142 1975 258 2056 priam,
284 1973 387 2040 eidem
411 1974 502 2038 Lack
528 1973 783 2038 satisfaccionem
814 1973 999 2054 impendere
1029 1973 1214 2037 debuissent
1239 1993 1275 2036 eo

142 2081 246 2164 modo,
264 2082 350 2165 quod
367 2083 624 2165 quandocunque
651 2081 748 2144 iidem
773 2081 927 2146 Matheus
953 2089 985 2145 et
1009 2081 1035 2146 J
1036 2081 1178 2145 ohannes
1204 2102 1275 2145 cum

142 2189 327 2256 hominibus
343 2191 463 2256 domini
480 2190 566 2274 regis
582 2191 632 2253 vel
648 2189 727 2254 dicti
743 2190 880 2272 palatini
898 2190 939 2254 ad
955 2191 1132 2274 predictam
1152 2209 1274 2272 posses-

142 2299 264 2363 sionem
283 2300 518 2382 porcionariam
543 2299 685 2382 legitime
711 2299 845 2362 introire
870 2299 1038 2377 voluerint,
1064 2305 1180 2363 extunc
1206 2299 1274 2381 ipse

140 2406 234 2470 Lack
260 2408 519 2472 contradiccione
545 2408 590 2471 eis
615 2407 803 2471 nullatenus
828 2406 930 2489 possit
954 2407 1100 2487 obviare3
1134 2407 1276 2470 crastino

141 2514 274 2579 tandem
297 2515 442 2598 predicto
467 2521 664 2596 occurrente,
681 2521 713 2578 et
738 2515 849 2578 eodem
875 2515 965 2579 Lack
981 2536 1040 2598 pro
1056 2535 1099 2594 se,
1114 2535 1174 2598 pro
1189 2513 1276 2578 dicto

143 2643 219 2687 vero
236 2621 371 2687 Matheo
386 2622 452 2687 filio
468 2623 494 2688 J
495 2623 630 2688 ohannis
656 2621 820 2687 Lucachio
845 2621 912 2686 filio
928 2623 1018 2686 Ivvan
1034 2645 1107 2686 curu
1123 2640 1275 2706 procura-

140 2731 235 2795 toriis
251 2731 354 2796 literis
372 2731 513 2796 eiusdem
531 2779 537 2793 .
555 2783 560 2796 .
578 2731 723 2814 palatini,
748 2753 807 2813 pro
832 2729 857 2795 J
858 2731 984 2795 ohanne
1010 2737 1119 2795 autem
1135 2730 1201 2794 filio
1217 2729 1275 2794 Ni-

141 2837 224 2902 colai
242 2837 371 2922 Mykov
386 2837 454 2902 filio
470 2837 599 2902 Nicolai
616 2837 760 2904 eiusdem
776 2837 870 2902 fratri
897 2860 956 2902 suo
981 2841 1109 2927 uterino
1125 2858 1274 2920 persona·

141 2946 217 3010 liter
242 2946 511 3029 comparentibus,
528 2946 782 3010 declaracionem
808 2946 969 3011 dictarum
990 2967 1201 3030 expensarum
1228 2966 1274 3008 se-

142 3054 284 3118 cundum
316 3054 550 3119 continenciam
583 3053 768 3118 earumdem
793 3055 962 3119 literarum
988 3105 1018 3120 ..
1045 3055 1180 3138 palatini
1206 3053 1274 3117 fieri

141 3163 330 3239 debendam,
341 3163 374 3226 in
385 3163 495 3228 eodem
506 3168 602 3240 statu,
618 3163 690 3226 aliis
701 3163 840 3246 negociis
851 3164 983 3228 ecclesie
994 3163 1275 3246 nostreprepediti,

140 3271 323 3336 volentibus
340 3270 487 3354 partibus
502 3271 675 3354 premissis,
692 3270 734 3334 ad
749 3277 877 3336 octavas
893 3271 967 3335 festi
983 3270 1162 3334 nativitatis
1188 3269 1275 3333 beati

140 3379 304 3444 Jobannis
320 3380 470 3462 Baptista
494 3380 637 3464 proxime
662 3386 812 3444 venturas
830 3401 1085 3463 ..prorogamus
1111 3401 1148 3442 eo
1172 3377 1275 3454 modo,

140 3488 229 3571 quod
246 3489 278 3552 in
295 3488 390 3552 dictis
406 3488 529 3552 octavis
545 3488 652 3551 omnia
678 3487 711 3550 in
736 3487 856 3552 eisdem
880 3487 984 3552 literis
1001 3539 1008 3552 .
1027 3538 1032 3550 .
1049 3487 1185 3569 palatini
1202 3507 1274 3549 con-

140 3601 233 3660 tenta
258 3602 323 3659 tam
351 3595 460 3660 eedem
485 3601 594 3677 partes
615 3616 712 3676 quam
739 3617 796 3658 nos
828 3595 1004 3678 adimplere
1029 3594 1209 3661 debeamus.
1243 3600 1275 3656 et

139 3705 352 3769 nihilominus
362 3704 618 3787 quandocunque
630 3704 715 3768 infra
724 3709 853 3768 octavas
863 3703 1026 3786 predictas
1036 3703 1084 3765 vel
1096 3703 1273 3785 post,iidem

138 3813 164 3876 J
166 3813 311 3876 ohannes
327 3817 360 3876 et
376 3811 529 3876 Matheus
548 3811 641 3876 modo
667 3813 822 3894 premisso
848 3811 889 3876 ad
915 3811 1034 3875 dictam
1060 3812 1273 3893 possessione-

140 3921 224 3984 riam
240 3921 425 4003 porcionem
440 3920 574 3985 introire
590 3919 758 3996 voluerint,
777 3920 859 3983 idem
886 3919 977 3983 Lack
1003 3926 1035 3983 et
1060 3918 1118 3983 filii
1136 3919 1184 3983 sui
1201 3940 1273 3983 con-

140 4029 342 4093 tradiccione
358 4028 544 4093 nullatenus
555 4028 658 4092 eidem
668 4028 793 4111 possint
808 4027 945 4104 obviare,
957 4047 1148 4109 quecunque
1164 4034 1270 4090 autem

139 4139 287 4220 parcium
319 4137 477 4220 premissa
517 4137 694 4220 adimplere
726 4156 790 4199 uon
821 4135 990 4216 curaverit,
1030 4141 1143 4199 contra
1174 4137 1271 4198 aliam

138 4245 326 4330 partemin
353 4243 462 4308 decern
488 4244 602 4308 marcis
629 4244 753 4306 numeri
788 4243 1008 4325 Scepusiensis
1034 4243 1102 4306 fore
1128 4244 1272 4307 convicta

144 4359 350 4433 censeretur,
373 4353 476 4418 voluit
500 4353 600 4416 eciam
620 4352 712 4417 Lack
728 4358 925 4434 praumatus,
952 4357 988 4415 ut
1013 4352 1039 4415 si
1065 4351 1132 4433 ipse
1148 4351 1198 4414 vel
1214 4349 1271 4413 filii

139 4461 191 4526 sni
208 4460 329 4525 eisdem
345 4459 479 4525 Matheo
505 4459 554 4522 vel
572 4459 718 4524 Johanni
734 4460 767 4522 iu
784 4458 974 4522 introicione
991 4457 1133 4522 eiusdem
1150 4478 1273 4540 posses-

138 4570 280 4634 siouarie
290 4568 450 4651 porcionis
467 4567 732 4630 contradiccionis
750 4565 915 4630 obstaculo
933 4565 1140 4644 obviaverint,
1157 4571 1273 4629 extunc

139 4678 301 4743 indecem
319 4676 435 4738 marcis
451 4675 577 4738 numeri
596 4673 735 4758 predicti
760 4673 827 4738 fore
855 4675 1017 4738 convictus
1034 4681 1220 4741 censeretur
1236 4695 1273 4737 eo
