3188 5470
563 519 796 583 1349.xov.8.
1183 527 1246 585 333

110 693 359 760 deliberacionis
375 697 505 762 modum
531 704 565 761 et
590 699 726 764 formam
742 701 957 784 exprimentes
974 755 980 766 .
999 752 1005 765 .
1021 702 1173 767 noveritis
1190 724 1247 767 nos

111 804 286 885 recepisse,
303 811 336 870 et
361 807 427 870 suis
442 806 657 889 peticionibus
674 857 680 870 .
697 857 704 870 .
720 809 754 871 in
780 809 901 873 eisdem
926 810 1017 874 nobis
1043 811 1200 892 porrectis
1217 863 1223 874 .
1241 860 1248 874 .

112 917 304 989 annuentes,
320 933 393 977 cum
410 912 566 978 Ladislao
583 913 622 978 de
639 915 730 980 Voce
744 937 803 997 pro
820 917 925 981 Paulo
942 917 1011 983 filio
1027 918 1052 983 J
1053 919 1190 982 ohannis
1207 917 1246 982 de

110 1017 208 1082 Luha
224 1025 257 1083 et
272 1020 372 1085 Petro
389 1021 428 1085 de
444 1019 543 1087 Gales
560 1043 619 1104 pro
636 1073 641 1086 .
659 1072 666 1086 .
683 1022 800 1087 abbate
817 1023 856 1088 de
873 1025 1019 1090 Zerench
1036 1030 1069 1088 et
1085 1023 1247 1088 Michaele

110 1124 150 1188 de
165 1123 293 1190 Manak
308 1127 492 1192 hominibus
508 1129 622 1192 restris
639 1129 681 1193 ad
697 1130 757 1194 hoc
776 1131 810 1193 in
836 1133 919 1194 serie
944 1131 1162 1214 predictarum
1178 1131 1248 1196 lite-

110 1253 225 1298 rarum
235 1235 350 1300 iudicis
361 1237 449 1300 curie
459 1243 564 1300 vestre
574 1236 748 1322 deputatis,
764 1243 892 1302 nostros
903 1239 1048 1304 homines
1063 1289 1069 1302 .
1087 1289 1093 1302 .
1111 1239 1247 1304 Petrum

113 1348 282 1407 cantorem
298 1343 430 1408 ecclesie
447 1349 556 1408 nostre
582 1365 620 1410 ac
636 1343 833 1410 Michaelem
850 1347 952 1410 socios
970 1353 1001 1411 et
1018 1348 1247 1411 concanonicos

111 1455 239 1514 nostros
256 1450 298 1515 ad
316 1471 434 1532 eaque
451 1502 456 1514 .
476 1451 584 1516 ‚infra
600 1453 748 1516 dicentur
765 1503 771 1516 .
789 1505 796 1518 .
813 1454 1001 1536 exequenda
1031 1477 1090 1538 pro
1106 1455 1248 1518 testimo·

112 1556 175 1620 niis
192 1557 343 1623 duximus
360 1558 576 1638 destinandos
602 1560 659 1639 qui
685 1559 813 1624 demum
841 1610 871 1624 ..
896 1562 1088 1640 retulerunt,
1114 1562 1198 1644 quod
1214 1563 1248 1624 in

112 1665 288 1745 quindenis
305 1666 379 1730 festi
404 1666 492 1730 beati
517 1667 688 1731 Michaelis
713 1667 899 1751 archangeli
915 1670 1060 1751 proxime
1075 1671 1250 1753 preteritis,

110 1772 153 1836 ad
178 1773 277 1838 facies
303 1773 523 1857 predictarum
548 1776 783 1858 possessionum
809 1775 985 1840 Marandis
1010 1783 1043 1840 et
1067 1776 1142 1842 Ond
1157 1796 1248 1842 voca·

113 1888 224 1944 tarum
240 1881 272 1944 in
290 1883 445 1946 comitatu
461 1881 500 1945 de
517 1881 652 1945 Zemlen
678 1871 896 1960 existendum,
921 1884 1032 1948 vicinis
1058 1892 1091 1948 et
1114 1907 1248 1948 comme-

110 1988 216 2051 taneis
235 1989 391 2052 universis
408 2009 519 2053 earum
544 1987 686 2071 legitime
711 1991 892 2054 convocatis
918 1997 951 2055 et
975 1991 1128 2074 predictis
1144 1992 1248 2056 Paulo

110 2094 182 2158 filio
199 2095 220 2158 J
226 2097 364 2160 ohannis
381 2103 489 2161 actore
506 2117 544 2160 ac
561 2147 567 2159 .
584 2147 591 2160 .
609 2095 711 2160 fratre
726 2096 845 2179 Egidio
864 2098 981 2162 abbate
997 2099 1037 2162 de
1053 2099 1199 2163 Zet-ench
1216 2107 1249 2162 et

109 2203 277 2268 Michaele
295 2203 334 2268 de
358 2203 482 2268 Monak
499 2203 701 2285 presentibus
718 2207 934 2284 accessissent,
951 2213 984 2270 et
999 2207 1103 2290 primo
1120 2207 1247 2271 easdem

116 2313 210 2374 iuxta
227 2312 464 2376 continenciam
479 2311 648 2376 literarum
660 2365 665 2376 .
677 2364 683 2376 .
694 2335 752 2396 per
768 2313 905 2378 eundem
922 2315 1061 2379 Paulum
1071 2313 1176 2379 iihum
1191 2315 1249 2378 Jo-

115 2419 235 2482 hannis
261 2419 329 2483 illic
354 2421 387 2483 in
412 2419 517 2502 specie
544 2420 770 2498 exhibitarum,
795 2443 853 2504 per
879 2444 990 2487 earum
1016 2429 1120 2486 metas
1146 2444 1248 2487 ream-

115 2527 287 2592 bulassent
304 2549 341 2591 eo
360 2527 463 2606 mode,
481 2535 578 2611 prout
603 2527 689 2593 idem
705 2529 828 2594 Paulus
844 2530 932 2595 filius
956 2531 1119 2595 dohannis
1144 2537 1249 2595 osten-

110 2635 220 2712 disset,
247 2635 464 2718 incipiendoa
488 2641 582 2717 parte
607 2636 758 2699 orientali
784 2657 804 2699 a
829 2645 969 2718 quatuor
987 2639 1090 2716 metis,
1108 2659 1247 2720 quarum

109 2763 209 2806 unam
226 2742 335 2807 dictus
351 2741 475 2807 Paulus
491 2743 580 2807 lilius
606 2743 768 2808 lobannis
793 2765 885 2808 suam
912 2745 980 2808 fore
1005 2745 1147 2822 dixisset,
1172 2745 1247 2808 inde

109 2849 233 2914 directe
250 2850 407 2914 tendisset
423 2850 464 2914 ad
480 2847 611 2914 fluvium
628 2851 785 2934 Zerench,
805 2852 922 2916 abhinc
937 2851 1137 2916 ascendendo
1155 2853 1247 2916 iuxta

109 2957 1246 3040 mmfflmfflmmfflmemmfflffimmm

110 3065 208 3130 luisse
226 3065 371 3144 dixisset,
387 3066 443 3130 sed
469 3066 546 3147 quia
571 3068 675 3148 ipsam
700 3069 933 3150 possessionem
958 3067 1153 3132 Mazaondia
1178 3069 1246 3150 ipse

113 3173 312 3256 possedisset
336 3173 426 3238 illam
451 3181 571 3239 metam
598 3174 818 3252 destruxisset,
843 3175 917 3240 inde
944 3178 1127 3240 transiisset
1143 3178 1247 3258 ipsum

109 3282 254 3360 fluvium,
270 3282 414 3346 duxisset
430 3281 473 3346 ad
489 3289 610 3347 terram
637 3283 772 3360 abbatis,
798 3284 852 3347 ubi
869 3285 1003 3348 dixisset
1021 3285 1106 3364 quod
1123 3290 1248 3347 teneret

109 3399 230 3455 metam
249 3412 323 3456 cum
343 3397 431 3455 terra
456 3390 593 3468 abbatis,
619 3391 693 3454 inde
719 3392 890 3456 circuendo
915 3399 1056 3455 montem
1082 3399 1114 3456 et
1139 3394 1244 3474 ipsum

108 3507 253 3564 montem
280 3499 366 3562 idem
393 3499 516 3563 Paulus
542 3522 643 3563 unum
669 3520 737 3563 esse
763 3499 904 3580 dixisset,
931 3501 986 3563 sod
1012 3500 1111 3563 abbas
1132 3521 1170 3563 ac
1186 3500 1249 3563 lli·

109 3608 202 3671 chael
219 3607 260 3670 de
276 3605 401 3670 Monak
417 3607 496 3672 duos
512 3607 580 3672 fore
590 3607 816 3684 affirmassent,
832 3607 906 3670 inde
923 3607 1093 3671 circuendo
1110 3607 1246 3670 erindem

109 3721 253 3778 montem
280 3713 439 3778 tendisset
455 3736 565 3778 versus
590 3715 783 3794 aquilonem,
799 3715 944 3778 duxisset
960 3715 1002 3779 ad
1019 3721 1141 3782 terram
1158 3763 1164 3776 .
1182 3765 1188 3778 .
1207 3715 1248 3776 ad

109 3833 177 3886 tres
193 3829 308 3898 metas,
333 3842 472 3902 quarum
497 3820 559 3886 due
586 3829 679 3886 erant
699 3825 833 3903 antique
859 3829 892 3886 et
917 3844 981 3886 una
998 3843 1087 3899 nova,
1104 3830 1136 3887 et
1152 3843 1249 3885 unam

110 3932 284 4012 antiquam
315 3937 434 3995 metam
466 3951 558 3994 suam
588 3930 656 3994 sore
693 3930 895 4012 affirmasset,
928 3937 963 3993 et
994 3930 1111 3994 abhinc
1143 3930 1246 3993 eundo

111 4059 224 4102 versus
250 4045 392 4104 montem
417 4038 611 4102 ostendisset
639 4043 780 4118 quatuor
806 4045 916 4116 metas,
941 4046 1006 4102 tres
1031 4039 1185 4118 antiquas
1217 4045 1249 4100 et

111 4167 212 4209 unam
229 4165 353 4222 novam,
377 4165 517 4225 quarum
534 4166 632 4208 unum
649 4147 858 4226 possessionis
875 4144 948 4211 Ond
965 4145 1106 4225 dixisset,
1132 4144 1250 4208 abhinc

111 4253 337 4318 descendendo
354 4274 411 4334 per
429 4254 593 4336 quandam
619 4254 736 4318 vallem
752 4255 948 4318 ostendisset
974 4255 1054 4317 duas
1073 4261 1176 4318 metas
1193 4273 1248 4315 an-

109 4364 233 4444 tiquas,
244 4381 384 4442 quarum
400 4383 498 4426 unam
509 4383 566 4425 sue
576 4363 784 4445 possessionis
795 4360 868 4426 Ond
879 4361 1021 4443 dixisset,
1033 4361 1106 4425 inde
1123 4360 1250 4424 descen-

109 4471 216 4534 dendo
240 4491 298 4552 per
318 4471 435 4534 montis
452 4470 622 4534 circuitum
634 4467 655 4554 (.
673 4522 679 4534 .
697 4523 703 4535 .
721 4469 742 4552 .)
754 4471 828 4534 dam
838 4470 1047 4534 vallisstricti
1057 4471 1251 4534 ostendisset

113 4601 214 4641 unam
231 4583 352 4642 metam
369 4579 539 4658 antiquam
557 4585 589 4641 et
605 4579 708 4661 ipsam
735 4599 825 4642 suam
850 4577 918 4641 fore
944 4578 1084 4658 dixisset,
1109 4577 1182 4640 inde
1198 4579 1250 4640 de-

111 4687 1250 4770 mmmwmmmfflffimwfflmmfflfflQ
