3180 5466
561 567 654 628 1351.
671 571 742 628 MAJ.
762 569 811 628 12.
1169 569 1232 628 471

104 746 201 812 Pauli
218 751 429 830 exspectatus,
445 766 508 808 non
524 752 657 810 venerat
673 766 778 828 neque
793 747 935 824 miserat,
946 751 977 810 et
993 747 1039 810 sic
1055 766 1088 810 se
1105 747 1137 810 in
1155 747 1236 812 iudi·

104 856 154 920 cio
169 857 269 919 trium
284 875 468 919 marcarum
483 855 687 919 commiserat
703 855 861 932 innodari,
878 859 911 918 et
928 856 1004 937 quia
1020 856 1237 936 prenominati

104 965 253 1046 magistri
269 963 294 1028 J
296 982 414 1028 oannes
431 969 464 1027 et
479 961 503 1026 J
505 961 623 1026 acobus
639 961 697 1026 filii
723 961 914 1040 Alexandri,
933 962 1096 1046 predictas
1112 983 1235 1047 posses·

104 1073 209 1136 sionss
226 1069 389 1137 Snmkuth
405 1080 438 1137 et
453 1071 603 1136 Rosusna
620 1077 750 1136 vocatas
765 1069 982 1135 mediantibus
994 1072 1083 1154 regio
1100 1077 1133 1135 et
1149 1092 1237 1155 sepe-

104 1179 183 1243 dicti
200 1177 335 1261 capituli
351 1177 543 1244 Vachiensis
567 1177 758 1256 hominibus,
783 1199 841 1262 per
867 1200 960 1244 veras
986 1199 1060 1244 suas
1076 1185 1180 1244 metas
1204 1186 1237 1244 et

103 1287 256 1368 antiquas
272 1293 349 1350 tunc
365 1287 404 1352 da
420 1307 501 1351 novo
517 1286 722 1351 reambulare
747 1293 781 1350 et
805 1285 847 1350 ab
872 1285 1009 1351 aliorum
1026 1289 1234 1370 possessioni·

102 1394 171 1472 bus,
196 1393 380 1477 specialiter
405 1394 523 1477 prefati
557 1394 707 1477 Gregorii
741 1395 818 1460 dicti
848 1395 953 1460 Zelrul
984 1394 1169 1481 Mykochan
1202 1405 1235 1462 et

102 1501 226 1567 Noztre
242 1503 371 1580 vocatis,
396 1503 485 1566 novis
510 1502 604 1566 metis
621 1503 713 1568 iuxta
737 1507 860 1566 veteres
885 1502 918 1566 in
943 1503 1022 1567 locis
1047 1503 1236 1568 necessariis

102 1611 219 1674 erectis
244 1629 395 1692 separare
412 1615 444 1674 et
460 1611 646 1693 distingera
663 1611 847 1692 dictamque
864 1609 1056 1694 particulam
1072 1616 1159 1674 terre
1169 1611 1235 1676 liti-

101 1720 224 1802 giosam
236 1727 280 1784 ut
295 1734 359 1800 per
369 1720 496 1783 eosdem
512 1717 595 1784 filios
606 1717 786 1784 Alexandri
803 1721 926 1784 dictum
940 1718 1055 1784 fuisset
1065 1721 1235 1802 sexaginta

100 1829 214 1910 iugera
229 1829 263 1890 in
280 1847 313 1892 se
329 1828 554 1904 coutinentem,
580 1849 637 1910 per
662 1828 783 1892 dictum
809 1847 883 1891 vero
900 1826 1095 1910 Gregorium
1111 1828 1233 1893 dictum

99 1933 204 1998 Zekul
221 1935 325 1998 multo
341 1935 437 2018 plura
462 1935 598 2000 existere
623 1934 808 2016 allegatum,
834 1939 977 2017 tempore
993 1936 1147 2018 premisse
1167 1937 1231 2018 pri·

98 2044 200 2107 marie
218 2042 485 2108 reambulaoionis
502 2065 559 2126 per
576 2045 681 2126 ipsum
708 2041 903 2126 Gregorium
931 2045 1059 2109 nomine
1075 2045 1125 2108 sni
1150 2044 1231 2108 iuris

98 2150 295 2234 prohibitam
321 2151 464 2235 legitime
490 2153 725 2235 recaptivandq
751 2154 792 2217 ad
821 2153 983 2235 predictas
1014 2155 1233 2236 possessiones

98 2259 262 2326 Snmkuth
280 2269 312 2326 et
327 2261 474 2326 Rososna
490 2268 618 2326 vocatas
633 2261 803 2326 voluerant
827 2262 867 2326 de
891 2263 961 2326 iure
977 2263 1143 2346 applicari,
1160 2283 1230 2344 pre

97 2369 203 2433 dictus
222 2389 327 2434 comes
344 2370 467 2434 Paulus
482 2373 547 2434 iam
564 2372 728 2434 nominato
754 2369 897 2453 capitulo
922 2369 1099 2437 Vaohiensi
1119 2371 1229 2436 litera·

96 2477 180 2542 torie
197 2475 375 2554 scribenda
392 2479 572 2543 amiciciam
588 2499 696 2542 eorum
714 2479 906 2558 requisierat
923 2477 1102 2559 diligenter,
1119 2483 1230 2560 quate-

96 2607 156 2650 nus
172 2587 319 2668 ipsorum
335 2588 502 2650 mitterent
527 2586 686 2650 hominem
712 2606 771 2669 pro
796 2587 980 2649 testimonio
1005 2585 1068 2650 fide
1084 2585 1228 2667 dignum,

96 2711 160 2775 quo
176 2701 326 2778 presente
342 2695 487 2760 Damaso
512 2694 598 2759 filius
625 2694 712 2760 Beke
737 2695 832 2759 homo
858 2695 965 2776 regius
985 2694 1026 2759 ad
1043 2693 1140 2759 facies
1157 2715 1228 2776 pre·

94 2803 256 2868 dictarum
272 2803 508 2886 possessionum
525 2802 685 2869 Snmkuth
702 2808 734 2866 et
750 2803 901 2867 Rosusna
916 2807 1110 2878 vocatarum,
1129 2809 1228 2866 terre-

93 2934 156 2994 que
166 2912 326 2995 particule
342 2913 483 2994 litigiose
493 2918 661 2995 prenotate
671 2934 728 2995 per
738 2913 880 2996 prefatos
891 2913 1084 2993 magistrum
1100 2909 1225 2974 Johan-

93 3043 165 3085 nem
183 3025 216 3084 et
233 3019 395 3086 Jacobum
412 3020 495 3085 filios
517 3019 696 3085 Alexandri
708 3026 835 3085 tantum
855 3021 897 3083 ad
919 3020 1087 3101 sexaginta
1111 3020 1225 3100 iugera

92 3139 180 3191 terre
197 3127 335 3193 existere
351 3135 384 3192 et
400 3129 442 3192 ad
459 3128 619 3211 predictas
637 3127 852 3210 possessiones
864 3123 1024 3191 Sumkuth
1036 3131 1067 3190 et
1076 3125 1226 3190 Rosusna

91 3240 222 3300 vocatas
238 3241 392 3318 spectare,
417 3257 475 3318 per
499 3237 604 3318 ipsum
630 3241 737 3299 autem
764 3233 958 3317 Gregorinm
985 3235 1105 3299 dictum
1122 3231 1227 3298 Zelrul

90 3345 172 3427 ipsis
189 3347 358 3427 sexaginta
374 3344 539 3428 iugeribus
555 3350 641 3408 terre
657 3343 760 3407 multo
786 3343 881 3426 plura
906 3363 975 3407 esse
1001 3351 1033 3409 et
1063 3343 1104 3407 ad
1121 3343 1225 3409 dictas

91 3455 310 3534 possessiones
326 3473 401 3517 suas
417 3452 601 3536 Mykochan
618 3459 650 3517 et
675 3451 798 3517 Noztre
828 3453 1012 3516 nominatas
1037 3457 1074 3514 ut
1088 3451 1226 3534 predici-

91 3571 147 3626 tur
182 3565 380 3628 contrariosa
412 3563 551 3645 allegate
582 3563 752 3645 pertinere,
791 3561 902 3624 ricinis
935 3565 967 3622 et
998 3562 1224 3624 commetaneis

90 3693 204 3735 earum
220 3673 378 3737 universis
395 3677 427 3736 et
453 3669 637 3754 specialiter
662 3670 808 3753 predicto
833 3666 993 3749 Gregorio
1009 3667 1094 3730 dioto
1121 3666 1225 3732 Zelrul

89 3779 141 3843 rel
157 3781 227 3844 eins
244 3780 389 3863 legitimo
414 3785 622 3863 procuratore
647 3777 696 3841 vel
722 3775 857 3842 officiale
882 3777 1024 3859 legitime
1049 3773 1130 3838 inibi
1151 3795 1222 3838 oon-

87 3889 211 3952 roostis
237 3889 426 3964 accedendo,
458 3886 649 3969 easdemque
680 3888 772 3949 iuxta
802 3885 920 3968 prioris
955 3881 1223 3947 reambulacionis

88 3997 221 4062 modurn
248 4003 280 4062 et
304 4019 415 4062 cursus
440 4001 611 4076 metarum,
636 3998 669 4058 in
695 3996 790 4060 dictis
815 3991 977 4077 prioribus
1002 3991 1106 4054 liten's
1122 3991 1224 4072 ipsius

88 4106 218 4170 comitis
236 4105 332 4170 Pauli
349 4113 382 4171 et
398 4103 531 4188 capituli
547 4105 741 4172 Vachiensis
756 4125 815 4186 per
831 4102 957 4166 eosdem
973 4098 1146 4183 magistros
1162 4099 1223 4164 Jo-

87 4213 231 4279 hannem
248 4220 280 4279 et
295 4213 456 4279 ‹lacobum
472 4213 555 4278 filios
571 4212 751 4278 Alexandri
778 4213 811 4277 in
829 4211 933 4294 specie
949 4211 982 4273 in
1001 4207 1082 4274 facie
1098 4229 1222 4274 earnm-

87 4323 163 4386 ‹lem
181 4321 368 4386 exhibendis
385 4330 610 4387 contentarum
626 4327 658 4385 et
674 4341 898 4403 expressarum
914 4314 1156 4395 reambuland0,
1181 4317 1222 4382 ab

86 4429 294 4511 aliorumque
310 4429 563 4511 possessionibus
589 4452 646 4511 per
668 4429 829 4514 predictas
849 4447 923 4492 suas
954 4430 1059 4490 metas
1074 4445 1166 4489 varas
1190 4430 1223 4489 et

85 4540 254 4622 antiquas,
270 4539 360 4602 novis
376 4540 470 4602 metis
496 4540 529 4602 in
555 4539 633 4603 locis
651 4539 841 4602 necessariis
867 4537 983 4600 erectis
1008 4532 1214 4615 distingendo

85 4647 185 4711 simul
212 4667 282 4710 cum
314 4647 460 4729 predicta
484 4647 645 4728 particula
676 4653 761 4711 terre
785 4645 937 4727 litigiosa,
953 4649 990 4706 ut
1015 4663 1073 4723 per
1092 4641 1219 4706 eosdem

86 4754 171 4818 lilios
187 4752 368 4819 Alexandri
394 4754 513 4818 dictum
542 4754 716 4817 exstitisset
741 4753 910 4835 sexaginta
926 4751 1081 4832 iugerum,
1106 4749 1220 4817 habita
