3180 5470
355 485 420 545 378
705 502 891 548 nuuouxour
907 489 1118 548 oxuiurnlu.

353 664 509 730 metaneis
543 666 724 732 convocatis
743 673 776 730 et
800 665 1010 749 presentibus,
1041 666 1145 749 primo
1170 670 1257 729 terre
1282 663 1476 749 particulam,

356 792 453 853 quam
470 772 634 855 predictus
650 773 807 839 Nicolaus
823 773 909 856 filius
934 771 1061 839 Mathis
1077 771 1117 838 de
1132 773 1258 857 prefata
1283 771 1477 855 possessione

351 879 470 946 Motuh
487 879 574 948 dicta
590 880 759 948 officialem
777 882 911 949 antefati
930 882 1057 947 domini·
1075 881 1205 947 Nicolai
1230 881 1368 965 palatini
1394 901 1476 944 occu·

353 1009 432 1072 pare
449 995 482 1055 et
500 990 541 1055 ad
558 992 789 1075 possessionem
816 991 917 1074 ipsius
933 991 1053 1055 domini
1070 989 1208 1074 palatini
1225 989 1321 1074 Apey
1337 995 1475 1053 vocatam

355 1098 518 1182 applicare
535 1099 711 1165 intendisse
735 1106 925 1182 asseruerat,
943 1099 1035 1164 iuxta
1053 1121 1128 1164 suas
1144 1104 1247 1162 metas
1272 1119 1366 1162 veras
1382 1103 1414 1162 ct
1428 1119 1477 1162 an·

350 1206 459 1289 tiquas
475 1206 907 1292 1·eambulassent,factaque
923 1207 1181 1273 reambulacione
1207 1207 1310 1290 regali
1334 1225 1477 1270 mensura

350 1323 597 1399 mensurassent,
608 1319 662 1397 sic,
672 1318 758 1400 quod
774 1339 833 1400 pro
850 1317 993 1402 quolibet
1009 1317 1120 1400 iugero
1136 1316 1304 1382 duodecim
1317 1315 1476 1399 amplexus

350 1424 383 1488 in
409 1423 590 1508 latitudine,
615 1426 648 1490 in
679 1425 881 1510 longitudine
911 1446 986 1490 uero
1015 1424 1225 1509 septuaginta
1255 1424 1335 1488 duos
1361 1443 1477 1487 mensu·

350 1539 486 1612 rassent,
504 1555 566 1617 que
582 1533 770 1618 octuaginta
796 1535 908 1618 iugera
932 1543 1018 1600 terre
1044 1535 1077 1599 in
1103 1556 1137 1599 se
1163 1533 1362 1614 habuissent
1387 1553 1477 1614 quam

351 1641 453 1706 eciam
478 1641 566 1706 intra
590 1663 702 1708 cursus
727 1649 888 1708 metarum
922 1642 1084 1708 antediote
1109 1642 1320 1726 possessionis
1346 1639 1476 1724 Moytuln

349 1749 476 1814 dixerat
507 1749 664 1829 adiacere,
695 1752 741 1817 sic
772 1751 859 1835 quod
889 1757 1013 1834 septem
1044 1752 1138 1816 metis
1163 1751 1278 1816 terreis
1305 1755 1394 1813 terre
1411 1747 1477 1812 ville

348 1855 489 1940 Moytnh
505 1865 589 1923 esset
620 1879 753 1924 annexa.
784 1857 925 1924 Demnm
957 1860 997 1925 ad
1029 1860 1128 1924 aliam
1160 1865 1246 1923 terre
1278 1856 1476 1941 particulam,

349 1987 446 2048 quam
463 1967 625 2051 sepefatus
640 1967 797 2033 Nicolaus
813 1967 910 2032 titulo
926 1967 1070 2052 pignoris
1095 1967 1157 2032 sibi
1173 1969 1284 2050 vigore
1310 1966 1474 2030 literarum

350 2072 429 2138 dicti
446 2073 643 2140 honorabilis
660 2073 792 2158 capituli
819 2075 951 2142 ecclesie
967 2073 1145 2140 Nitriensis
1171 2073 1325 2139 collatam
1341 2081 1478 2138 astruxe-

349 2186 410 2262 rat,
426 2182 643 2266 accessissent,
669 2189 703 2247 et
727 2183 760 2247 in
787 2182 898 2248 eadem
924 2205 997 2248 cum
1014 2203 1166 2248 mensura
1191 2183 1296 2264 regali
1321 2189 1359 2247 ut
1386 2201 1478 2266 supra

348 2288 573 2368 mensurando,
590 2292 758 2373 sexaginta
775 2293 917 2375 quinque
933 2292 1048 2375 iugera
1072 2291 1270 2374 reperissent
1296 2311 1370 2356 cum
1396 2289 1478 2354 utili·

348 2395 470 2460 tatibus
487 2397 724 2480 pertinentibus
740 2399 781 2465 ad
798 2399 952 2481 esaudem3
972 2399 1161 2464 retulissent
1178 2400 1289 2481 eciam,
1307 2398 1478 2480 quodcum

349 2502 507 2585 premissa
518 2502 625 2569 debito
636 2505 746 2570 ordine
757 2507 965 2590 peregissent,
980 2506 1177 2590 tandemque
1193 2509 1285 2571 iuxta
1295 2505 1478 2571 mandatum
1573 2507 1574 2514 ³

348 2611 427 2694 ipsis
443 2610 563 2676 dictum
581 2611 682 2677 dictas
699 2619 765 2680 tres
781 2616 960 2699 particulas
976 2616 1038 2698 ipsi
1055 2615 1208 2680 estimare
1226 2615 1411 2690 voluissent,
1427 2613 1478 2678 sed

347 2719 423 2800 quia
448 2719 543 2783 litere
568 2726 675 2785 nostre
701 2721 898 2802 innuissent,
923 2729 960 2788 ut
985 2724 1076 2788 iuxta
1101 2721 1366 2790 cousuetudinem
1392 2722 1478 2805 regni

346 2825 491 2890 estimari
518 2827 680 2906 deberent,
705 2829 808 2895 visum
833 2832 911 2914 ipsis
943 2831 1129 2909 exstitisset,
1161 2831 1247 2913 quod
1275 2832 1369 2894 iuxta
1393 2830 1477 2912 regni

346 2932 606 2999 consuetudinem
631 2936 775 3018 ipsarum
791 2939 956 3003 estimacio
972 2937 1042 3002 fieri
1058 2959 1122 3002 non
1139 2937 1283 3020 deberet,
1309 2938 1389 3021 qnia
1404 2937 1478 3001 mul·

347 3045 415 3104 tum
440 3039 603 3106 fructuose
637 3052 742 3109 essent
767 3053 800 3110 et
823 3045 946 3110 fertiles
978 3045 1081 3110 eciam
1113 3045 1191 3130 quia
1217 3045 1404 3130 propinqua
1427 3067 1478 3110 seu
1572 3119 1573 3124 ἵ

347 3147 449 3212 vicine
466 3147 606 3215 civitatis
622 3137 735 3232 essent,
746 3155 859 3218 etideo
870 3155 1009 3219 cariores
1020 3160 1127 3220 essent
1137 3155 1234 3218 tenuis
1251 3153 1478 3220 remocioribus

347 3275 367 3319 a
382 3255 520 3332 civitate,
536 3262 568 3321 et
585 3257 629 3322 sie
645 3265 754 3323 nostro
771 3261 888 3326 iudicio
910 3262 1148 3327 commisissent
1174 3262 1280 3345 ipsam
1307 3263 1480 3326 estimacio

345 3381 418 3424 nem
443 3361 512 3426 fueri
536 3369 613 3428 tuno
638 3364 823 3432 debendam.
850 3367 920 3433 Nos
946 3369 1078 3448 quidem
1104 3390 1177 3433 cum
1199 3370 1292 3452 regni
1308 3368 1479 3435 baronibus

348 3466 512 3533 nobiscum
529 3471 752 3552 assidentibus,
769 3475 898 3558 cognita
915 3477 948 3540 in
966 3477 1016 3541 his
1044 3477 1275 3542 consuetudine
1300 3478 1393 3561 regni
1418 3477 1480 3541 fore

348 3571 555 3652 observanda,
571 3598 608 3642 eo
625 3584 701 3658 toto,
718 3580 803 3663 quod
819 3583 963 3665 predicte
980 3589 1066 3648 terre
1087 3583 1229 3668 litigiose
1255 3584 1480 3650 fructuosiores

347 3687 453 3744 essent
468 3681 540 3746 aliis
556 3685 651 3750 terris
668 3707 687 3750 a
703 3689 886 3754 civitatibus
897 3692 1055 3756 remooins
1075 3693 1302 3770 existentibus
1313 3693 1396 3758 citra
1412 3691 1480 3756 esti·
1571 3697 1572 3751 l

346 3789 522 3852 macionem
548 3794 859 3861 consuetudinariam
884 3799 975 3881 regni
1000 3799 1089 3882 ipsas
1116 3807 1222 3866 terras
1248 3800 1410 3884 litigiosas
1433 3799 1480 3862 de

346 3915 545 3960 erexeramus
562 3897 677 3964 debere
697 3903 903 3982 estimandas‚
928 3906 1006 3988 quia
1032 3927 1107 3971 vero
1124 3907 1245 3990 prefati
1271 3907 1331 3972 filii
1358 3907 1480 3972 Mathia

345 3999 448 4082 ipsam
473 4006 703 4085 possessionem
730 4029 841 4074 eornm
875 4011 1014 4096 Moytuh
1041 4035 1080 4077 ex
1107 4013 1307 4079 diuturniori
1340 4023 1481 4100 tempore

345 4125 442 4186 quam
458 4108 526 4191 ipse
543 4109 689 4178 dominus
705 4115 868 4198 palatinus
884 4141 975 4184 suam
1002 4120 1238 4203 possessionem
1264 4121 1363 4208 Apey
1379 4143 1481 4207 posse·
1570 4155 1571 4202 3

345 4211 429 4276 disse
446 4215 703 4300 dignoscebatur,
720 4228 753 4286 et
766 4222 806 4288 ob
823 4225 883 4290 hoc
908 4227 1086 4292 secundum
1104 4229 1197 4312 regni
1218 4228 1483 4294 consuetudinem
1570 4203 1571 4275 l

343 4318 559 4386 iuramentum
584 4324 616 4387 in
641 4325 725 4392 facto
752 4329 838 4395 dicte
872 4334 1033 4415 particule
1058 4341 1147 4400 terre
1173 4335 1318 4420 litigiose
1355 4357 1420 4419 que
1445 4335 1483 4400 ad

344 4422 462 4488 dietam
478 4425 573 4512 Apey
593 4429 635 4494 ab
659 4433 729 4516 ipsa
753 4433 892 4520 Moytuh
917 4448 1077 4525 occupata
1103 4441 1205 4508 fnisse
1222 4443 1406 4526 dicebatur,
1432 4443 1483 4508 uni

344 4527 500 4595 dictorum
516 4533 655 4602 filiorum
671 4540 796 4606 Mathia
812 4565 885 4610 cum
911 4549 1118 4614 coniuratore
1144 4572 1204 4616 suo
1230 4552 1417 4618 adiudicari
1434 4551 1484 4616 de·

344 4634 418 4698 bere
435 4637 525 4703 nobis
535 4642 637 4710 visum
654 4649 839 4734 exstiterat3
856 4652 928 4720 ideo
938 4658 1158 4725 commisimus
1169 4681 1208 4726 co
1219 4661 1317 4726 modo
1333 4660 1482 4745 partibus
