3138 5462
524 437 618 500 1347.
636 453 724 498 saer.
748 437 797 499 14.
1170 435 1230 500 121

114 617 245 698 scriptas
261 616 353 680 nobis
369 621 604 699 presentaraut,
631 616 664 680 in
689 617 806 698 quibus
821 617 1003 682 videramus
1029 611 1186 680 contineri
1204 663 1209 676 .
1227 671 1233 683 ,
1318 665 1320 672 ,

109 725 185 805 «quod
212 726 317 807 ipsum
349 725 529 808 capitulum
563 726 759 790 Wachiense
791 725 955 808 premissis
980 725 1084 790 literis
1113 721 1233 786 nostris

110 833 308 898 iudiciariam
324 839 468 900 nostram
484 833 751 899 deliberacionem
772 833 1025 918 exprimentibus
1041 882 1047 896 .
1065 883 1071 897 .
1087 831 1224 914 receptis

109 963 236 1006 unacum
267 941 430 1007 Michaele
455 942 520 1007 filio
545 942 708 1008 Johannis
733 944 772 1008 de
797 943 894 1010 Koch
925 943 1054 1009 homine
1085 940 1174 1022 regio
1199 939 1233 1002 in

112 1051 222 1115 eisdem
244 1051 349 1117 literis
368 1053 487 1118 nostris
503 1058 662 1133 contento,
679 1049 1234 1120 eorumhominemvirumidonemn

110 1159 266 1224 dominum
281 1159 493 1225 Benedictum
509 1159 709 1225 sacerdotem
719 1161 809 1226 chori
819 1162 963 1243 ipsorum
978 1157 1234 1226 transmisissent

112 1287 162 1350 pro
179 1267 364 1332 testimonio
381 1317 388 1330 .
405 1317 411 1331 .
429 1268 484 1349 qui
511 1267 640 1332 demum
665 1268 706 1332 ad
732 1269 837 1351 ipsum
863 1267 1041 1351 capitulum
1066 1266 1185 1330 reversi
1203 1313 1233 1328 ..

110 1376 296 1454 retulissent,
333 1377 420 1458 quod
445 1377 507 1460 ipsi
533 1378 566 1442 in
591 1377 745 1460 predictis
780 1379 901 1443 octaris
925 1375 999 1442 festi
1024 1377 1232 1441 Pentecostes

110 1507 185 1549 nunc
201 1485 348 1567 proxime
364 1485 530 1568 preteritis
546 1485 588 1550 ad
603 1485 752 1551 facienda
762 1487 918 1570 premissa
934 1506 991 1569 per
1007 1505 1065 1550 nos
1081 1485 1114 1548 iu
1130 1481 1234 1548 literis

111 1596 220 1659 nostris
230 1617 290 1676 pro
301 1597 438 1659 termino
455 1596 630 1679 assignatis
640 1596 806 1662 adfaciem
822 1596 981 1661 dictarum
997 1592 1232 1678 particularum

110 1709 197 1778 terre,
214 1702 301 1780 silve,
318 1723 484 1768 nemorum
500 1725 539 1769 ao
554 1705 754 1787 piscinarum
770 1725 790 1768 a
806 1711 898 1788 parte
914 1700 1123 1787 possessionis
1135 1697 1233 1764 Pauli

110 1808 159 1872 filii
186 1807 346 1892 Stephani
371 1809 478 1876 Olnad
503 1818 614 1876 vocate
646 1813 855 1878 existencinm
887 1810 1104 1886 accessissent,
1130 1813 1163 1872 et
1187 1805 1232 1871 ibi

111 1917 259 2001 magistro
275 1916 352 1982 Dok
368 1917 496 1983 literato
512 1921 546 1984 in
563 1941 700 2002 persona
718 1921 797 1986 dicti
822 1919 943 1985 domini
968 1917 1108 2002 episcopi
1124 1921 1232 1981 aucto·

110 2025 196 2088 ritate
212 2027 446 2109 procuratoris,
471 2027 555 2093 dicto
580 2049 655 2093 vero
680 2028 846 2112 Stephano
870 2027 1083 2112 personaliter
1108 2045 1233 2107 compa-

110 2131 258 2212 rentibus,
282 2135 460 2216 vicinisque
481 2141 515 2200 et
540 2138 767 2202 commetaneis
792 2136 975 2203 earumdem
1000 2133 1144 2218 legitime
1161 2153 1233 2196 con-

107 2243 220 2306 vocatis
234 2247 267 2306 et
279 2243 490 2326 presentibus,
502 2243 606 2310 dictas
622 2244 802 2328 particulas
819 2251 904 2310 terre
921 2245 984 2308 imo
1001 2243 1094 2324 quasi
1110 2240 1232 2306 insulas

106 2371 171 2412 cum
197 2349 295 2432 silvis,
321 2350 505 2416 nemoribus
531 2358 563 2416 et
588 2353 720 2434 piscinis
753 2352 878 2418 duabus
910 2373 948 2417 ex
980 2353 1232 2432 circumquaque

106 2457 284 2522 earumdem
300 2459 481 2525 insularum
508 2461 728 2539 existentibus,
752 2461 860 2526 omnia
878 2460 1054 2526 secundum
1070 2459 1232 2524 continen-

105 2565 181 2629 ciam
196 2567 344 2648 priorum
359 2569 528 2634 literarum
547 2577 734 2636 nostrarum
758 2591 817 2654 per
842 2571 964 2635 dictum
990 2573 1231 2652 procuratorem

104 2672 176 2738 dicti
192 2675 314 2738 domini
325 2676 466 2759 episcopi
476 2676 521 2741 ibi
532 2677 749 2743 exhibitarum
760 2677 953 2762 peragenda,
963 2676 1232 2757 reambulasseut,

105 2787 134 2844 ct
149 2781 222 2846 dum
240 2783 460 2850 reambulatas
486 2791 518 2850 et
534 2785 575 2850 ab
591 2787 664 2852 aliis
681 2788 844 2853 vicinariis
870 2783 1122 2870 possessionibus
1140 2804 1231 2865 sepa-

104 2897 187 2956 ratas
203 2893 245 2957 ad
262 2893 384 2960 dictam
399 2895 632 2978 possessionem
649 2897 750 2979 ipsius
766 2895 887 2961 domini
901 2894 1042 2977 episcopi
1061 2891 1231 2976 Agrieusis

102 2998 268 3084 deuegh
284 3009 430 3068 vocatam
447 3004 641 3087 applicando
656 3007 784 3070 nomine
795 3007 845 3070 sui
856 3005 936 3069 iuris
952 3009 1095 3068 statuere
1112 2999 1228 3064 voluis-

101 3114 176 3187 sent,
200 3110 366 3192 predictus
393 3110 579 3195 Stephanus
603 3113 689 3178 filius
715 3113 810 3180 Pauli
835 3114 922 3196 ipsos
947 3133 1011 3176 non
1037 3132 1057 3176 a
1082 3109 1230 3176 reambu·

102 3215 223 3280 lacione
241 3217 297 3282 sed
307 3239 327 3282 a
337 3218 424 3284 dicta
440 3221 619 3285 statucione
636 3222 849 3304 personaliter
865 3219 1089 3302 prohibuisset,
1104 3219 1231 3282 nemine

101 3321 163 3387 alio
179 3325 416 3390 contradictore
432 3327 512 3392 inibi
528 3335 719 3412 apparente,
736 3328 950 3412 quasqnidem
966 3325 1143 3412 particulas
1159 3346 1230 3408 pos·

100 3430 310 3498 sessionarias
335 3455 406 3498 oum
432 3435 580 3502 omnibus
596 3439 672 3502 suis
697 3436 893 3502 utilitatibus
918 3457 1054 3502 unacum
1080 3433 1232 3518 predictis

101 3541 211 3606 ricinis
226 3548 260 3606 et
276 3546 503 3609 commetaneis
520 3545 646 3610 aeoliis
662 3545 771 3630 probis
787 3547 864 3610 viris
880 3543 959 3610 inibi
976 3534 1164 3623 convocatis,
1175 3564 1233 3624 pro

102 3650 253 3715 tredecim
270 3653 388 3716 marcis
404 3654 616 3719 aetimassent.
641 3651 788 3738 Quarum
806 3654 977 3718 literarum
994 3651 1144 3736 perlectis
1160 3671 1232 3716 con-

101 3759 256 3836 tinenciis,
271 3759 348 3824 licet
364 3765 511 3843 pretaota
526 3782 625 3827 causa
641 3762 786 3845 parcium
806 3761 869 3826 alio
885 3760 1004 3824 iudicio
1031 3761 1123 3823 iuxta
1140 3757 1231 3841 regni

99 3867 267 3950 antiquam
284 3869 543 3934 consvetudinem
555 3891 611 3954 per
621 3891 680 3934 nos
695 3870 864 3935 terminari
880 3869 1035 3950 debuerit,
1051 3867 1231 3932 volentibus

100 3983 205 4042 tamen
222 3979 368 4060 parcium
381 3979 643 4062 procuratoribus
653 3979 839 4062 prenotatis,
849 3986 1001 4044 eteorum
1017 3975 1230 4060 peticionibus

99 4085 354 4165 instantissimis,
370 4109 409 4152 ne
426 4088 458 4152 in
475 4089 630 4172 premisse
644 4087 711 4153 litis
727 4087 852 4152 diutino
877 4107 1028 4172 processu
1055 4084 1163 4168 plures
1179 4104 1231 4148 ex-

99 4214 273 4276 pensarum
292 4196 532 4262 consumciones
548 4197 661 4274 facere,
686 4194 877 4276 laboresque
893 4193 1076 4278 fatigabiles
1092 4193 1230 4258 ulterius

99 4309 209 4384 partes
242 4307 435 4386 supportare
466 4303 675 4387 contingeret,
709 4309 847 4368 unacum
878 4302 969 4386 regni
1000 4299 1174 4366 baronibus
1200 4305 1232 4364 et

99 4409 261 4474 nobilibus
296 4411 461 4476 nobiscum
485 4412 518 4476 in
543 4411 661 4476 iudicio
695 4411 939 4476 consedentibus
969 4410 1231 4476 commiseramus

99 4519 288 4602 iudicantes,
304 4527 342 4585 ut
358 4521 520 4604 predictus
537 4521 722 4605 Stephanus
738 4521 824 4587 filius
840 4521 937 4587 Pauli
953 4520 992 4585 de
1003 4517 1111 4586 Olnad
1127 4518 1231 4583 trede-

98 4628 178 4693 cimo
205 4650 241 4694 se
266 4627 427 4696 nobilibus
452 4629 513 4696 sibi
540 4628 698 4698 similibus
724 4650 757 4698 se
782 4629 906 4696 incluso
931 4629 964 4693 in
989 4627 1110 4694 octaris
1127 4627 1230 4694 sancti
