3226 5462
363 479 405 539 76
717 492 904 538 snrouuoar
920 477 1133 538 ouulrrrln.

363 677 473 722 rarum
490 655 674 739 patenoium
691 652 846 720 Albensis
863 658 896 719 et
920 653 1111 720 Bachiensis
1137 653 1346 719 ecclesiarum
1372 653 1492 737 capitu,-

363 764 468 830 lorum
485 771 519 829 et
534 769 708 829 conventus
718 761 1022 842 Pechwarndiensis,
1033 767 1066 828 et
1076 761 1118 826 ad
1128 761 1270 828 dandum
1281 761 1493 827 etridendum

363 871 610 937 iuramentalem
638 870 873 955 deposicionem
904 891 1000 954 super
1031 891 1095 935 una
1126 875 1213 935 meta
1237 877 1322 935 terre
1347 870 1492 954 litigiose,

363 979 487 1047 duobus
505 979 665 1046 canonicis
682 979 767 1045 dicte
794 979 926 1046 ecclesie
943 975 1296 1064 Quinqueecclesiensis
1315 978 1365 1044 vel
1380 979 1492 1044 maiori

363 1089 524 1172 dignitate
548 1086 814 1172 prefulgentibus,
839 1109 911 1152 cum
939 1108 1002 1161 uno
1028 1093 1246 1152 commetaneo
1271 1088 1493 1172 propinquiori

365 1198 415 1262 vel
433 1197 600 1262 remociori
617 1217 655 1262 ac
671 1196 744 1262 aliis
760 1195 944 1262 hominibus
962 1195 1122 1261 nobilibus
1148 1197 1300 1280 vigesimo
1326 1201 1446 1279 quarto
1462 1217 1491 1262 se

363 1305 505 1384 inclusis,
522 1328 595 1372 oum
605 1305 759 1390 predictis
777 1304 957 1372 hominibus
968 1305 1209 1389 magnificencie
1220 1311 1334 1384 vestre,
1350 1305 1492 1370 homines

363 1437 420 1480 seu
435 1415 620 1506 testimonia
636 1420 747 1480 nostra
762 1415 1016 1498 utpremisimus
1033 1415 1256 1480 transmittere
1265 1412 1491 1490 debuissemus

365 1525 436 1608 ipso
452 1524 589 1588 termino
606 1528 802 1602 occurrente,
818 1543 889 1588 eum
906 1522 1050 1606 predicto
1065 1521 1219 1588 Ladislao
1235 1521 1302 1587 filio
1317 1521 1427 1587 Pousa
1442 1521 1493 1585 ho·

364 1632 449 1696 mine
466 1637 571 1696 vestro
581 1654 639 1716 pro
649 1638 742 1716 parte
758 1632 978 1715 predictarum
994 1630 1285 1698 sanctimonialium
1304 1631 1491 1714 magistrum

363 1738 602 1824 Sebastianum,
618 1741 695 1806 item
713 1761 784 1806 cum
800 1739 937 1806 Nicolao
953 1741 992 1806 dc
1007 1739 1146 1824 Bogdan
1163 1739 1227 1804 alio
1243 1739 1373 1806 homine
1389 1744 1491 1804 restro

362 1868 422 1932 pro
453 1855 546 1932 parte
577 1849 714 1933 predicti
739 1849 873 1934 capituli
898 1851 1089 1934 magistrum
1125 1846 1256 1914 Adaam
1281 1847 1491 1931 presbiterum

363 1957 464 2022 socios
489 1963 521 2022 et
546 1958 775 2024 concanonicos
800 1979 838 2022 ae
861 1958 1006 2023 homines
1034 1979 1089 2024 seu
1109 1956 1295 2024 testimonia
1311 1962 1423 2021 nostra
1437 1977 1491 2040 pro

362 2065 441 2148 ipsis
458 2065 606 2149 partibus
622 2088 681 2150 pro
698 2067 889 2133 testimoniis
906 2066 1024 2132 nostris
1049 2055 1198 2131 duximus
1215 2063 1486 2140 transmittendos,

363 2173 419 2255 qui
434 2175 638 2258 postmodum
663 2225 694 2240 ..
718 2175 906 2253 retulerunt,
933 2175 1019 2258 quod
1045 2173 1107 2257 ipsi
1131 2174 1165 2238 in
1191 2173 1280 2239 dicta
1305 2172 1388 2237 feria
1404 2177 1491 2236 sexta

364 2283 512 2365 proxima
527 2283 561 2348 in
577 2285 691 2348 vestris
708 2283 812 2348 literis
837 2288 996 2360 contenta,
1020 2282 1124 2365 primo
1150 2281 1333 2346 convocatis
1359 2300 1490 2345 comme-

362 2392 466 2456 taneis
482 2397 514 2458 et
529 2393 641 2458 ricinis
658 2393 741 2458 dicte
757 2398 843 2458 terre
859 2391 1010 2474 litigiose,
1035 2391 1077 2456 ad
1094 2391 1208 2455 faeiem
1226 2390 1369 2454 eiusdem
1387 2409 1492 2452 acces·

364 2501 489 2579 sissent,
505 2506 538 2566 et
552 2499 687 2565 eandem
702 2501 905 2584 presentibus
921 2501 999 2585 ipsis
1016 2499 1243 2565 commotaneis
1268 2503 1302 2562 et
1318 2496 1439 2572 vicinis,
1461 2501 1492 2558 et

363 2608 564 2692 presentibus
581 2657 588 2672 .
605 2659 611 2673 .
628 2608 782 2676 Ladislao
799 2630 950 2674 converso
966 2609 1087 2674 ordinis
1098 2609 1235 2674 fratrum
1251 2601 1491 2690 predicatorum

361 2716 505 2799 legitimo
544 2723 754 2800 procuratore
794 2718 1012 2800 predictarum
1052 2715 1376 2782 sanctimonialium.
1403 2762 1410 2776 .
1436 2733 1490 2794 pro

363 2824 482 2890 eisdem
502 2825 808 2905 sanctimonialibus,
819 2832 851 2890 et
860 2832 1008 2909 presente
1025 2875 1031 2890 .
1049 2875 1054 2888 .
1072 2825 1227 2908 magistro
1244 2821 1381 2889 Nioolao
1399 2840 1489 2885 cano-

365 2933 437 2998 nico
454 2941 486 2998 et
502 2935 622 3000 decano
642 2934 774 3000 ecclesie
790 2933 1143 3019 Quinqueecclesiensis
1170 2933 1314 3016 legitimo
1340 2951 1498 3014 procura:

364 3048 432 3107 tore
458 3064 516 3125 pro
541 3042 653 3107 ecdem
677 3042 820 3125 capitulo
845 3092 875 3106 ..
902 3043 935 3107 in
961 3042 1079 3107 ibidem
1110 3041 1234 3124 pariter
1255 3037 1491 3114 adherentibus

363 3150 455 3215 iuxta
486 3156 612 3215 tenores
644 3151 742 3215 trium
773 3150 942 3216 literarum
973 3151 1157 3234 patenoium
1189 3149 1409 3232 predictarum
1437 3167 1491 3229 per

363 3257 500 3322 eundem
516 3259 709 3342 magistrum
725 3255 896 3324 Nicolaum
913 3258 945 3322 in
962 3256 1081 3322 ibidem
1097 3259 1130 3322 iu
1147 3256 1252 3339 specie
1268 3255 1490 3330 exhibitarum,

364 3387 421 3449 per
436 3372 539 3432 metas
549 3367 583 3430 in
593 3366 713 3432 eisdem
728 3365 831 3432 literis
852 3371 1020 3431 contentas
1037 3365 1172 3430 eandem
1181 3371 1303 3430 terram
1320 3363 1491 3446 litigiosam

363 3474 628 3557 reambulassent,
644 3475 794 3557 factaque
820 3475 1087 3552 reambulacione‚
1113 3475 1190 3538 dum
1216 3493 1312 3556 super
1329 3493 1394 3536 una
1409 3475 1492 3535 meta

363 3588 449 3647 terre
475 3582 613 3665 litigiose
638 3582 729 3648 iuxta
754 3582 1003 3648 adiudicativam
1034 3581 1230 3646 sentenciam
1261 3585 1401 3644 vestram
1432 3576 1492 3640 duo

364 3691 509 3756 canonici
525 3711 597 3755 cum
614 3695 831 3755 commetaneo
856 3689 1080 3775 propinquiori
1106 3696 1138 3754 et
1162 3689 1236 3754 aliis
1261 3685 1422 3752 nobilibus
1437 3685 1490 3748 ho·

363 3798 503 3864 minibus
519 3799 673 3882 vigesimo
684 3819 748 3881 qua
755 3805 807 3863 rto
820 3819 854 3864 se
863 3799 1004 3878 inclusis,
1021 3799 1111 3866 iuxta
1120 3799 1212 3881 regni
1229 3797 1493 3872 consuetudinem,

363 3912 460 3992 prout
474 3907 572 3972 moris
583 3913 631 3973 est
640 3907 747 3972 iurare
764 3914 1002 3992 superterram,
1019 3908 1237 3972 iuramentum
1251 3903 1492 3972 sacramentalis

364 4014 577 4099 deposicionis
605 4013 764 4098 deponere
789 4016 972 4095 voluissent,
989 4021 1019 4080 et
1036 4016 1101 4080 iam
1126 4015 1159 4080 iu
1185 4021 1260 4080 actu
1285 4013 1493 4099 deposicionis

364 4122 509 4202 luissent,
542 4123 635 4207 probi
651 4131 683 4190 et
698 4124 822 4190 nobiles
838 4124 898 4189 viri
915 4124 1121 4208 quamplures
1145 4123 1179 4188 in
1203 4123 1323 4188 ibidem
1347 4143 1494 4206 persona·

363 4231 438 4296 liter
453 4231 644 4298 adherentes
661 4233 789 4299 cosdem
804 4233 913 4299 iurare
924 4255 986 4297 uon
997 4233 1228 4317 permisissent,
1244 4230 1301 4296 sed
1317 4229 1493 4314 sepedictus

364 4345 472 4423 partes
488 4346 653 4423 tamquam
669 4341 824 4406 zelatores
840 4342 928 4426 pacis
945 4363 1041 4425 super
1066 4341 1138 4425 ipsa
1163 4340 1305 4424 litigiosa
1330 4337 1487 4423 particula

363 4453 449 4512 terre
466 4447 508 4512 ad
523 4448 764 4532 infrascriptam
780 4450 868 4532 pacis
885 4456 918 4514 et
933 4455 1086 4534 perpetue
1112 4447 1280 4514 concordie
1297 4449 1466 4512 unionem.
1486 4487 1493 4502 ·

365 4575 474 4619 coram
491 4555 569 4638 ipsis
586 4555 816 4620 deduxissent.
834 4605 840 4620 .
857 4556 905 4620 ita
920 4556 1078 4636 videlicet,
1093 4556 1178 4640 quod
1189 4563 1317 4622 centurn
1328 4563 1361 4622 et
1371 4562 1493 4638 septua-

365 4663 455 4746 ginta
470 4663 582 4747 iugera
598 4669 683 4729 terre
694 4685 765 4730 cum
776 4663 877 4749 regali
888 4687 1039 4732 mensura
1056 4665 1280 4744 mensurando,
1291 4667 1380 4730 intra
1394 4669 1493 4728 metas
