3138 5462
381 545 444 604 168
733 559 920 604 ssuounonr
937 543 1151 603 osulsrrla

372 721 490 784 festum
507 715 520 802 (
524 767 743 782 ..........
745 717 759 804 )
777 741 861 784 nunc
877 721 1069 803 preteritum
1094 719 1135 784 ad
1162 719 1259 784 facies
1276 719 1368 784 dicte
1379 742 1490 803 posses·

372 829 470 894 sionis
486 828 670 892 eorumdem
680 826 819 892 filiorum
831 827 947 893 Jacobi
959 827 1175 902 accessissent,
1192 825 1301 910 ibique
1314 828 1399 893 idem
1410 829 1490 894 homo
1552 871 1553 888 ,

372 943 476 1002 vestre
493 936 692 1002 celsitudinis
709 943 856 1019 presente
867 930 1079 1020 (testimonio)
1096 941 1216 1017 nostro,
1233 934 1419 1018 iobagiones
1433 957 1491 1020 pre-

373 1044 433 1109 fati
459 1043 593 1126 capituli
619 1045 751 1108 ecclesie
776 1042 1128 1129 Quinqueecelesiensis
1153 1049 1186 1107 ct
1211 1041 1291 1107 alios
1322 1043 1491 1126 iobagiones

374 1153 595 1216 universorum
612 1151 767 1242 nobilium
783 1150 871 1216 illins
887 1150 1050 1234 provincie
1066 1146 1110 1232 a(
1112 1198 1333 1214 ..........
1334 1148 1349 1234 )
1365 1151 1398 1214 in
1414 1151 1491 1214 terri·
1552 1147 1553 1152 ’

373 1260 456 1324 torio
481 1259 582 1342 ipsius
607 1260 816 1342 possessionis
848 1259 1058 1324 existencium
1088 1265 1119 1324 et
1150 1281 1170 1324 a
1201 1257 1410 1343 percepcione
1439 1257 1491 1322 riui

373 1369 539 1432 vinearum
556 1389 637 1450 quas
653 1369 687 1433 in
704 1373 847 1452 tempore
873 1369 1017 1452 ipsorum
1032 1369 1067 1432 in
1083 1368 1196 1433 eadem
1221 1367 1420 1451 possessione
1434 1363 1452 1448 (.
1467 1417 1491 1430 ..

373 1523 523 1540 .......
525 1472 539 1559 )
556 1498 576 1540 a
592 1477 732 1541 transitu
749 1496 806 1558 per
831 1481 960 1559 pontem
991 1474 1135 1559 ipsorum
1160 1481 1194 1539 et
1219 1474 1395 1540 succisione
1410 1474 1491 1538 silva·

372 1604 444 1646 rum
469 1583 653 1648 eorumdem
684 1583 825 1648 violenta
854 1583 935 1648 iuris
960 1583 1072 1647 ordine
1101 1582 1348 1666 prohibuissent.
1380 1581 1489 1646 Datum

374 1688 484 1774 (feria)
501 1671 514 1756 ,Ι
526 1741 649 1758 ......
667 1693 813 1776 proxima
829 1699 904 1757 ante
923 1691 1040 1756 festum
1057 1690 1281 1759 Conversionis
1297 1689 1385 1754 beati
1408 1687 1492 1752 Pauli

375 1799 522 1882 apostoli,
539 1821 623 1865 anno
640 1800 760 1865 domini
776 1799 828 1865 Μ0
852 1798 949 1866 000ο
973 1797 1078 1863 XL¹¹¹⁰
1095 1804 1214 1862 octavo¹

481 1963 610 2026 Paphon,
624 1964 750 2013 carlatan
764 1965 847 2013 kerek
861 1963 953 2026 penset
965 1963 1141 2026 nyomaival3
1161 1960 1292 2024 eredetije
1305 1976 1322 2010 s
1334 1962 1361 2010 b.
1371 1959 1490 2022 serasar

373 2052 510 2117 heriman,
529 2054 594 2103 fasc.
612 2055 763 2118 »cyulayp
779 2056 827 2104 IV.
842 2059 886 2104 36.

861 2250 1021 2258 —m

917 2449 966 2508 79.

376 2605 632 2691 1348.febr.10.
652 2605 767 2669 Mihlo's
791 2629 811 2668 o
831 2605 1026 2691 pardinasob
1048 2605 1237 2690 poneretiso,
1267 2603 1369 2669 Geari
1393 2603 1492 2667 Laazio'

501 2715 628 2793 jios'oalc
645 2715 828 2798 irrepenpedi,
839 2715 917 2798 kopp
934 2737 989 2799 epp
1007 2713 1136 2776 rnalmot
1154 2713 1371 2798 e'pz'thessencls.

479 2878 599 2942 Frater
624 2875 779 2941 Nicolaus
804 2876 892 2958 prior
917 2875 1077 2958 generalis
1110 2876 1249 2940 fratrum
1274 2876 1379 2941 sancti
1406 2873 1488 2939 Pnuli

374 2983 470 3066 primi
496 2983 652 3048 heremite
677 2983 800 3047 ordinis
825 2982 911 3047 beati
937 2981 1115 3066 Augustini
1140 2985 1174 3046 in
1200 2983 1349 3067 Ungaria
1374 2990 1406 3048 et
1428 2983 1489 3047 aliis

375 3092 523 3174 partibus
541 3143 546 3154 .
564 3143 570 3154 .
587 3091 792 3174 presentibus
808 3092 911 3155 literis
928 3091 1013 3156 volui
1024 3091 1198 3174 declarare,
1216 3091 1302 3174 quod
1318 3091 1489 3157 accedentes

375 3200 483 3264 adme
500 3201 618 3265 Petrus
637 3207 669 3264 et
684 3200 807 3265 Paulos
832 3199 891 3264 filii
907 3200 1055 3265 Ladislai
1072 3200 1111 3264 de
1128 3197 1227 3276 Geor,
1244 3199 1409 3266 humiliter
1424 3200 1490 3264 niihi

375 3309 642 3392 supplicaverant,
665 3314 702 3372 ut
717 3307 822 3372 locum
846 3307 1021 3374 molendini
1047 3307 1180 3374 ecclesie
1196 3309 1350 3392 Corporis
1377 3307 1492 3383 Christi,

374 3416 407 3479 in
423 3417 649 3498 prenominata
664 3415 740 3480 villa
767 3417 963 3494 existentem,
988 3437 1082 3500 quem
1107 3417 1213 3481 locum
1239 3417 1411 3482 molendini
1434 3437 1493 3498 pre

376 3522 459 3587 dicte
486 3521 618 3587 ecclesie
653 3529 762 3587 nostre
786 3524 941 3606 magister
966 3523 1154 3588 Demetrius
1179 3523 1352 3588 eanonicus
1377 3522 1493 3588 ecclesie

376 3629 606 3713 Strigoniensis
623 3636 655 3694 et
672 3629 858 3714 capellanus
883 3631 1116 3714 archiepiscopi
1141 3631 1332 3696 cumfratre
1357 3653 1412 3697 suo
1432 3652 1492 3694 cunr

375 3739 478 3803 literis
504 3739 639 3821 capituli
667 3738 896 3822 strigoniensis
922 3740 1123 3821 condonavit,
1154 3739 1372 3806 molendinum
1396 3741 1493 3805 darem

379 3845 546 3925 edificare3
570 3865 629 3928 ego
660 3865 735 3910 vero
766 3854 895 3912 matura
916 3847 1150 3912 deliberacione
1182 3870 1320 3913 nnncum
1354 3847 1494 3914 fratribus

376 3955 465 4032 meis,
489 3953 637 4018 videlicet
652 3953 769 4036 Egidio
795 3956 902 4038 priore
927 3955 1069 4019 eiusdem
1095 3956 1227 4020 ecclesie
1251 3977 1290 4022 ao
1316 3959 1425 4022 ceteris
1440 3955 1493 4020 fra·

375 4061 478 4126 tribus
495 4060 674 4144 prehabita,
698 4062 731 4124 in
747 4062 893 4144 predicto
920 4063 988 4128 loco
1005 4063 1180 4128 molendini
1206 4065 1343 4148 benigne
1368 4062 1495 4130 concessi

374 4169 594 4233 molendinum
619 4167 768 4235 edificare
794 4177 826 4234 et
850 4191 953 4254 usque
978 4171 1020 4236 ad
1045 4171 1145 4236 vitam
1170 4174 1314 4256 ipsorum
1330 4173 1455 4257 pacifice
1470 4183 1494 4232 et

376 4279 444 4342 sine
460 4278 657 4342 retraeeione
674 4278 846 4361 possidere,
861 4281 909 4344 ita
925 4285 1044 4362 tamen,
1061 4281 1147 4362 quod
1157 4287 1231 4364 post
1240 4281 1341 4346 vitam
1357 4282 1495 4366 ipsorum,

376 4405 447 4449 eum
465 4383 612 4448 omnibus
638 4384 834 4452 utilitatibus
851 4388 927 4468 suis,
951 4387 1019 4452 sine
1044 4389 1131 4453 omni
1148 4389 1412 4473 contradiceione,
1434 4411 1494 4472 pre

375 4491 463 4556 dieta
490 4492 624 4556 ecclesia
649 4499 761 4557 nostra
779 4493 899 4559 habeat
914 4495 947 4558 in
967 4501 1115 4560 eternum
1131 4497 1298 4580 possidere
1315 4546 1322 4561 .
1339 4547 1346 4561 .
1362 4497 1402 4562 In
1418 4498 1495 4562 cuins

376 4600 589 4664 concessionis
621 4601 839 4667 testimonium
864 4602 1006 4685 sigillum
1031 4603 1152 4668 ordinis
1178 4607 1281 4670 nostri
1307 4607 1385 4671 duxi
1410 4627 1495 4690 appo·

376 4705 525 4771 nendum.
542 4707 666 4772 Datum
683 4709 716 4772 in
733 4709 813 4776 sesto
823 4709 916 4774 beate
934 4709 1108 4777 Seolastice
1125 4712 1267 4796 virginis,
1287 4735 1371 4779 anno
1387 4713 1494 4780 domini
