3138 5462
358 464 421 526 108
707 479 893 524 insonnem
910 465 1124 540 onulurrla.

355 643 458 724 ipsam
475 641 587 706 silvam
603 641 644 705 ad
661 641 822 725 quendam
848 640 1060 707 monticulum
1085 641 1261 724 vulgariter
1287 639 1475 722 Humukheg

355 749 477 815 dictum
502 749 675 828 deveniret,
709 750 799 814 etin
824 750 1010 814 summitate
1034 748 1176 814 eiusdem
1208 750 1327 814 montis
1351 749 1477 832 girando

355 878 465 924 versus
490 857 656 924 meridiem
687 857 895 924 descenderet
921 857 963 923 ad
997 856 1160 940 quandam
1192 859 1277 922 viam
1309 857 1477 941 vulgariter

355 965 634 1048 Humukhegvtba
650 965 779 1044 dictam,
794 971 827 1030 et
836 985 894 1047 per
910 965 1044 1030 eandem
1061 966 1146 1030 viam
1162 986 1273 1031 versus
1290 965 1476 1031 occidentem
1559 983 1560 1034 1

355 1073 543 1138 declinando
560 1073 601 1138 ad
617 1075 751 1139 terciam
775 1075 860 1138 viam
884 1073 1063 1158 vulgariter
1078 1074 1350 1159 Rophayimvvtha
1365 1073 1475 1140 (1111111

356 1182 546 1263 perveniret,
556 1187 589 1246 11
598 1181 728 1246 tandem
744 1182 867 1246 veniret
877 1181 919 1246 ad
928 1179 1038 1246 villam
1054 1187 1275 1264 prenotatam,
1293 1203 1370 1265 pars
1385 1183 1477 1265 igitur

355 1285 433 1351 silve
449 1286 573 1352 inclusa
589 1289 674 1353 inter
689 1289 776 1371 ipsas
792 1289 860 1353 vias
876 1288 969 1354 modo
995 1291 1060 1354 iam
1085 1296 1231 1373 protacta
1257 1312 1331 1355 cum
1356 1289 1477 1372 quibus·

355 1395 430 1460 dam
455 1397 567 1480 paucis
593 1396 762 1462 arboribus
787 1397 948 1462 distinctis
974 1397 1015 1462 ab
1040 1399 1112 1481 ipsa
1137 1398 1218 1463 silva
1243 1398 1276 1462 in
1302 1400 1477 1481 porcionem

357 1505 500 1571 Dionisii
516 1507 714 1588 devenisset;
737 1507 886 1590 posthoc
910 1513 1019 1572 autem
1036 1507 1175 1588 quedam
1191 1510 1244 1572 via
1259 1506 1390 1591 publica
1414 1530 1478 1590 pro
1560 1497 1561 1530 ³

356 1615 504 1697 grediens
529 1615 568 1679 de
593 1613 738 1697 predicta
762 1614 840 1679 villa
870 1615 976 1680 Perch
1000 1614 1160 1679 tendendo
1186 1635 1296 1679 versus
1331 1614 1478 1678 Waradi-

355 1743 442 1804 num,
458 1743 516 1804 per
531 1722 711 1804 predictam
735 1720 849 1786 silvam
866 1722 907 1788 ad
924 1722 1085 1805 quendam
1109 1723 1240 1788 hortum
1268 1721 1407 1788 Humnli
1432 1721 1479 1785 de-

355 1831 495 1910 veniret3
519 1831 552 1894 in
562 1829 625 1896 fine
636 1830 747 1911 itaque
763 1830 905 1894 eiusdem
921 1831 983 1895 orti
1000 1831 1138 1896 intraret
1157 1829 1199 1895 ad
1219 1829 1383 1914 quandam
1399 1831 1479 1894 viam

355 1939 524 2018 antiquam
540 1935 696 2019 erbosam,
716 1958 774 2020 per
800 1959 898 2020 quam
925 1939 1056 2020 quidem
1081 1929 1165 2003 viam
1190 1937 1337 2002 erbosam
1360 1937 1480 2002 deveni·
1561 2003 1562 2012 ,

355 2052 405 2112 ret
429 2046 470 2110 ad
495 2045 674 2128 predictam
690 2045 775 2110 11111
800 2051 971 2130 prenotato
986 2045 1135 2111 Dionisio
1161 2052 1385 2128 separantem
1408 2067 1479 2130 pars
1561 2085 1562 2094 ,

354 2155 454 2238 igitur
483 2152 561 2218 silve
592 2152 744 2236 predictis
774 2153 833 2220 viis
864 2154 1064 2219 circumdata
1094 2155 1127 2217 in
1159 2155 1342 2238 porcionem
1380 2153 1478 2236 ipsius

355 2262 468 2344 Zanyo
492 2262 688 2342 devenisset3
713 2263 814 2327 tercia
838 2281 911 2326 vero
937 2282 1012 2345 pars
1028 2261 1106 2326 silve
1132 2261 1275 2327 eiusdem
1300 2260 1479 2345 incipiendo

355 2375 477 2435 ameta
491 2369 701 2452 possessionis
716 2369 806 2434 Poch
821 2389 894 2434 cum
912 2367 1053 2450 quadam
1072 2369 1234 2453 particula
1250 2369 1327 2434 silve
1343 2367 1479 2454 Munyro

286 2477 289 2484 ⁴
355 2477 442 2542 dicta
457 2497 561 2558 usque
576 2477 660 2541 viam
677 2476 855 2559 predictam
871 2475 1336 2560 vulgariterHumukhegutha
1352 2477 1479 2558 dictam,
1562 2483 1563 2520 l

355 2587 503 2651 cessisset
519 2586 552 2650 iu
569 2587 619 2650 ius
636 2590 668 2649 et
684 2587 914 2668 proprietatem
930 2585 1079 2670 Peryuch
1099 2584 1269 2668 prelibati3
1291 2587 1370 2650 item
1387 2586 1481 2651 111111

355 2695 588 2778 possessionem
597 2693 748 2778 Eghaaas
758 2694 865 2758 Perch
880 2699 1026 2758 vocatam
1036 2694 1069 2758 in
1080 2693 1165 2758 dicto
1181 2693 1335 2758 comitatu
1349 2693 1482 2759 existen-

257 2843 260 2850 ·
355 2809 420 2866 tem
437 2801 659 2868 distinxissent
675 2821 711 2866 eo
728 2801 831 2883 modo,
847 2801 933 2883 quod
949 2823 969 2866 1
985 2802 1125 2866 sessione
1150 2802 1253 2884 patris
1279 2803 1425 2886 ipsorum
1440 2802 1483 2865 in-

356 2907 475 2974 clusive
491 2929 511 2972 a
530 2915 624 2993 parte
649 2909 903 2993 septemtrionali
929 2931 1040 2974 versus
1065 2907 1264 2974 occidentem
1288 2910 1483 2975 transeundo
1563 2935 1564 3016 p

355 3018 444 3082 vicus
460 3015 615 3099 simplicis
632 3015 753 3081 ordinis
774 3037 877 3098 nsque
901 3015 998 3081 finem
1023 3017 1170 3082 cessisset
1194 3016 1343 3081 Dionisio
1369 3039 1483 3082 meme
1563 3037 1564 3040 ¹

356 3131 436 3204 rato,
461 3147 499 3190 ex
525 3125 670 3210 opposito
696 3131 805 3190 autem
830 3145 850 3189 1
873 3126 964 3189 curia
979 3117 1156 3191 'Benedicti
1189 3125 1343 3190 inclusive
1375 3125 1483 3190 eodem

355 3233 449 3298 modo
464 3234 553 3298 vicus
570 3233 724 3316 simplicis
741 3233 863 3298 ordinis
880 3255 900 3298 1
915 3239 1008 3316 parte
1033 3233 1179 3298 meridiei
1204 3233 1353 3298 similiter
1380 3255 1482 3316 usqne

355 3340 452 3407 finem
467 3341 646 3407 devenisset
661 3341 695 3406 in
711 3343 943 3424 proprietatem
967 3341 1079 3425 Zanyo
1104 3339 1270 3424 antedicti,
1294 3339 1336 3407 ab
1362 3342 1484 3408 oriente

356 3471 430 3516 vero
446 3471 466 3515 a
481 3450 534 3515 via
549 3471 608 3534 per
624 3469 722 3532 quam
738 3451 804 3514 itur
830 3471 940 3514 versus
955 3449 1065 3514 villam
1090 3449 1202 3532 Bogus
1227 3449 1350 3532 duplici
1375 3450 1485 3515 ordine

356 3558 504 3644 Pyrynch
522 3564 726 3639 remanente3
749 3557 810 3623 hoc
825 3563 934 3623 tamen
951 3577 1110 3640 expresso,
1130 3556 1217 3640 quod
1232 3557 1317 3622 idem
1332 3557 1485 3642 Pyrynelr

356 3687 456 3731 unum
472 3663 616 3731 ordinem
632 3686 652 3730 a
667 3671 761 3748 parte
777 3664 909 3730 ecclesie
935 3685 1037 3748 usque
1052 3664 1157 3747 ipsam
1172 3662 1340 3730 ecclesiam
1356 3669 1485 3746 proten·

357 3793 428 3839 eum
444 3779 477 3838 et
492 3792 556 3837 non
571 3771 658 3837 ultra
681 3771 801 3837 habere
816 3771 919 3850 debet,
943 3771 1043 3837 alium
1068 3777 1177 3836 autem
1190 3771 1347 3865 'ordinem
1363 3771 1426 3836 vici
1443 3793 1481 3836 111

356 3881 504 3966 opposito
519 3901 622 3963 usque
637 3880 742 3964 finem,
767 3882 801 3946 in
817 3879 985 3966 superficie
1009 3886 1118 3945 autem
1143 3880 1310 3945 cuiusdam
1335 3881 1487 3945 sessionis

356 3987 593 4054 habitatoribus
608 3989 752 4054 vacantis
769 3993 855 4054 retro
880 3988 1099 4053 sanctuarinm
1124 3987 1257 4052 ecclesie
1281 3985 1369 4052 beati
1395 3987 1486 4052 Petri

357 4097 494 4180 apostoli
510 4099 544 4161 in
560 4097 671 4162 eadem
687 4097 821 4163 fundate
837 4097 1003 4162 existentis
1027 4097 1125 4161 iidem
1141 4095 1253 4180 Zanyo
1269 4102 1302 4160 et
1317 4095 1487 4161 Dionisius

357 4203 479 4289 absque
495 4205 640 4288 predicto
665 4205 814 4290 Perynch
838 4204 1024 4289 iobagiones
1041 4225 1099 4288 pro
1118 4205 1247 4288 seipsis
1264 4203 1418 4287 colligere
1435 4226 1486 4270 11·

357 4313 446 4378 11111
461 4321 650 4396 moraturos,
663 4314 710 4379 111
726 4320 843 4392 tamen,
859 4314 946 4396 quod
965 4312 1098 4381 eandem
1124 4313 1299 4379 sessionem
1323 4311 1489 4378 habitato·

358 4419 447 4486 ribus
462 4429 629 4487 vacantem
645 4421 730 4486 inter
746 4443 779 4487 se
796 4421 934 4506 predicti
945 4422 1057 4506 Zanyo
1074 4427 1106 4487 et
1114 4421 1283 4486 Dionisins
1299 4421 1488 4486 divisissent

358 4531 391 4594 in
407 4529 487 4594 duas
503 4535 612 4613 partes
628 4531 806 4613 coequales,
823 4551 962 4611 quarum
977 4552 1042 4595 una
1067 4552 1087 4596 a
1111 4535 1205 4613 parte
1230 4529 1488 4611 septemtrionali

358 4636 514 4732 Dionisio,
531 4637 596 4701 alia
611 4657 684 4702 vero
700 4658 720 4701 a
735 4644 827 4720 parte
844 4637 993 4702 orientali
1009 4637 1157 4703 cessisset
1167 4633 1279 4722 Zanyo
1295 4643 1489 4715 memorat03
