3226 5462
357 474 400 534 48
707 490 894 536 surouxonr
910 477 1124 536 oxulsrrlu.

357 655 389 714 et
404 671 579 735 parumper
595 651 752 717 currendo
768 651 913 735 pervenit
931 651 972 716 ad
989 651 1069 716 duas
1089 657 1191 716 metas
1216 651 1368 734 antiquas
1384 674 1487 736 angu-

297 775 300 781 “
355 757 441 822 lares
458 758 709 840 possessionibus
730 757 837 824 Theth
854 765 887 824 et
903 757 1009 824 Seneu
1025 759 1246 842 distingentes,
1265 757 1321 824 ubi
1336 761 1398 844 ipsi
1421 767 1489 825 ter-

355 865 438 931 ciam
463 887 578 932 novam
603 869 796 949 erexissent;
813 868 898 932 unde
914 869 956 932 ad
972 867 1107 932 eandem
1133 867 1263 952 plagam
1279 867 1489 944 transeunda

355 975 443 1040 venit
458 975 499 1040 ad
515 997 612 1040 unam
623 981 743 1040 metam
753 977 920 1058 antiquam
930 981 962 1040 et
972 975 1070 1040 aliam
1089 983 1275 1042 renovatam
1291 977 1325 1040 in
1345 977 1487 1059 quodam

354 1103 454 1165 parvo
470 1082 565 1148 domb
590 1084 772 1162 existentes,
797 1093 829 1148 et
854 1083 895 1147 ab
920 1083 1040 1148 eisdem
1063 1083 1105 1148 ad
1127 1083 1247 1149 dictam
1267 1083 1397 1170 plagam
1413 1107 1488 1149 cur·

355 1192 454 1258 raudo
479 1192 695 1275 aequandam
720 1193 878 1277 piscinam
904 1193 1049 1276 girando,
1072 1195 1178 1280 iungit
1201 1217 1298 1260 unam
1314 1196 1486 1277 antiquam
1597 1259 1598 1278 ,

355 1307 473 1366 metam
491 1303 524 1366 in
542 1301 753 1386 angulacionc
768 1303 910 1368 eiusdem
927 1303 1049 1386 piscine
1066 1304 1263 1380 existentem,
1279 1305 1370 1369 iuxta
1386 1325 1485 1386 quam
1597 1287 1598 1368 l

356 1409 417 1491 ipsi
434 1410 531 1474 aliam
547 1431 663 1475 novam
688 1411 882 1490 erexissent3
913 1409 1095 1493 abindequc
1120 1431 1230 1477 versus
1255 1411 1390 1476 eandem
1415 1412 1487 1494 pla-

355 1537 429 1599 gam
455 1519 559 1584 eundo
584 1518 728 1583 ascendit
753 1519 794 1583 ad
812 1515 981 1602 quoddanf
1001 1518 1099 1584 berch
1124 1527 1157 1584 et
1177 1521 1283 1605 iungit
1299 1527 1365 1586 tres
1381 1526 1486 1586 metas

354 1627 510 1710 capitales
536 1627 788 1712 possessionibus
814 1627 922 1693 Theth
947 1627 1052 1693 Seneu
1077 1635 1110 1693 et
1135 1629 1272 1713 Bogdan
1288 1637 1486 1712 separantes,

353 1733 408 1798 ubi
434 1735 555 1817 regirat
581 1735 623 1799 ad
649 1735 779 1818 plagam
805 1735 1004 1812 orientalem,
1020 1741 1052 1799 ct
1075 1735 1113 1800 de
1140 1735 1251 1801 eodem
1275 1736 1374 1802 berch
1397 1737 1483 1800 infra

355 1842 512 1908 currendo
527 1844 673 1926 pervenit
689 1843 731 1906 ad
748 1864 845 1908 unam
870 1849 989 1908 metam
1017 1843 1184 1926 antiquam
1210 1831 1300 1910 iuxta
1319 1845 1484 1928 quandam

353 1951 438 2016 riam
455 1951 655 2029 existentem,
671 1951 757 2016 circa
772 1971 871 2032 quam
888 1951 949 2036 ipsi
969 1971 1083 2016 novam
1099 1952 1284 2031 erexissent,
1300 1952 1357 2018 ubi
1381 1953 1483 2017 eciam

354 2059 438 2124 dicte
457 2066 540 2126 mete
558 2067 711 2145 separant
727 2081 746 2124 a
762 2060 1191 2144 terraEuzepossessionem
1210 2061 1317 2128 Theth
1336 2061 1483 2145 supradi-

357 2175 458 2249 ctam3
474 2175 507 2233 et
523 2169 638 2234 deinde
654 2169 695 2232 ad
707 2168 884 2252 predictam
901 2169 1032 2253 plagam
1049 2169 1238 2234 orientalem
1255 2173 1334 2236 satis
1344 2190 1403 2254 per
1417 2169 1484 2234 lon-

356 2297 431 2359 gum
447 2277 593 2362 spacium
608 2275 777 2354 canendo,
793 2278 938 2342 annectit
953 2277 1034 2342 duas
1049 2285 1152 2343 metas
1162 2285 1285 2344 terreas
1295 2281 1327 2344 in
1341 2279 1481 2362 quodam
1598 2289 1599 2370 s

352 2383 451 2450 berch
476 2391 608 2463 erectas,
634 2407 653 2449 a
678 2383 796 2468 quibus
812 2384 933 2451 directe
958 2386 1001 2451 ad
1015 2387 1119 2470 ipsam
1144 2386 1276 2472 plagam
1292 2388 1481 2452 orientalem
1598 2383 1599 2422 ³

353 2491 511 2557 currendo
527 2493 730 2577 pervenitad
747 2493 827 2558 duas
843 2500 948 2558 metas
964 2500 1097 2573 terreas,
1122 2515 1237 2560 novam
1254 2503 1286 2560 et
1302 2497 1481 2578 antiquam,

352 2603 443 2666 iuxta
469 2601 632 2685 quandam
647 2601 731 2666 viam
747 2607 880 2680 erectas,
897 2623 917 2666 a
933 2602 1050 2686 quibus
1074 2624 1183 2669 versus
1200 2604 1335 2670 eandem
1351 2604 1480 2689 plagam

352 2710 511 2775 currendo
537 2711 655 2776 transit
680 2709 843 2793 quandam
867 2711 1020 2795 paludem
1041 2711 1254 2796 Kurespatak
1276 2718 1425 2776 vocatam
1450 2719 1482 2776 et

351 2817 458 2900 iungit
474 2818 555 2883 duas
572 2824 684 2897 metas,
700 2819 869 2901 antiquam
879 2824 912 2882 et
925 2839 1047 2896 novam,
1058 2820 1091 2884 in
1102 2819 1242 2902 quodam
1259 2818 1398 2902 virgulto
1415 2838 1480 2882 ere·

352 2931 420 2991 ctas
436 2932 469 2990 et
484 2926 700 3010 possessiones
717 2926 825 2992 Theth
841 2933 874 2990 et
890 2925 981 3010 Fyad
997 2926 1215 3009 distingentes,
1232 2927 1287 2992 ubi
1304 2925 1480 2992 reflectitur

351 3035 393 3099 ad
409 3034 529 3100 dictam
545 3035 676 3119 plagam
692 3035 945 3113 meridionalem,
964 3041 996 3099 et
1021 3056 1194 3118 parumper
1211 3034 1368 3100 currendo
1384 3055 1479 3098 anne-

351 3143 410 3208 ctit
425 3144 506 3209 duas
532 3151 643 3226 metas,
668 3147 838 3228 antiquam
854 3151 888 3209 et
904 3165 1028 3220 novam,
1053 3145 1144 3209 iuxta
1160 3145 1324 3228 quandam
1343 3145 1427 3209 viam
1443 3145 1476 3207 in

350 3251 453 3334 ipsam
480 3251 588 3317 villam
615 3252 723 3318 Theth
747 3252 970 3334 ducentem3a
994 3252 1111 3336 quibus
1130 3253 1250 3318 directe
1278 3253 1321 3316 ad
1346 3252 1478 3316 eandem
1599 3291 1600 3344 3

350 3357 480 3442 plagam
505 3360 748 3425 meridionalem
765 3360 933 3442 currendo,
952 3361 1038 3424 venit
1057 3360 1099 3424 ad
1116 3366 1182 3424 tres
1198 3365 1301 3424 metas
1317 3358 1479 3442 capitales,

350 3467 603 3551 possessionibus
637 3469 745 3534 Theth
770 3468 863 3553 Fyad
888 3475 920 3532 et
947 3467 1048 3534 Ibron
1080 3468 1299 3551 distingentes,
1329 3467 1415 3531 unde
1438 3467 1479 3530 ad

351 3575 484 3640 eandem
509 3575 639 3660 plagam
665 3575 767 3640 eundo
793 3576 938 3640 ascendit
962 3575 1004 3639 ad
1028 3575 1191 3658 quoddam
1216 3573 1364 3640 barchin
1389 3576 1478 3640 ouius
1599 3655 1600 3658 Ἴ

350 3682 469 3747 vertice
486 3690 561 3748 sunt
577 3683 639 3748 due
655 3690 739 3748 mete
763 3691 877 3764 terres,
903 3704 967 3748 una
992 3685 1126 3767 antiqua
1143 3689 1175 3747 et
1193 3682 1259 3748 alia
1274 3704 1374 3764 nora3
1391 3681 1478 3748 dein·

351 3789 455 3873 deque
471 3792 561 3856 iuxta
578 3791 739 3875 quoddam
757 3798 906 3874 stagnum
923 3789 1117 3875 Apathtoua
1133 3796 1279 3856 vocatum
1292 3790 1477 3854 aderandam

348 3898 479 3983 plagam
494 3899 736 3964 meridionalem
752 3921 810 3984 per
827 3899 995 3965 continuas
1010 3905 1112 3964 metas
1126 3899 1159 3963 in
1173 3897 1264 3982 largo
1282 3899 1390 3982 spacio
1407 3919 1477 3962 cur·

350 4006 459 4088 rende,
469 4008 641 4072 revertitur
655 4007 696 4072 ad
706 4010 829 4092 priores
840 4014 952 4091 metas,
961 4007 1017 4072 ubi
1027 4007 1200 4091 inceperat,
1220 4007 1275 4071 ubi
1284 4013 1368 4072 mete
1378 4007 1477 4089 ipsius

350 4117 560 4202 possessionis
586 4116 693 4182 Theth
719 4118 941 4182 terminantur.
961 4114 1035 4200 Qua
1061 4116 1191 4200 quidem
1215 4115 1414 4200 possessione
1434 4116 1478 4180 sic

349 4231 482 4302 statuta,
504 4223 584 4289 feria
601 4231 719 4306 quarta
742 4225 889 4308 proxima
908 4231 982 4306 post
997 4223 1119 4289 dictum
1140 4223 1257 4288 festum
1276 4223 1401 4289 Pascha
1425 4222 1478 4286 do-

348 4333 427 4397 mini
444 4353 516 4396 cum
533 4331 652 4396 eisdem
668 4331 815 4414 partibus
831 4332 1041 4396 accessissent
1056 4330 1097 4395 ad
1116 4329 1230 4394 faciem
1246 4330 1389 4413 predicte
1406 4349 1477 4412 pos-

349 4440 499 4504 sessionis
523 4439 799 4506 Zalouchsamson
824 4445 1019 4523 nuncupate,
1039 4445 1071 4504 et
1095 4439 1230 4502 eandem
1254 4439 1430 4503 vicinorum
1447 4447 1479 4503 et

349 4553 640 4614 commetaueorum
657 4551 757 4633 ipsius
775 4549 994 4612 universorum
1018 4546 1170 4630 legitimis
1195 4545 1479 4612 convocacionibus

348 4654 441 4722 sactis
467 4661 499 4719 et
523 4657 640 4724 eisdem
667 4657 883 4742 presentibus,
908 4655 1154 4739 specialiterque
1184 4676 1292 4720 coram
1317 4654 1477 4722 nobilibus
