3180 5466
527 495 620 556 1351.
637 465 725 555 seir.
745 497 796 557 24.
1142 443 1209 555 517⁸

77 672 133 736 tati
151 671 305 736 nobilium
321 675 492 738 comitatus
509 672 708 750 Bachicnsis,
724 673 808 739 feria
824 675 964 740 secunda
976 674 1122 756 proxima
1133 679 1206 756 post

76 785 199 845 rictavas
216 779 292 845 festi
309 779 500 846 Nativitatis
525 783 658 863 virginis
685 783 821 863 gloriose
847 803 946 866 prope
963 783 1125 848 civitatem
1140 781 1204 848 Ba-

75 888 232 954 rhiensem
259 887 430 966 celebrata,
456 891 613 971 magister
628 889 747 955 Petrus
776 889 861 955 filius
886 890 983 955 Pauli
1008 889 1066 954 filii
1083 889 1206 956 Thome

75 996 148 1060 dicti
163 993 315 1082 Aranyas
330 997 370 1061 de
387 997 535 1062 Horvvati
551 1019 609 1081 pro
626 998 835 1063 universitate
860 997 1015 1064 nobilium
1031 1001 1204 1066 comitatus

74 1106 110 1170 de
126 1105 274 1172 Walkovv
292 1157 321 1170 ..
346 1109 423 1172 item
439 1109 629 1172 universitas
656 1107 811 1172 nobilium
828 1108 997 1172 comitatus
1014 1106 1204 1191 Bachiensis

73 1217 208 1280 universi
225 1216 449 1281 universaliter
475 1223 509 1280 et
531 1215 651 1298 singuli
676 1215 893 1298 singulariter,
909 1237 947 1279 eo
971 1215 1056 1299 quod
1073 1236 1203 1298 congre·

73 1324 234 1405 gualonem
251 1326 284 1388 in
300 1325 404 1390 medio
421 1326 566 1406 ipsorum
581 1325 783 1389 universitati
799 1345 909 1390 eornm
929 1345 989 1410 pro
1006 1323 1202 1406 quibuslibet

72 1431 192 1496 furibus
208 1433 388 1498 latronibus
405 1439 437 1498 et
451 1433 712 1498 malefactoribus
729 1435 988 1515 exterminandis,
1000 1453 1123 1497 necnon
1143 1454 1203 1516 pro

71 1542 228 1605 communi
254 1541 383 1606 iusticia
407 1563 465 1624 pro
496 1541 690 1622 quibusdam
719 1539 961 1624 querelantibus
987 1539 1201 1624 impendenda

71 1648 230 1715 celebrare
247 1648 455 1728 habebamus,
473 1651 550 1715 item
566 1651 720 1732 magister
746 1647 933 1732 Stephanus
958 1648 1043 1714 lilius
1064 1645 1197 1731 Georgii
1214 1693 1218 1698 -

71 1759 202 1824 oondam
218 1757 296 1823 bani
312 1781 384 1824 cum
395 1759 587 1842 quibusdam
604 1757 766 1824 nobilibus
782 1760 955 1824 comitatus
973 1757 1197 1842 Scyrimiensis

69 1887 124 1948 pro
138 1872 211 1933 tota
228 1869 438 1933 universitate
455 1867 610 1933 nobilium
639 1867 780 1933 eiusdem
808 1868 978 1932 comitatus
1008 1864 1200 1949 Scyrimien-

69 1977 117 2052 sis,
133 1977 166 2040 in
182 1981 328 2040 nostram
344 1983 553 2059 exsurgentes
562 1977 768 2060 presenciam,
780 1976 949 2057 queruloso
959 1979 1196 2058 proposuerant

68 2105 101 2148 eo
112 2082 214 2164 moda,
226 2083 312 2166 quod
323 2085 385 2166 ipsi
400 2091 497 2167 prout
513 2085 626 2149 auditu
637 2086 862 2168 percepissent,
872 2081 1061 2148 honorabile
1073 2084 1196 2164 capitu-

66 2191 129 2254 lum
154 2191 289 2256 ecclesie
314 2191 354 2256 de
380 2191 465 2256 Kevv
480 2192 589 2256 comiti
614 2213 817 2257 camararum
844 2190 966 2256 domini
982 2192 1085 2255 nostri
1103 2190 1197 2273 regis,

66 2300 145 2364 tales
161 2301 276 2365 literas
287 2321 437 2366 emanare
453 2301 602 2366 iecissent
619 2307 651 2366 et
669 2307 837 2367 emanatas
855 2301 958 2365 eidem
968 2300 1078 2365 comiti
1090 2321 1197 2365 cama-

66 2429 175 2476 rarum
191 2409 312 2474 domini
329 2411 414 2493 regis
430 2410 648 2488 tradidissent,
674 2410 760 2493 qnod
785 2409 846 2492 ipsi
872 2410 904 2474 in
929 2409 1097 2492 presencia
1113 2409 1198 2473 eius·

65 2515 135 2580 dem
153 2516 286 2600 capituli
303 2518 527 2600 comparendo,
543 2517 723 2600 obligantes
740 2539 773 2581 se
789 2517 1023 2594 assumsissent,
1033 2521 1070 2580 ut
1085 2516 1147 2600 ipsi
1158 2535 1197 2580 ex

64 2630 156 2705 parte
174 2625 392 2706 quorumlibet
408 2625 613 2709 iobagionum
641 2647 772 2692 suorum
798 2625 836 2690 de
862 2623 999 2708 singulis
1016 2623 1114 2687 curiis
1140 2643 1197 2688 seu

62 2732 280 2797 mansionibus
298 2735 425 2798 racione
440 2733 522 2798 lucri
538 2755 663 2798 camere
682 2733 783 2816 ipsius
803 2732 923 2796 domini
939 2731 1024 2814 regis
1049 2729 1191 2813 quadra·

63 2842 153 2924 ginta
170 2841 318 2905 denarios
335 2840 467 2906 banales
492 2843 542 2905 vel
568 2843 753 2906 viennenses
779 2841 856 2904 dare
882 2845 915 2904 at
931 2839 1053 2903 solvere
1070 2859 1194 2903 assum-

62 2951 187 3015 sissent.
214 2947 303 3030 Quas
329 2949 458 3033 quidem
475 2951 587 3016 literas
613 2951 639 3015 si
666 2951 750 3015 idem
776 2949 955 3032 capitulum
981 2948 1058 3013 dicti
1085 2947 1193 3012 comiti

62 3079 190 3122 camare
207 3058 294 3140 regie
311 3058 474 3122 dedissent
490 3060 539 3124 vel
556 3081 604 3137 ne,
621 3061 817 3141 ignorarent,
844 3057 898 3122 sed
921 3056 1088 3122 abeodem
1105 3055 1193 3136 capi·

61 3167 128 3230 tulo
138 3165 299 3230 sciscitari
316 3166 433 3230 vellent
449 3167 487 3230 de
506 3167 639 3232 dacione
665 3167 832 3232 literarum
859 3165 1096 3248 predictarnm;
1123 3184 1194 3228 cum

60 3281 172 3338 tamen
188 3273 251 3356 ipsi
268 3273 307 3338 ad
325 3275 555 3340 confessionem
572 3277 726 3359 premisse
738 3273 979 3358 composicionis
995 3273 1045 3336 vel
1062 3291 1193 3336 concor·

59 3383 109 3445 die
136 3382 282 3447 ducionis
307 3383 524 3466 quadraginta
549 3383 755 3448 denariorum
783 3383 1001 3448 viennensium
1027 3381 1077 3445 vel
1096 3380 1193 3445 bana-

58 3491 138 3557 lium
165 3513 224 3556 neo
240 3493 453 3575 personaliter
470 3493 718 3575 comparuerint,
744 3513 800 3556 neo
827 3497 1068 3574 procuratorem
1082 3510 1192 3554 eorum

60 3601 305 3668 transmiserint
321 3600 361 3665 ad
379 3600 555 3683 capitulum
580 3606 796 3684 prenotatam,
821 3622 878 3664 nec
904 3601 1004 3664 eciam
1028 3621 1065 3662 ex
1082 3619 1192 3662 eorum

58 3708 195 3773 (transilio
213 3715 245 3772 et
262 3729 417 3773 consensu
434 3731 472 3773 ac
487 3709 660 3786 voluntate,
671 3709 697 3771 si
708 3715 784 3772 sunt
795 3709 886 3773 litere
896 3706 1055 3788 aliquales
1065 3706 1106 3770 ad
1117 3729 1191 3790 pre-

57 3817 159 3880 missa
185 3817 469 3898 composicionario
495 3817 588 3884 modo
619 3817 808 3897 obligatorie
840 3815 1008 3880 extiterint
1032 3820 1194 3887 emanata.

58 3920 132 4005 Quo
151 3929 313 4006 percepta
329 3924 405 4006 quia
421 3925 576 4006 magister
600 3924 772 3990 Ladislaus
789 3923 1021 3988 concanonicus
1037 3922 1115 3989 dicti
1139 3945 1189 3990 oa·

57 4032 156 4114 pituli
173 4031 213 4097 de
231 4030 311 4095 Kew
342 4053 401 4114 pro
422 4032 533 4097 eodem
558 4033 699 4116 capitulo
714 4083 743 4097 ..
768 4033 981 4118 comparando
1006 4033 1126 4100 adtunc
1148 4035 1190 4100 ad

56 4140 219 4220 premissa
233 4138 355 4222 absque
381 4140 592 4220 requisitione
616 4141 717 4224 ipsius
743 4141 885 4224 capituli,
910 4142 984 4206 licet
999 4150 1190 4224 procurator

55 4237 169 4312 sonim
186 4247 338 4326 extiterit,
356 4247 549 4332 respondere
566 4271 599 4314 se
615 4269 677 4314 non
695 4271 787 4332 posse
812 4233 979 4333 allegerat,
996 4250 1100 4314 sedin
1117 4271 1189 4314 con·

54 4356 248 4440 gregarione
273 4363 384 4420 nostra
417 4357 560 4440 generali
591 4358 792 4422 universitati
826 4357 983 4424 nobilium
1014 4359 1186 4425 comitatus

54 4463 284 4548 Scyrimiensis
300 4463 381 4529 feria
397 4466 537 4531 secunda
546 4467 691 4549 proxima
701 4473 778 4533 ante
789 4466 905 4534 festum
921 4466 1008 4531 beati
1018 4463 1189 4533 Michaelis

53 4571 245 4654 archangeli
262 4571 464 4652 celebranda,
475 4582 602 4640 matura
618 4575 852 4642 deliberacione
863 4577 948 4643 inter
958 4597 992 4641 se
1008 4573 1187 4659 prehabito,

53 4683 162 4764 ipsum
180 4680 359 4762 capitulum
375 4679 417 4746 ad
433 4681 589 4762 premissa
606 4683 797 4766 respondere
814 4689 976 4766 promtum
992 4687 1188 4749 assumserat
