3138 5462
676 495 863 541 snuounour
880 481 1096 542 onnlurrlu.

867 771 918 831 81.

329 929 424 990 1348.
442 939 533 992 mort
550 931 602 992 30.
629 926 817 993 Adcurate&
842 939 970 992 corruent
996 928 1068 992 ellit
1095 927 1210 994 Gcohei
1235 927 1403 1008 Bekefiai,
1418 951 1452 990 uz

332 1035 385 1099 Osl
411 1036 629 1120 rrenizelse'pbdl
652 1037 725 1100 void
756 1038 858 1102 Jonas
874 1037 926 1118 fio
952 1038 1054 1121 Ldlrb's
1079 1037 1161 1101 olral
1184 1036 1307 1100 elleuir'lc
1338 1037 1454 1100 indiloll

666 1145 784 1230 perdere
800 1145 950 1231 iippuc'det
963 1145 1124 1209 oollouok.

435 1307 504 1372 Nos
520 1307 676 1372 Nicolaus
702 1307 801 1373 abbas
818 1314 850 1373 et
866 1315 1041 1374 conventus
1066 1309 1251 1374 monasterii
1277 1307 1371 1372 beate
1395 1309 1451 1372 rir-

328 1418 412 1502 ginis
437 1417 477 1482 de
502 1417 650 1482 Demenk
675 1417 789 1482 damus
814 1438 874 1501 pro
899 1417 1063 1499 memoria,
1090 1417 1175 1500 quod
1192 1415 1335 1481 Monkus
1351 1424 1384 1480 ct
1399 1416 1450 1480 Jo-

328 1529 452 1592 hannes
468 1525 526 1590 filii
536 1526 625 1591 Beke
642 1527 681 1591 de
693 1525 803 1592 Geche
820 1548 927 1592 coram
943 1527 1036 1592 nobis
1052 1527 1267 1610 personaliter
1282 1525 1451 1602 constituti,

329 1658 426 1720 super
451 1635 556 1700 causis
582 1657 693 1700 eorum
712 1641 744 1700 et
769 1657 942 1701 causarum
967 1659 1099 1701 suarum
1125 1636 1270 1701 articulis
1295 1635 1455 1708 univorsis,

330 1767 410 1828 quas
426 1745 583 1826 magister
597 1743 724 1809 Leucus
743 1744 829 1809 filius
845 1745 870 1810 J
871 1745 1006 1810 ohannis
1023 1745 1063 1810 de
1080 1765 1196 1828 genere
1213 1741 1272 1809 Osl
1289 1745 1322 1807 in
1339 1743 1453 1807 octaris

329 1853 427 1917 modii
438 1849 692 1936 Quadragesime
707 1853 740 1918 in
759 1854 926 1937 presencia
943 1902 949 1917 .
966 1903 973 1918 .
990 1853 1088 1918 Pauli
1112 1852 1227 1917 iudicis
1253 1851 1342 1916 curie
1359 1901 1365 1914 .
1382 1899 1389 1912 .
1404 1849 1453 1912 lia-

330 1961 405 2026 bere
422 1960 598 2026 dinoscitur
614 1967 727 2026 contra
743 1961 838 2045 ipsos
855 1961 1028 2028 Nicolaum
1052 1960 1154 2026 filium
1180 1959 1277 2025 Pauli
1294 1959 1333 2023 de
1350 1957 1453 2022 eadem

332 2069 451 2148 (leche,
468 2069 647 2135 Martinum
672 2069 774 2135 filium
791 2069 946 2148 Ludislai,
972 2068 1107 2135 Petrum
1133 2068 1237 2134 filium
1253 2066 1393 2132 Emer-ici
1409 2089 1455 2130 er-

331 2177 487 2243 hibitores
503 2179 713 2260 presencium,
729 2200 839 2243 eorum
855 2201 914 2262 pro
930 2179 1075 2262 personis
1092 2179 1125 2241 in
1153 2181 1377 2260 procuratores
1394 2173 1455 2238 sore

335 2285 572 2350 constituerunt
597 2285 763 2369 speciales,
796 2292 905 2351 ratum
931 2294 964 2351 ct
988 2287 1116 2350 lirmum
1141 2283 1285 2349 habituri
1311 2281 1452 2366 quitquid

332 2397 440 2458 actum
456 2393 506 2458 rel
522 2395 706 2460 ordinatum
722 2395 822 2461 fuerit
838 2417 896 2480 per
921 2396 1048 2460 eosdem
1073 2393 1122 2458 rel
1147 2415 1205 2477 per
1231 2415 1330 2457 unum
1354 2413 1455 2474 quern-

332 2501 413 2566 libet
429 2523 467 2566 ex
484 2502 604 2567 eisdem
620 2505 653 2568 in
670 2505 843 2587 premissis.
867 2505 992 2570 Datum
1008 2503 1042 2567 in
1058 2501 1219 2567 dominica
1234 2501 1362 2582 Latere,
1378 2522 1456 2566 anno

332 2610 453 2675 domini
469 2611 521 2675 Μο
545 2611 642 2680 0000
666 2613 771 2678 XL¹¹¹⁰
789 2621 909 2680 octavo.

441 2776 569 2842 Paphon,
590 2778 715 2828 sarlaten
729 2777 854 2842 tojasdad
868 2779 953 2830 alakii
976 2778 1068 2843 peccet
1087 2776 1264 2840 nyomaiva13
1284 2772 1412 2836 eredetije
1425 2787 1453 2820 az

334 2866 423 2931 Ostffy
436 2883 472 2918 cs.
492 2869 628 2932 ltaraban,
644 2874 667 2919 7.

820 3049 944 3058 ...ὴ-..ι-
953 3049 979 3056 -0-

873 3249 923 3308 82.

338 3407 433 3469 1348.
452 3409 561 3486 Bada,
577 3419 670 3474 niort
686 3411 739 3472 31.
759 3407 902 3470 Erasdbct
925 3407 1073 3490 kirrilpue'
1097 3405 1282 3490 azephappy‘o
1297 3427 1319 3466 u
1338 3405 1458 3485 maspit-

338 3517 444 3600 szipoli
453 3517 591 3600 apdrao'lr
602 3517 770 3599 riszg'e'neu
788 3517 866 3600 kopp
875 3538 896 3578 a
906 3515 1054 3600 loirdlyoc'
1065 3511 1219 3600 Geraclzed
1230 3520 1310 3574 iterii
1321 3509 1458 3574 turoldo

488 3623 552 3687 leod
576 3622 877 3710 eppiajobbopyuat·
894 3621 943 3685 lre't
960 3621 1046 3684 &leret
1061 3619 1179 3684 colosso
1197 3620 1304 3682 oisszo.

447 3785 617 3852 Elizabeth
633 3787 684 3851 dei
701 3785 811 3869 gracia
836 3784 948 3867 regina
964 3783 1135 3866 Hungarie
1152 3829 1159 3844 .
1176 3830 1182 3845 .
1198 3779 1295 3845 fratri
1311 3778 1458 3844 Ladislao

339 3896 540 3976 procuratori
567 3901 600 3960 et
625 3894 754 3959 officiali
771 3892 1063 3958 sanctimonialium
1089 3891 1128 3956 de
1153 3888 1268 3955 Insula
1295 3887 1459 3970 Leporum

340 4001 389 4065 vel
405 4001 475 4084 ipso
491 4001 590 4066 fratre
606 4003 762 4068 Ladislao
787 4001 919 4066 absente
945 4000 1028 4064 vices
1045 3999 1187 4064 eiusdem
1204 3998 1327 4080 gerenti
1345 4048 1351 4060 .
1368 4047 1373 4059 .
1389 3992 1461 4059 dicit

340 4108 431 4173 nobis
457 4109 579 4174 Paulus
603 4109 689 4175 filius
713 4110 805 4174 Petri
829 4109 957 4192 iobagio
976 4112 1086 4172 noster
1112 4105 1150 4170 de
1176 4104 1351 4182 Gemched,
1382 4100 1461 4185 quod

342 4217 472 4300 quidam
489 4217 575 4283 fures
592 4219 811 4284 subtraxerint
827 4217 906 4281 duos
923 4215 1016 4282 bores
1033 4236 1115 4294 suos,
1132 4213 1253 4297 quosin
1265 4212 1341 4277 villa
1358 4209 1462 4277 Sancti

341 4328 511 4393 Michaelis
527 4330 560 4393 in
578 4331 682 4412 specie
699 4328 758 4394 sub
775 4335 833 4393 tua
849 4328 986 4391 rectoria
1005 4347 1090 4390 nunc
1106 4324 1297 4408 reperisset3
1321 4342 1419 4405 quare
1435 4367 1462 4381 ..

342 4436 540 4516 mandamus
564 4444 724 4521 quatenus
741 4435 903 4520 predictos
923 4434 1002 4499 duos
1026 4434 1123 4498 boves
1149 4433 1182 4496 in
1208 4431 1313 4515 specie
1338 4427 1463 4494 reddere

343 4553 374 4612 et
389 4547 560 4611 restituere
576 4545 692 4610 debeas
708 4544 812 4610 Paulo
828 4544 990 4626 iobagioni
1015 4547 1124 4606 nostro
1149 4545 1319 4623 prenotato
1335 4544 1367 4602 et
1381 4533 1463 4601 aliud

343 4677 406 4721 non
432 4655 593 4736 iacturus3
627 4655 752 4720 sivero
778 4672 869 4717 secus
894 4650 1018 4730 feceris,
1042 4650 1135 4728 scias,
1159 4647 1243 4732 quod
1269 4646 1462 4730 iobagionem
