3226 5462
355 522 373 582 6
715 533 902 580 anrouuoar
919 518 1135 578 osuinrria.

353 699 552 782 superiorem
577 701 611 761 at
634 697 818 763 inferiorem
845 697 879 761 in
905 693 1114 778 Oholloukuz,
1144 697 1222 762 item
1258 695 1492 780 possessionem

353 805 523 874 Kurmusd
532 807 566 872 in
576 806 748 892 Palyazou‚
759 827 883 872 necnon
892 807 1124 892 possessionem
1136 803 1343 891 Tolueyfslde
1357 804 1486 885 dietam,

353 917 388 982 in
404 936 470 998 qua
486 923 574 982 esset
590 914 728 982 ecclesia
743 915 778 980 in
790 915 945 981 honorem
970 915 1064 982 beate
1080 914 1187 982 Mario
1203 915 1338 1000 virginis
1353 914 1493 1006 lapidea,

352 1025 412 1090 has
433 1025 535 1108 igitur
551 1047 661 1090 omnes
676 1045 749 1091 oum
765 1073 772 1088 .
790 1073 796 1088 .
813 1023 1010 1090 utilitatibus
1028 1046 1067 1089 ac
1083 1025 1291 1109 pertinenciis
1307 1023 1493 1090 earumdem

360 1183 366 1199 .
385 1184 392 1198 .
409 1133 542 1218 provido
559 1133 627 1198 viro
656 1133 765 1199 comiti
781 1131 959 1200 Merhardo
986 1132 1102 1200 Streuz
1128 1133 1242 1198 vitrico
1258 1139 1292 1199 at
1306 1153 1415 1199 socero
1432 1153 1489 1197 suo

359 1243 420 1308 civi
435 1242 626 1310 Posoniensi
642 1293 666 1308 ..
684 1264 742 1327 pro
759 1243 1005 1327 quadringentis
1016 1249 1049 1308 et
1059 1243 1228 1328 sexaginta
1237 1244 1356 1310 marcis
1366 1247 1493 1307 moneta

357 1352 537 1420 viennensis
562 1351 769 1418 denariorum
799 1350 935 1436 singulis
967 1352 1077 1418 decem
1108 1353 1216 1436 pensis
1248 1352 1492 1436 computatis..

354 1459 450 1526 titulo
466 1459 611 1544 pignoris
627 1459 839 1545 possidendas
856 1466 889 1527 et
904 1460 1052 1544 utendas,
1080 1460 1289 1526 nihilominus
1304 1467 1414 1526 tamen
1430 1458 1493 1525 sibi

356 1574 554 1654 suppetente,
580 1568 837 1652 quandocunque
853 1569 950 1634 vellet
975 1573 1010 1636 et
1033 1575 1142 1652 posset
1160 1589 1220 1653 pro
1237 1567 1349 1634 eadem
1365 1589 1491 1634 summa

355 1678 490 1761 pecunie
519 1677 724 1744 redimendas
741 1728 747 1742 .
764 1729 771 1743 .
788 1678 962 1746 dimisisset
977 1683 1032 1744 et.
1053 1728 1059 1744 .
1076 1677 1282 1760 collocasset3
1307 1676 1423 1762 quibus
1440 1697 1493 1742 cx-

355 1785 480 1868 hibitis,
507 1785 593 1850 idem
618 1785 793 1852 Ladislans
813 1785 899 1853 filius
931 1788 1024 1853 Petri
1050 1837 1080 1853 ..
1107 1788 1323 1874 respondebat
1346 1790 1381 1852 in
1406 1787 1492 1852 hune

357 1895 496 1978 modum,
514 1895 599 1977 quod
614 1895 683 1980 ipse
698 1896 916 1981 possessiones
931 1897 1146 1964 mediantibus
1162 1897 1266 1964 literis
1277 1896 1493 1982 capitulorum

356 2003 589 2086 strigoniensis
601 2009 633 2069 et
642 2001 827 2070 Jauriensis
838 2005 1047 2082 aeclesiarum
1058 2006 1099 2072 ad
1109 2028 1183 2072 eum
1192 2007 1403 2092 pertinerent,
1411 2025 1494 2087 quas

355 2113 389 2177 in
405 2115 546 2178 termino
562 2133 620 2196 per
635 2135 693 2178 nos
710 2113 772 2179 sibi
788 2114 894 2180 dando
910 2120 1019 2199 posset
1035 2113 1195 2180 exhibere.
1220 2114 1317 2180 Unde
1332 2135 1390 2180 nos
1407 2133 1494 2179 oom-

355 2221 555 2304 miseramus,
581 2222 669 2304 quod
693 2222 778 2288 idam
794 2223 968 2290 Ladislaus
993 2222 1078 2290 filius
1095 2223 1187 2290 Petri
1202 2224 1365 2309 predictas
1381 2223 1495 2288 literas

356 2329 518 2396 dictorum
535 2329 752 2414 capitulorum
777 2329 1010 2414 strigoniensis
1026 2337 1058 2397 et
1073 2329 1258 2398 Jauriensis
1273 2333 1307 2396 in
1324 2332 1495 2414 quindenis

356 2436 499 2503 eiusdem
515 2437 588 2517 diei,
605 2449 669 2520 quo
682 2439 846 2522 predictus
862 2440 1009 2506 dominus
1024 2442 1133 2506 noster
1149 2462 1207 2506 rex
1222 2441 1261 2506 da
1278 2463 1336 2507 suo
1351 2441 1496 2508 exercitu

356 2553 586 2630 varsuspartes
603 2547 784 2613 maritimas
803 2569 888 2614 anno
898 2550 1043 2633 proxime
1051 2550 1206 2634 preterito
1216 2555 1302 2616 moto
1322 2550 1508 2633 redeundo·

356 2654 599 2740 inWyssegrad
609 2655 715 2722 locum
725 2655 863 2741 pristine
878 2659 1056 2724 mansionis
1067 2679 1123 2724 sue
1133 2659 1323 2743 perveniret,
1341 2657 1493 2724 exhibere

357 2768 471 2829 contra
487 2769 679 2831 annotatum
694 2765 916 2846 Merhardum,
933 2766 1083 2832 similiter
1098 2769 1187 2852 ipsas
1212 2768 1323 2834 literas
1339 2771 1492 2851 patentes

357 2873 436 2939 dicti
453 2873 589 2958 capituli
605 2872 813 2938 Posoniensis
833 2879 865 2940 et
890 2873 971 2940 alias
997 2876 1024 2940 si
1050 2895 1131 2956 quas
1156 2875 1291 2941 haberet
1315 2873 1493 2958 producere

357 2979 474 3046 debeat
500 2986 532 3045 et
556 2985 723 3046 teneretur
748 3001 857 3046 coram
884 2981 985 3065 nobis,
1009 2987 1047 3046 ut
1071 2983 1121 3047 bis
1147 2982 1298 3049 exhibitis
1323 2985 1428 3067 primo
1453 2982 1494 3047 de

357 3089 452 3155 dictis
468 3090 722 3174 possessionibus
739 3096 773 3155 et
787 3091 992 3173 postmodum
1014 3090 1054 3156 de
1070 3091 1142 3157 aliis
1159 3091 1306 3158 articulis
1322 3113 1494 3158 causarum

358 3198 579 3283 quarumlibet
608 3200 694 3265 inter
718 3199 879 3283 predictos
912 3198 1135 3283 Merhardum,
1166 3200 1357 3267 Ladislaum
1386 3200 1490 3266 filium

357 3308 449 3374 Petri
461 3314 493 3374 et
503 3307 674 3374 Nicolaum
686 3305 790 3374 filium
800 3307 964 3374 Dominioi
973 3308 1103 3387 habitis,
1123 3308 1276 3374 iudicium
1286 3315 1320 3374 et
1329 3309 1491 3376 iusticiam

356 3417 551 3498 finalemque
567 3417 759 3483 decisionem
767 3416 874 3483 facere
883 3417 1062 3483 valeremus
1078 3467 1085 3482 .
1102 3467 1109 3482 .
1126 3418 1261 3484 Etcum
1277 3418 1494 3485 exhibitiones

356 3526 575 3611 predictarum
591 3525 760 3591 literarum
776 3547 796 3591 a
811 3525 955 3610 predicto
965 3528 1102 3592 termino
1122 3527 1214 3592 iuxta
1229 3526 1368 3592 aliarum
1383 3527 1494 3592 litera·

358 3656 430 3700 rum
445 3640 630 3700 nostrarum
645 3634 881 3699 continenciam
890 3633 932 3698 ad
942 3640 1071 3700 octavas
1080 3633 1153 3700 festi
1163 3634 1250 3700 beati
1266 3635 1404 3701 Martini
1419 3656 1493 3701 oon·

357 3741 486 3808 fossoria
502 3792 527 3807 ..
544 3749 716 3826 prorogate
727 3743 933 3823 exstitissent
952 3742 1084 3808 tandem
1093 3743 1171 3826 ipsis
1181 3744 1304 3810 octavis
1314 3743 1389 3810 festi
1398 3743 1490 3810 beati

358 3851 497 3917 Martini
507 3849 697 3916 confessoris
707 3850 965 3944 advenientibus,
976 3849 1139 3936 Georgius
1157 3852 1243 3918 filius
1254 3852 1412 3939 Stephani
1428 3875 1489 3938 pro

357 3957 698 4045 ipsoMerhardo..ab
707 3979 781 4040 una,
791 3963 825 4024 et
833 3957 952 4024 Petrus
960 3981 1020 4044 pro
1030 3960 1144 4026 eodem
1154 3960 1309 4028 Ladislao
1319 3961 1387 4027 filio
1396 3962 1489 4027 Patri

359 4089 398 4132 ex
414 4067 529 4144 altera,
543 4085 582 4132 ac
597 4064 753 4131 Niooleus
769 4064 856 4131 filius
881 4066 1064 4134 Hermanni
1089 4089 1149 4152 pro
1173 4071 1321 4154 predicto
1347 4069 1490 4136 Nicolao

359 4176 426 4244 filio
451 4175 613 4242 Dominici
630 4223 661 4238 ..
686 4195 725 4239 ex
749 4175 850 4240 tercia
875 4175 1023 4258 partibus
1048 4176 1090 4242 ad
1114 4183 1262 4244 nostram
1287 4178 1491 4245 iudiciariam

360 4283 549 4350 accedentes
565 4283 774 4366 presenciam,
791 4285 896 4366 primo
911 4291 1120 4368 procuratore
1137 4285 1215 4352 dicti
1230 4285 1402 4352 Merhardi
1417 4306 1489 4370 pre·

360 4391 521 4459 exhibitas
537 4397 685 4476 patentes
716 4391 829 4457 literas
854 4392 999 4458 iamdicti
1024 4393 1160 4478 capituli
1175 4393 1382 4460 Posoniensis
1398 4393 1491 4460 iuxta

259 4563 261 4566 .
359 4506 505 4568 nostram
539 4501 742 4568 iudiciariam
774 4503 1031 4568 commissionem
1061 4523 1169 4567 coram
1201 4503 1293 4570 nobis
1317 4505 1351 4568 in
1383 4504 1490 4587 specie

359 4609 575 4688 reexhibenta
590 4608 675 4674 idam
692 4609 810 4674 Petrus
835 4617 1026 4692 procurator
1042 4611 1144 4695 ipsius
1158 4611 1307 4678 Ladislai
1322 4610 1381 4676 filii
1397 4611 1490 4677 Petri

360 4720 393 4784 in
409 4739 547 4802 persona
563 4718 703 4784 ciusdem
720 4717 866 4784 Ladislai
883 4717 1039 4800 quasdam
1055 4719 1272 4805 privilegiales
1287 4719 1401 4786 literas
1417 4741 1489 4805 pre-
