3192 5466
515 505 610 568 1348.
629 507 699 567 ula.
717 505 769 568 24.
1132 505 1196 568 203

81 684 212 750 habitam
229 685 262 748 in
279 683 390 748 eadem
408 683 606 766 possessione
624 683 723 768 Syma
738 685 945 768 reliquissent
960 683 1114 750 Michaeli
1131 684 1197 748 filio

81 795 191 868 Desew,
207 789 248 856 ad
265 813 359 875 quem
374 792 445 856 iure
461 792 657 856 hereditario
674 793 858 874 pertineret,
875 793 973 858 aliam
989 814 1063 858 vero
1080 792 1197 858 medie-

83 907 172 966 tatem
196 922 216 964 a
239 906 332 984 parte
349 900 499 966 orientali
525 901 652 966 eosdem
677 899 760 966 filios
778 900 935 985 Stephani
960 903 1198 985 contingentem

81 1012 108 1074 in
123 1015 258 1092 quatuor
273 1016 383 1092 partes
409 1010 541 1092 equales
568 1007 746 1088 dividendo,
770 1017 837 1076 tres
862 1012 1028 1095 porciones
1054 1011 1196 1076 eiusdem

82 1123 198 1202 aparte
223 1117 479 1202 septemtrionali
504 1118 689 1184 adiacentes
713 1120 921 1204 reliquissent
946 1117 1020 1184 filiis
1037 1117 1197 1203 Stephani

82 1225 251 1304 antedictis,
277 1231 428 1308 quartam
453 1247 527 1292 vero
553 1233 679 1309 partem
704 1248 724 1292 a
748 1235 841 1311 parte
872 1225 1072 1293 meridionali
1103 1227 1197 1293 metis

81 1335 181 1399 terreis
196 1334 382 1399 distinctam
407 1355 469 1418 qne
485 1335 676 1401 Ladislaum
703 1334 804 1400 filium
821 1335 978 1418 Stephani
1003 1336 1198 1420 contigisset,

81 1442 256 1508 statuissent
272 1441 395 1508 Tharne
411 1441 476 1508 filio
486 1443 583 1508 Pauli
603 1443 775 1522 antedicto,
790 1443 858 1509 vice
869 1449 901 1508 et
912 1445 1039 1508 nomine
1054 1443 1197 1508 eiusdem

80 1551 191 1616 thome
207 1549 347 1634 voyvode
371 1551 539 1634 recipienti
565 1551 660 1617 modo
685 1551 878 1635 supradicte.
904 1547 1051 1634 Quarum
1067 1551 1198 1634 quidem

80 1659 236 1724 literarum
253 1659 412 1742 regalium
437 1659 585 1726 videlicet
600 1667 632 1726 et
648 1660 726 1726 dicti
751 1661 875 1726 cornihe
900 1661 997 1726 Pauli
1013 1660 1198 1744 patencium

80 1768 143 1831 risis
159 1773 192 1831 et
211 1765 362 1850 perlectis
388 1767 562 1845 tenoribus,
589 1768 666 1852 quia
690 1767 868 1851 predictam
895 1774 1046 1852 quartam
1070 1774 1198 1851 partem

80 1881 155 1939 recte
186 1873 398 1940 dimidietatis
429 1875 646 1958 predictarum
675 1877 912 1960 possessionum
937 1875 1140 1944 Zarrazherls
1166 1885 1198 1942 et

80 1983 166 2066 Syma
179 1989 370 2049 namtarum
388 1985 420 2048 in
436 1985 524 2050 dicto
547 1985 703 2050 comitatu
719 1983 959 2050 Zathmuriensi
979 1985 1198 2063 existendum,

80 2091 253 2174 porcionem
278 2091 427 2156 videlicet
442 2091 588 2158 Ladislai
617 2091 674 2158 filii
691 2093 858 2177 Stephani,
884 2093 1045 2177 quondam
1070 2095 1198 2159 racione
1274 2149 1276 2156 .

80 2198 150 2262 salse
164 2198 391 2265 sabricacionis
407 2205 440 2264 et
456 2201 611 2265 cassionis
627 2202 857 2284 promissarum
881 2208 1082 2268 monetarum
1098 2201 1198 2286 ipsius

80 2307 188 2370 domiui
206 2307 291 2391 regis
308 2329 366 2391 per
381 2307 524 2392 prefatos
544 2309 677 2376 comites
702 2330 905 2376 camararum
921 2310 1077 2393 regalium
1095 2310 1197 2376 exusti

81 2435 128 2479 san
143 2415 346 2494 concremati,
363 2417 404 2480 ad
420 2438 535 2482 manus
554 2417 654 2500 ipsius
679 2416 799 2482 domini
824 2417 942 2482 Karoli
968 2418 1053 2502 regis
1078 2418 1198 2482 domini

80 2525 170 2588 nostri
187 2531 222 2588 et
247 2545 303 2589 sue
329 2525 416 2608 regie
442 2525 610 2590 collacioni
636 2526 818 2591 devolutam
843 2529 990 2608 existere,
1007 2547 1063 2610 per
1080 2526 1199 2611 ipsum·

80 2655 132 2715 que
148 2633 312 2698 dominum
328 2653 436 2716 regem
446 2633 591 2717 predicto
601 2633 862 2698 dominoThome
882 2633 1043 2714 quondam
1059 2633 1198 2718 voyvode

79 2743 300 2807 Traussilrano
317 2765 375 2826 pro
392 2743 457 2806 suis
482 2743 655 2808 meritoriis
675 2742 815 2809 serviens
832 2747 864 2806 et
880 2741 1027 2807 fidelihus
1043 2749 1198 2826 perpetuo

79 2850 176 2915 datam
194 2857 227 2915 et
251 2849 413 2932 collatam,
439 2873 476 2915 rac
502 2849 629 2916 demum
655 2853 747 2916 iuxta
772 2850 975 2915 iudiciariam
1001 2851 1198 2915 sentenciam

79 2959 206 3041 predicti
223 2959 349 3023 comitis
365 2959 462 3023 Pauli
478 2959 595 3024 indicis
613 2960 701 3024 curie
717 2959 813 3042 regie,
830 2981 887 3042 per
896 2958 1056 3023 homiuem
1073 2959 1198 3044 regium

79 3073 217 3150 presente
243 3067 426 3131 testimonio
452 3067 605 3150 sepedicti
630 3069 762 3152 capituli
782 3067 1015 3150 Waradiensis,
1041 3089 1113 3133 cum
1130 3067 1198 3131 uni·

78 3177 168 3241 versis
184 3179 251 3241 suis
268 3174 462 3240 utilitatibus
488 3175 628 3241 eiusdem
645 3176 711 3241 fore
727 3171 883 3242 statutam
909 3174 1199 3258 adinveniemus,

79 3284 233 3366 predictus
249 3285 352 3348 eciam
369 3284 394 3348 J
395 3285 539 3349 ohannes
564 3283 650 3348 filius
675 3283 776 3368 ipsius
792 3281 937 3349 Ladislai
955 3283 1012 3348 filii
1030 3283 1198 3368 Stephani,

79 3391 130 3456 hoc
146 3391 231 3475 quod
243 3390 348 3455 dictus
358 3389 530 3456 Ladislaus
546 3397 639 3476 pater
656 3411 732 3456 suus
749 3413 811 3456 non
830 3392 994 3457 meritorie
1011 3391 1079 3457 sine
1095 3391 1199 3476 culpis

78 3501 136 3563 suis
152 3505 185 3564 et
200 3499 320 3563 iniuste
336 3519 393 3582 per
409 3499 495 3582 ipsos
511 3499 641 3565 comites
667 3521 869 3566 camararum
886 3500 1044 3583 regalium
1061 3507 1097 3565 nt
1114 3522 1199 3567 asse·

78 3613 181 3672 ruerat
196 3611 420 3671 concrematus
446 3605 599 3683 extiterit,
624 3605 715 3672 nulla
739 3605 878 3672 evidenti
903 3608 1030 3672 racione
1056 3627 1200 3689 compro·

78 3713 169 3780 habat
184 3736 244 3780 nec
260 3713 469 3796 comprobare
494 3713 719 3792 assummehat,
744 3715 899 3798 regnique
923 3714 1081 3780 baronum
1097 3720 1130 3778 et
1145 3736 1200 3779 no·

78 3821 182 3888 biliam
204 3821 558 3887 infranominandorum
582 3827 712 3886 matura
737 3844 793 3886 seu
817 3823 984 3887 moderata
1008 3821 1200 3888 deliberacio

79 3930 219 3996 falsarios
243 3935 277 3994 et
302 3929 399 3995 falsos
424 3951 552 3995 cusores
576 3935 777 3996 monetarum
802 3930 959 4014 regalium
984 3929 1022 3994 de
1038 3951 1149 4013 regum
1167 3935 1200 3996 et

78 4039 159 4121 regni
183 4036 363 4103 infidelium
387 4057 519 4102 numero
545 4037 689 4116 existere,
715 4059 751 4102 ex
777 4058 878 4120 eoque
904 4037 985 4102 filios
1016 4037 1200 4102 eorumdem

78 4145 275 4212 falsariorum
292 4167 349 4212 seu
365 4145 520 4211 falsarum
536 4151 739 4211 monetarum
750 4166 900 4228 susorum
916 4167 954 4212 ac
970 4145 1104 4212 heredes
1119 4154 1200 4212 tam·

78 4276 167 4336 «quam
183 4255 322 4320 aliorum
338 4251 525 4335 infidelium,
541 4253 794 4338 possessionibus
820 4259 853 4319 et
878 4253 1128 4338 proprietatibus
1145 4275 1200 4338 pa·

79 4369 156 4426 trum
173 4385 304 4428 suorum
321 4362 451 4426 omnino
469 4363 588 4446 privari
614 4363 729 4427 dehere
753 4348 896 4446 legitime
922 4362 1095 4441 sanciebat,
1127 4363 1200 4429 ideo

79 4491 129 4534 nos
144 4471 278 4536 eandem
303 4470 588 4554 possessionariam
613 4471 795 4555 porcionem
820 4469 957 4554 predicti
982 4469 1127 4537 Ladislai
1142 4469 1200 4535 filii

79 4575 228 4663 Stephani
252 4579 286 4642 in
311 4577 465 4662 predictis
491 4577 614 4645 duabus
639 4577 892 4663 possessionibus
917 4577 1072 4658 habitam,
1105 4580 1201 4646 simul

78 4707 142 4750 cnm
167 4738 197 4753 ..
223 4685 418 4754 utilitatibus
444 4687 519 4768 suis,
549 4687 693 4772 predicto
724 4686 852 4752 domino
883 4685 1005 4752 Thome
1037 4687 1200 4772 quondam
