<?xml version="1.0" encoding="UTF-8"?>
<!DOCTYPE html PUBLIC "-//W3C//DTD XHTML 1.0 Transitional//EN"
    "http://www.w3.org/TR/xhtml1/DTD/xhtml1-transitional.dtd">
<html xmlns="http://www.w3.org/1999/xhtml" xml:lang="en" lang="en">
 <head>
  <title>
</title>
<meta http-equiv="Content-Type" content="text/html;charset=utf-8" />
  <meta name='ocr-system' content='tesseract 3.04.00' />
  <meta name='ocr-capabilities' content='ocr_page ocr_carea ocr_par ocr_line ocrx_word'/>
</head>
<body>
  <div class='ocr_page' id='page_1' title='image "./codexdiplomatic06nagygoog_0067.png"; bbox 0 0 3226 5462; ppageno 0'>
   <div class='ocr_carea' id='block_1_1' title="bbox 339 472 1113 536">
    <p class='ocr_par' dir='ltr' id='par_1_1' title="bbox 339 472 1113 536">
     <span class='ocr_line' id='line_1_1' title="bbox 339 472 1113 536; baseline 0.005 -4"><span class='ocrx_word' id='word_1_1' title='bbox 339 472 381 534; x_wconf 89' lang='lat'>54</span> <span class='ocrx_word' id='word_1_2' title='bbox 691 487 880 533; x_wconf 77' lang='lat' dir='ltr'>unsouuour</span> <span class='ocrx_word' id='word_1_3' title='bbox 897 473 1113 536; x_wconf 79' lang='lat' dir='ltr'>ouulurrlu.</span> 
     </span>
    </p>
   </div>
   <div class='ocr_carea' id='block_1_2' title="bbox 279 647 1506 4736">
    <p class='ocr_par' dir='ltr' id='par_1_2' title="bbox 279 647 1506 4736">
     <span class='ocr_line' id='line_1_2' title="bbox 339 647 1462 735; baseline -0.002 -18"><span class='ocrx_word' id='word_1_4' title='bbox 339 652 415 717; x_wconf 72' lang='grc' dir='ltr'>ΜῃῚο</span> <span class='ocrx_word' id='word_1_5' title='bbox 432 647 552 714; x_wconf 62' lang='grc' dir='ltr'>000ωο</span> <span class='ocrx_word' id='word_1_6' title='bbox 569 649 719 714; x_wconf 83' lang='lat' dir='ltr'>XXX¹¹¹⁰</span> <span class='ocrx_word' id='word_1_7' title='bbox 735 654 847 714; x_wconf 85' lang='lat' dir='ltr'>octavo</span> <span class='ocrx_word' id='word_1_8' title='bbox 864 655 1057 728; x_wconf 79' lang='lat' dir='ltr'>transactae,</span> <span class='ocrx_word' id='word_1_9' title='bbox 1069 655 1101 714; x_wconf 85' lang='lat' dir='ltr'>et</span> <span class='ocrx_word' id='word_1_10' title='bbox 1111 651 1225 715; x_wconf 89' lang='lat' dir='ltr'>deinde</span> <span class='ocrx_word' id='word_1_11' title='bbox 1237 653 1306 735; x_wconf 86' lang='lat' dir='ltr'>ipso</span> <span class='ocrx_word' id='word_1_12' title='bbox 1317 651 1462 734; x_wconf 86' lang='lat' dir='ltr'>magistro</span> 
     </span>
     <span class='ocr_line' id='line_1_3' title="bbox 340 759 1463 844; baseline 0 -18"><span class='ocrx_word' id='word_1_13' title='bbox 340 759 508 826; x_wconf 80' lang='lat' dir='ltr'><strong>Demetrio</strong></span> <span class='ocrx_word' id='word_1_14' title='bbox 524 759 631 823; x_wconf 86' lang='lat' dir='ltr'>divino</span> <span class='ocrx_word' id='word_1_15' title='bbox 647 765 779 824; x_wconf 89' lang='lat' dir='ltr'>vocante</span> <span class='ocrx_word' id='word_1_16' title='bbox 795 759 913 824; x_wconf 90' lang='lat' dir='ltr'>iudicio</span> <span class='ocrx_word' id='word_1_17' title='bbox 938 760 1042 824; x_wconf 91' lang='lat' dir='ltr'>medio</span> <span class='ocrx_word' id='word_1_18' title='bbox 1060 767 1204 844; x_wconf 90' lang='lat' dir='ltr'>tempore</span> <span class='ocrx_word' id='word_1_19' title='bbox 1223 762 1308 826; x_wconf 84' lang='lat' dir='ltr'>viam</span> <span class='ocrx_word' id='word_1_20' title='bbox 1326 763 1463 826; x_wconf 83' lang='lat' dir='ltr'>universe</span> 
     </span>
     <span class='ocr_line' id='line_1_4' title="bbox 341 868 1464 953; baseline 0.001 -20"><span class='ocrx_word' id='word_1_21' title='bbox 341 869 447 933; x_wconf 87' lang='lat' dir='ltr'>carnis</span> <span class='ocrx_word' id='word_1_22' title='bbox 462 869 615 950; x_wconf 86' lang='lat' dir='ltr'>ingresso,</span> <span class='ocrx_word' id='word_1_23' title='bbox 630 868 765 950; x_wconf 88' lang='lat' dir='ltr'>ipsaque</span> <span class='ocrx_word' id='word_1_24' title='bbox 781 888 879 932; x_wconf 89' lang='lat' dir='ltr'>causa</span> <span class='ocrx_word' id='word_1_25' title='bbox 894 874 1022 932; x_wconf 90' lang='lat' dir='ltr'>mortuo</span> <span class='ocrx_word' id='word_1_26' title='bbox 1047 869 1157 934; x_wconf 92' lang='lat' dir='ltr'>eodem</span> <span class='ocrx_word' id='word_1_27' title='bbox 1183 871 1339 953; x_wconf 89' lang='lat' dir='ltr'>magistro</span> <span class='ocrx_word' id='word_1_28' title='bbox 1356 869 1464 934; x_wconf 87' lang='lat' dir='ltr'>Deme·</span> 
     </span>
     <span class='ocr_line' id='line_1_5' title="bbox 342 975 1464 1062; baseline 0.001 -21"><span class='ocrx_word' id='word_1_29' title='bbox 342 976 402 1041; x_wconf 86' lang='lat' dir='ltr'>trio</span> <span class='ocrx_word' id='word_1_30' title='bbox 427 977 459 1040; x_wconf 93' lang='lat' dir='ltr'>in</span> <span class='ocrx_word' id='word_1_31' title='bbox 486 977 676 1058; x_wconf 88' lang='lat' dir='ltr'>magistrum</span> <span class='ocrx_word' id='word_1_32' title='bbox 703 975 800 1040; x_wconf 88' lang='lat' dir='ltr'>Denk</span> <span class='ocrx_word' id='word_1_33' title='bbox 826 975 927 1041; x_wconf 88' lang='lat' dir='ltr'>lilium</span> <span class='ocrx_word' id='word_1_34' title='bbox 954 977 1084 1042; x_wconf 89' lang='lat' dir='ltr'>Nicolai</span> <span class='ocrx_word' id='word_1_35' title='bbox 1109 977 1149 1041; x_wconf 89' lang='lat' dir='ltr'>de</span> <span class='ocrx_word' id='word_1_36' title='bbox 1174 977 1308 1042; x_wconf 89' lang='lat' dir='ltr'>Nekche</span> <span class='ocrx_word' id='word_1_37' title='bbox 1324 977 1364 1042; x_wconf 92' lang='lat' dir='ltr'>de</span> <span class='ocrx_word' id='word_1_38' title='bbox 1380 979 1464 1062; x_wconf 86' lang='lat' dir='ltr'>regui</span> 
     </span>
     <span class='ocr_line' id='line_1_6' title="bbox 279 1084 1467 1169; baseline 0.001 -19"><span class='ocrx_word' id='word_1_39' title='bbox 279 1107 286 1119; x_wconf 64' lang='lat'>¹</span> <span class='ocrx_word' id='word_1_40' title='bbox 342 1085 570 1150; x_wconf 82' lang='lat' dir='ltr'>consuetudine</span> <span class='ocrx_word' id='word_1_41' title='bbox 586 1084 796 1162; x_wconf 77' lang='lat' dir='ltr'>redundante,</span> <span class='ocrx_word' id='word_1_42' title='bbox 821 1085 862 1150; x_wconf 90' lang='lat' dir='ltr'>ad</span> <span class='ocrx_word' id='word_1_43' title='bbox 887 1091 1017 1150; x_wconf 87' lang='lat' dir='ltr'>octavas</span> <span class='ocrx_word' id='word_1_44' title='bbox 1042 1085 1115 1150; x_wconf 85' lang='lat' dir='ltr'>festi</span> <span class='ocrx_word' id='word_1_45' title='bbox 1142 1086 1326 1169; x_wconf 82' lang='lat' dir='ltr'>Epiphania</span> <span class='ocrx_word' id='word_1_46' title='bbox 1352 1085 1467 1152; x_wconf 90' lang='lat' dir='ltr'>domini</span> 
     </span>
     <span class='ocr_line' id='line_1_7' title="bbox 343 1191 1468 1275; baseline -0.002 -16"><span class='ocrx_word' id='word_1_47' title='bbox 343 1215 428 1260; x_wconf 87' lang='lat' dir='ltr'>anuo</span> <span class='ocrx_word' id='word_1_48' title='bbox 444 1192 601 1257; x_wconf 89' lang='lat' dir='ltr'>dominice</span> <span class='ocrx_word' id='word_1_49' title='bbox 612 1194 882 1258; x_wconf 83' lang='lat' dir='ltr'>incarnacionisll</span> <span class='ocrx_word' id='word_1_50' title='bbox 900 1201 935 1228; x_wconf 82' lang='lat'>¹¹¹⁰</span> <span class='ocrx_word' id='word_1_51' title='bbox 952 1191 1073 1260; x_wconf 79' lang='lat' dir='ltr'>OOO¹¹¹⁰</span> <span class='ocrx_word' id='word_1_52' title='bbox 1090 1193 1241 1258; x_wconf 74' lang='lat' dir='ltr'>XXX¹⁰⁰</span> <span class='ocrx_word' id='word_1_53' title='bbox 1259 1213 1342 1256; x_wconf 90' lang='lat' dir='ltr'>nono</span> <span class='ocrx_word' id='word_1_54' title='bbox 1354 1199 1468 1275; x_wconf 86' lang='lat' dir='ltr'>preter·</span> 
     </span>
     <span class='ocr_line' id='line_1_8' title="bbox 345 1297 1468 1383; baseline 0.002 -18"><span class='ocrx_word' id='word_1_55' title='bbox 345 1303 417 1378; x_wconf 87' lang='lat' dir='ltr'>itas,</span> <span class='ocrx_word' id='word_1_56' title='bbox 442 1301 537 1365; x_wconf 88' lang='lat' dir='ltr'>etsie</span> <span class='ocrx_word' id='word_1_57' title='bbox 554 1321 751 1383; x_wconf 89' lang='lat' dir='ltr'>quamquam</span> <span class='ocrx_word' id='word_1_58' title='bbox 777 1299 817 1364; x_wconf 92' lang='lat' dir='ltr'>de</span> <span class='ocrx_word' id='word_1_59' title='bbox 843 1301 931 1383; x_wconf 91' lang='lat' dir='ltr'>regio</span> <span class='ocrx_word' id='word_1_60' title='bbox 956 1301 1118 1383; x_wconf 87' lang='lat' dir='ltr'>mandato,</span> <span class='ocrx_word' id='word_1_61' title='bbox 1144 1321 1341 1382; x_wconf 87' lang='lat' dir='ltr'>quamquam</span> <span class='ocrx_word' id='word_1_62' title='bbox 1367 1297 1468 1368; x_wconf 88' lang='lat' dir='ltr'>autein</span> 
     </span>
     <span class='ocr_line' id='line_1_9' title="bbox 344 1407 1472 1494; baseline 0.004 -21"><span class='ocrx_word' id='word_1_63' title='bbox 344 1409 384 1474; x_wconf 91' lang='lat' dir='ltr'>de</span> <span class='ocrx_word' id='word_1_64' title='bbox 399 1410 565 1474; x_wconf 81' lang='lat' dir='ltr'>voluntate</span> <span class='ocrx_word' id='word_1_65' title='bbox 581 1411 736 1494; x_wconf 86' lang='lat' dir='ltr'>parcium,</span> <span class='ocrx_word' id='word_1_66' title='bbox 753 1417 786 1475; x_wconf 89' lang='lat' dir='ltr'>et</span> <span class='ocrx_word' id='word_1_67' title='bbox 801 1431 996 1493; x_wconf 89' lang='lat' dir='ltr'>quamquam</span> <span class='ocrx_word' id='word_1_68' title='bbox 1022 1409 1081 1474; x_wconf 93' lang='lat' dir='ltr'>sub</span> <span class='ocrx_word' id='word_1_69' title='bbox 1098 1407 1202 1473; x_wconf 86' lang='lat' dir='ltr'>forma</span> <span class='ocrx_word' id='word_1_70' title='bbox 1225 1409 1372 1474; x_wconf 78' lang='lat' dir='ltr'>faciende</span> <span class='ocrx_word' id='word_1_71' title='bbox 1388 1413 1472 1494; x_wconf 80' lang='lat' dir='ltr'>pacis</span> 
     </span>
     <span class='ocr_line' id='line_1_10' title="bbox 345 1517 1471 1602; baseline 0.003 -21"><span class='ocrx_word' id='word_1_72' title='bbox 345 1517 385 1581; x_wconf 86' lang='lat' dir='ltr'>ad</span> <span class='ocrx_word' id='word_1_73' title='bbox 412 1517 567 1600; x_wconf 88' lang='lat' dir='ltr'>plurimos</span> <span class='ocrx_word' id='word_1_74' title='bbox 593 1524 626 1582; x_wconf 90' lang='lat' dir='ltr'>et</span> <span class='ocrx_word' id='word_1_75' title='bbox 657 1517 798 1583; x_wconf 86' lang='lat' dir='ltr'>diversos</span> <span class='ocrx_word' id='word_1_76' title='bbox 829 1520 983 1584; x_wconf 86' lang='lat' dir='ltr'>terminos</span> <span class='ocrx_word' id='word_1_77' title='bbox 1014 1525 1192 1602; x_wconf 71' lang='lat' dir='ltr'>sequentes</span> <span class='ocrx_word' id='word_1_78' title='bbox 1223 1518 1403 1600; x_wconf 90' lang='lat' dir='ltr'>ultimoque</span> <span class='ocrx_word' id='word_1_79' title='bbox 1434 1521 1471 1584; x_wconf 87' lang='lat' dir='ltr'>ad</span> 
     </span>
     <span class='ocr_line' id='line_1_11' title="bbox 345 1623 1473 1710; baseline 0.004 -22"><span class='ocrx_word' id='word_1_80' title='bbox 345 1631 474 1689; x_wconf 86' lang='lat' dir='ltr'>octavas</span> <span class='ocrx_word' id='word_1_81' title='bbox 491 1625 564 1690; x_wconf 87' lang='lat' dir='ltr'>festi</span> <span class='ocrx_word' id='word_1_82' title='bbox 580 1624 668 1690; x_wconf 87' lang='lat' dir='ltr'>beati</span> <span class='ocrx_word' id='word_1_83' title='bbox 685 1623 819 1709; x_wconf 83' lang='lat' dir='ltr'>Georgii</span> <span class='ocrx_word' id='word_1_84' title='bbox 835 1627 979 1691; x_wconf 89' lang='lat' dir='ltr'>martiris</span> <span class='ocrx_word' id='word_1_85' title='bbox 1005 1648 1090 1690; x_wconf 90' lang='lat' dir='ltr'>anno</span> <span class='ocrx_word' id='word_1_86' title='bbox 1106 1647 1191 1690; x_wconf 90' lang='lat' dir='ltr'>nunc</span> <span class='ocrx_word' id='word_1_87' title='bbox 1207 1626 1351 1708; x_wconf 86' lang='lat' dir='ltr'>proxime</span> <span class='ocrx_word' id='word_1_88' title='bbox 1368 1628 1473 1710; x_wconf 91' lang='lat' dir='ltr'>elapso</span> 
     </span>
     <span class='ocr_line' id='line_1_12' title="bbox 346 1733 1474 1818; baseline 0.001 -21"><span class='ocrx_word' id='word_1_89' title='bbox 346 1735 520 1816; x_wconf 86' lang='lat' dir='ltr'>preteritas</span> <span class='ocrx_word' id='word_1_90' title='bbox 537 1735 698 1800; x_wconf 75' lang='lat' dir='ltr'>extitisset</span> <span class='ocrx_word' id='word_1_91' title='bbox 713 1741 905 1818; x_wconf 79' lang='lat' dir='ltr'>prorogata,</span> <span class='ocrx_word' id='word_1_92' title='bbox 922 1734 963 1799; x_wconf 91' lang='lat' dir='ltr'>ad</span> <span class='ocrx_word' id='word_1_93' title='bbox 982 1755 1063 1815; x_wconf 88' lang='lat' dir='ltr'>quas</span> <span class='ocrx_word' id='word_1_94' title='bbox 1089 1733 1218 1814; x_wconf 90' lang='lat' dir='ltr'>quidem</span> <span class='ocrx_word' id='word_1_95' title='bbox 1244 1743 1374 1799; x_wconf 85' lang='lat' dir='ltr'>octavas</span> <span class='ocrx_word' id='word_1_96' title='bbox 1390 1735 1474 1800; x_wconf 85' lang='lat' dir='ltr'>beati</span> 
     </span>
     <span class='ocr_line' id='line_1_13' title="bbox 347 1839 1475 1926; baseline 0.001 -20"><span class='ocrx_word' id='word_1_97' title='bbox 347 1839 480 1922; x_wconf 76' lang='lat' dir='ltr'>Georgii</span> <span class='ocrx_word' id='word_1_98' title='bbox 506 1843 650 1906; x_wconf 88' lang='lat' dir='ltr'>martiris</span> <span class='ocrx_word' id='word_1_99' title='bbox 667 1843 750 1907; x_wconf 92' lang='lat' dir='ltr'>idem</span> <span class='ocrx_word' id='word_1_100' title='bbox 777 1846 933 1926; x_wconf 88' lang='lat' dir='ltr'>magister</span> <span class='ocrx_word' id='word_1_101' title='bbox 949 1843 1046 1908; x_wconf 87' lang='lat' dir='ltr'>Denk</span> <span class='ocrx_word' id='word_1_102' title='bbox 1062 1843 1095 1906; x_wconf 92' lang='lat' dir='ltr'>in</span> <span class='ocrx_word' id='word_1_103' title='bbox 1112 1847 1255 1906; x_wconf 87' lang='lat' dir='ltr'>nostram</span> <span class='ocrx_word' id='word_1_104' title='bbox 1280 1843 1475 1926; x_wconf 78' lang='lat' dir='ltr'>presenciam</span> 
     </span>
     <span class='ocr_line' id='line_1_14' title="bbox 346 1949 1476 2031; baseline 0.004 -19"><span class='ocrx_word' id='word_1_105' title='bbox 346 1949 409 2012; x_wconf 91' lang='lat' dir='ltr'>iuri</span> <span class='ocrx_word' id='word_1_106' title='bbox 426 1950 590 2031; x_wconf 89' lang='lat' dir='ltr'>pariturus</span> <span class='ocrx_word' id='word_1_107' title='bbox 608 1971 669 2014; x_wconf 93' lang='lat' dir='ltr'>non</span> <span class='ocrx_word' id='word_1_108' title='bbox 687 1951 824 2016; x_wconf 88' lang='lat' dir='ltr'>venisset</span> <span class='ocrx_word' id='word_1_109' title='bbox 841 1971 944 2031; x_wconf 89' lang='lat' dir='ltr'>neque</span> <span class='ocrx_word' id='word_1_110' title='bbox 960 1950 1107 2027; x_wconf 84' lang='lat' dir='ltr'>misisset,</span> <span class='ocrx_word' id='word_1_111' title='bbox 1132 1950 1227 2014; x_wconf 87' lang='lat' dir='ltr'>etsie</span> <span class='ocrx_word' id='word_1_112' title='bbox 1252 1951 1285 2014; x_wconf 91' lang='lat' dir='ltr'>iu</span> <span class='ocrx_word' id='word_1_113' title='bbox 1311 1951 1428 2016; x_wconf 93' lang='lat' dir='ltr'>iudicio</span> <span class='ocrx_word' id='word_1_114' title='bbox 1444 1973 1476 2016; x_wconf 90' lang='lat' dir='ltr'>se</span> 
     </span>
     <span class='ocr_line' id='line_1_15' title="bbox 348 2057 1478 2140; baseline 0 -18"><span class='ocrx_word' id='word_1_115' title='bbox 348 2059 559 2123; x_wconf 83' lang='lat' dir='ltr'>commisisset</span> <span class='ocrx_word' id='word_1_116' title='bbox 574 2058 740 2138; x_wconf 73' lang='lat' dir='ltr'>innodari,</span> <span class='ocrx_word' id='word_1_117' title='bbox 764 2059 795 2122; x_wconf 91' lang='lat' dir='ltr'>in</span> <span class='ocrx_word' id='word_1_118' title='bbox 821 2058 925 2123; x_wconf 87' lang='lat' dir='ltr'>literis</span> <span class='ocrx_word' id='word_1_119' title='bbox 941 2058 1099 2140; x_wconf 89' lang='lat' dir='ltr'>siquidem</span> <span class='ocrx_word' id='word_1_120' title='bbox 1124 2057 1226 2140; x_wconf 91' lang='lat' dir='ltr'>ipsius</span> <span class='ocrx_word' id='word_1_121' title='bbox 1252 2065 1425 2124; x_wconf 82' lang='lat' dir='ltr'>conventus</span> <span class='ocrx_word' id='word_1_122' title='bbox 1440 2059 1478 2122; x_wconf 94' lang='lat' dir='ltr'>de</span> 
     </span>
     <span class='ocr_line' id='line_1_16' title="bbox 349 2165 1481 2251; baseline 0 -19"><span class='ocrx_word' id='word_1_123' title='bbox 349 2167 373 2232; x_wconf 84' lang='lat' dir='ltr'>J</span> <span class='ocrx_word' id='word_1_124' title='bbox 375 2188 432 2231; x_wconf 85' lang='lat' dir='ltr'>azo</span> <span class='ocrx_word' id='word_1_125' title='bbox 449 2167 579 2251; x_wconf 89' lang='lat' dir='ltr'>plenum</span> <span class='ocrx_word' id='word_1_126' title='bbox 595 2174 739 2232; x_wconf 91' lang='lat' dir='ltr'>tenorem</span> <span class='ocrx_word' id='word_1_127' title='bbox 756 2168 925 2232; x_wconf 87' lang='lat' dir='ltr'>literarum</span> <span class='ocrx_word' id='word_1_128' title='bbox 944 2165 1257 2248; x_wconf 86' lang='lat' dir='ltr'>composicionalium</span> <span class='ocrx_word' id='word_1_129' title='bbox 1269 2165 1345 2232; x_wconf 91' lang='lat' dir='ltr'>dicti</span> <span class='ocrx_word' id='word_1_130' title='bbox 1356 2169 1481 2232; x_wconf 89' lang='lat' dir='ltr'>comitis</span> 
     </span>
     <span class='ocr_line' id='line_1_17' title="bbox 350 2272 1481 2358; baseline -0.004 -16"><span class='ocrx_word' id='word_1_131' title='bbox 350 2275 472 2358; x_wconf 88' lang='lat' dir='ltr'>capelle</span> <span class='ocrx_word' id='word_1_132' title='bbox 498 2277 584 2356; x_wconf 87' lang='lat' dir='ltr'>regie</span> <span class='ocrx_word' id='word_1_133' title='bbox 620 2275 858 2341; x_wconf 83' lang='lat' dir='ltr'>continentibus</span> <span class='ocrx_word' id='word_1_134' title='bbox 893 2275 1011 2338; x_wconf 90' lang='lat' dir='ltr'>seriose</span> <span class='ocrx_word' id='word_1_135' title='bbox 1046 2272 1269 2338; x_wconf 82' lang='lat' dir='ltr'>inveniebatur</span> <span class='ocrx_word' id='word_1_136' title='bbox 1292 2274 1355 2338; x_wconf 89' lang='lat' dir='ltr'>isto</span> <span class='ocrx_word' id='word_1_137' title='bbox 1380 2274 1481 2350; x_wconf 89' lang='lat' dir='ltr'>modo,</span> 
     </span>
     <span class='ocr_line' id='line_1_18' title="bbox 352 2381 1481 2469; baseline -0.005 -18"><span class='ocrx_word' id='word_1_138' title='bbox 352 2386 437 2469; x_wconf 92' lang='lat' dir='ltr'>quod</span> <span class='ocrx_word' id='word_1_139' title='bbox 454 2387 580 2452; x_wconf 88' lang='lat' dir='ltr'>Petheu</span> <span class='ocrx_word' id='word_1_140' title='bbox 597 2385 683 2450; x_wconf 91' lang='lat' dir='ltr'>filius</span> <span class='ocrx_word' id='word_1_141' title='bbox 700 2384 801 2450; x_wconf 77' lang='lat' dir='ltr'>siuka</span> <span class='ocrx_word' id='word_1_142' title='bbox 821 2405 881 2468; x_wconf 87' lang='lat' dir='ltr'>pro</span> <span class='ocrx_word' id='word_1_143' title='bbox 905 2384 1062 2466; x_wconf 84' lang='lat' dir='ltr'>magistro</span> <span class='ocrx_word' id='word_1_144' title='bbox 1079 2381 1235 2447; x_wconf 86' lang='lat' dir='ltr'>Ladislao</span> <span class='ocrx_word' id='word_1_145' title='bbox 1252 2382 1337 2446; x_wconf 90' lang='lat' dir='ltr'>dicto</span> <span class='ocrx_word' id='word_1_146' title='bbox 1354 2381 1436 2448; x_wconf 85' lang='lat' dir='ltr'>Sous</span> <span class='ocrx_word' id='word_1_147' title='bbox 1453 2431 1481 2446; x_wconf 91' lang='lat'>..</span> 
     </span>
     <span class='ocr_line' id='line_1_19' title="bbox 351 2489 1483 2581; baseline -0.006 -20"><span class='ocrx_word' id='word_1_148' title='bbox 351 2518 410 2581; x_wconf 93' lang='lat' dir='ltr'>pro</span> <span class='ocrx_word' id='word_1_149' title='bbox 426 2495 582 2578; x_wconf 86' lang='lat' dir='ltr'>magistro</span> <span class='ocrx_word' id='word_1_150' title='bbox 599 2515 672 2558; x_wconf 89' lang='lat' dir='ltr'>vero</span> <span class='ocrx_word' id='word_1_151' title='bbox 688 2494 787 2559; x_wconf 90' lang='lat' dir='ltr'>Petro</span> <span class='ocrx_word' id='word_1_152' title='bbox 813 2493 898 2557; x_wconf 87' lang='lat' dir='ltr'>dicto</span> <span class='ocrx_word' id='word_1_153' title='bbox 924 2491 1006 2558; x_wconf 86' lang='lat' dir='ltr'>Sous</span> <span class='ocrx_word' id='word_1_154' title='bbox 1022 2489 1180 2555; x_wconf 78' lang='lat' dir='ltr'>Nicotaus</span> <span class='ocrx_word' id='word_1_155' title='bbox 1206 2490 1292 2554; x_wconf 87' lang='lat' dir='ltr'>filius</span> <span class='ocrx_word' id='word_1_156' title='bbox 1308 2489 1436 2555; x_wconf 89' lang='lat' dir='ltr'>Nicolai</span> <span class='ocrx_word' id='word_1_157' title='bbox 1455 2539 1460 2552; x_wconf 94' lang='lat'>.</span> <span class='ocrx_word' id='word_1_158' title='bbox 1478 2541 1483 2554; x_wconf 92' lang='lat'><strong><em>.</em></strong></span> 
     </span>
     <span class='ocr_line' id='line_1_20' title="bbox 353 2599 1486 2682; baseline -0.005 -12"><span class='ocrx_word' id='word_1_159' title='bbox 353 2606 394 2670; x_wconf 89' lang='lat' dir='ltr'>ab</span> <span class='ocrx_word' id='word_1_160' title='bbox 411 2625 484 2681; x_wconf 87' lang='lat' dir='ltr'>una,</span> <span class='ocrx_word' id='word_1_161' title='bbox 501 2605 577 2667; x_wconf 85' lang='lat' dir='ltr'>item</span> <span class='ocrx_word' id='word_1_162' title='bbox 594 2601 710 2667; x_wconf 90' lang='lat' dir='ltr'>Dobou</span> <span class='ocrx_word' id='word_1_163' title='bbox 728 2600 812 2664; x_wconf 87' lang='lat' dir='ltr'>filius</span> <span class='ocrx_word' id='word_1_164' title='bbox 827 2599 1015 2666; x_wconf 84' lang='lat' dir='ltr'>-Salamouis</span> <span class='ocrx_word' id='word_1_165' title='bbox 1041 2620 1099 2682; x_wconf 92' lang='lat' dir='ltr'>pro</span> <span class='ocrx_word' id='word_1_166' title='bbox 1124 2599 1280 2682; x_wconf 88' lang='lat' dir='ltr'>magistro</span> <span class='ocrx_word' id='word_1_167' title='bbox 1307 2599 1404 2664; x_wconf 87' lang='lat' dir='ltr'>Denk</span> <span class='ocrx_word' id='word_1_168' title='bbox 1420 2599 1486 2664; x_wconf 89' lang='lat' dir='ltr'>filio</span> 
     </span>
     <span class='ocr_line' id='line_1_21' title="bbox 352 2707 1487 2794; baseline -0.004 -17"><span class='ocrx_word' id='word_1_169' title='bbox 352 2712 486 2777; x_wconf 75' lang='lat' dir='ltr'>Neliche</span> <span class='ocrx_word' id='word_1_170' title='bbox 503 2760 510 2774; x_wconf 90' lang='lat'><strong>.</strong></span> <span class='ocrx_word' id='word_1_171' title='bbox 527 2760 533 2774; x_wconf 91' lang='lat'>.</span> <span class='ocrx_word' id='word_1_172' title='bbox 551 2718 643 2794; x_wconf 87' lang='lat' dir='ltr'>parte</span> <span class='ocrx_word' id='word_1_173' title='bbox 660 2730 698 2773; x_wconf 90' lang='lat' dir='ltr'>ex</span> <span class='ocrx_word' id='word_1_174' title='bbox 724 2709 837 2786; x_wconf 87' lang='lat' dir='ltr'>altera,</span> <span class='ocrx_word' id='word_1_175' title='bbox 864 2729 971 2772; x_wconf 87' lang='lat' dir='ltr'>coram</span> <span class='ocrx_word' id='word_1_176' title='bbox 996 2707 1082 2772; x_wconf 91' lang='lat' dir='ltr'>dieto</span> <span class='ocrx_word' id='word_1_177' title='bbox 1109 2708 1223 2771; x_wconf 88' lang='lat' dir='ltr'>comite</span> <span class='ocrx_word' id='word_1_178' title='bbox 1250 2707 1374 2790; x_wconf 88' lang='lat' dir='ltr'>capelle</span> <span class='ocrx_word' id='word_1_179' title='bbox 1401 2709 1487 2789; x_wconf 84' lang='lat' dir='ltr'>regie</span> 
     </span>
     <span class='ocr_line' id='line_1_22' title="bbox 353 2814 1484 2901; baseline -0.005 -17"><span class='ocrx_word' id='word_1_180' title='bbox 353 2821 527 2895; x_wconf 83' lang='lat' dir='ltr'>constituti,</span> <span class='ocrx_word' id='word_1_181' title='bbox 553 2818 751 2901; x_wconf 89' lang='lat' dir='ltr'>propositum</span> <span class='ocrx_word' id='word_1_182' title='bbox 778 2816 954 2880; x_wconf 87' lang='lat' dir='ltr'>exstitisset</span> <span class='ocrx_word' id='word_1_183' title='bbox 979 2835 1036 2898; x_wconf 92' lang='lat' dir='ltr'>per</span> <span class='ocrx_word' id='word_1_184' title='bbox 1062 2814 1188 2879; x_wconf 91' lang='lat' dir='ltr'>eosdem</span> <span class='ocrx_word' id='word_1_185' title='bbox 1206 2863 1212 2878; x_wconf 92' lang='lat'><strong>.</strong></span> <span class='ocrx_word' id='word_1_186' title='bbox 1230 2865 1236 2878; x_wconf 91' lang='lat'><strong><em>.</em></strong></span> <span class='ocrx_word' id='word_1_187' title='bbox 1253 2814 1339 2897; x_wconf 89' lang='lat' dir='ltr'>quod</span> <span class='ocrx_word' id='word_1_188' title='bbox 1365 2815 1426 2897; x_wconf 90' lang='lat' dir='ltr'>ipsi</span> <span class='ocrx_word' id='word_1_189' title='bbox 1453 2817 1484 2878; x_wconf 90' lang='lat' dir='ltr'>in</span> 
     </span>
     <span class='ocr_line' id='line_1_23' title="bbox 354 2919 1487 3006; baseline -0.006 -14"><span class='ocrx_word' id='word_1_190' title='bbox 354 2949 453 2992; x_wconf 89' lang='lat' dir='ltr'>causa</span> <span class='ocrx_word' id='word_1_191' title='bbox 481 2947 578 3006; x_wconf 90' lang='lat' dir='ltr'>quam</span> <span class='ocrx_word' id='word_1_192' title='bbox 604 2924 701 2988; x_wconf 88' lang='lat' dir='ltr'>iidem</span> <span class='ocrx_word' id='word_1_193' title='bbox 727 2924 874 3006; x_wconf 84' lang='lat' dir='ltr'>magistri</span> <span class='ocrx_word' id='word_1_194' title='bbox 901 2923 1019 2986; x_wconf 88' lang='lat' dir='ltr'>Petrus</span> <span class='ocrx_word' id='word_1_195' title='bbox 1044 2927 1076 2988; x_wconf 89' lang='lat' dir='ltr'>et</span> <span class='ocrx_word' id='word_1_196' title='bbox 1101 2919 1274 2986; x_wconf 86' lang='lat' dir='ltr'>Ladislaus</span> <span class='ocrx_word' id='word_1_197' title='bbox 1300 2921 1377 2986; x_wconf 90' lang='lat' dir='ltr'>dicti</span> <span class='ocrx_word' id='word_1_198' title='bbox 1405 2920 1487 2986; x_wconf 86' lang='lat' dir='ltr'>Sous</span> 
     </span>
     <span class='ocr_line' id='line_1_24' title="bbox 347 3027 1489 3117; baseline -0.002 -23"><span class='ocrx_word' id='word_1_199' title='bbox 347 3041 468 3101; x_wconf 87' lang='lat' dir='ltr'>contra</span> <span class='ocrx_word' id='word_1_200' title='bbox 484 3034 588 3117; x_wconf 89' lang='lat' dir='ltr'>ipsum</span> <span class='ocrx_word' id='word_1_201' title='bbox 606 3032 797 3115; x_wconf 87' lang='lat' dir='ltr'>magistrum</span> <span class='ocrx_word' id='word_1_202' title='bbox 814 3028 910 3095; x_wconf 83' lang='lat' dir='ltr'>Denlr</span> <span class='ocrx_word' id='word_1_203' title='bbox 927 3029 1028 3093; x_wconf 89' lang='lat' dir='ltr'>filium</span> <span class='ocrx_word' id='word_1_204' title='bbox 1047 3027 1173 3094; x_wconf 90' lang='lat' dir='ltr'>Nicolai</span> <span class='ocrx_word' id='word_1_205' title='bbox 1189 3029 1302 3094; x_wconf 91' lang='lat' dir='ltr'>ordine</span> <span class='ocrx_word' id='word_1_206' title='bbox 1318 3029 1489 3094; x_wconf 86' lang='lat' dir='ltr'>iudiciario</span> 
     </span>
     <span class='ocr_line' id='line_1_25' title="bbox 354 3137 1489 3228; baseline -0.008 -18"><span class='ocrx_word' id='word_1_207' title='bbox 354 3137 456 3228; x_wconf 80' lang='lat' dir='ltr'>¹super</span> <span class='ocrx_word' id='word_1_208' title='bbox 472 3139 725 3226; x_wconf 86' lang='lat' dir='ltr'>possessionibus</span> <span class='ocrx_word' id='word_1_209' title='bbox 742 3137 939 3224; x_wconf 81' lang='lat' dir='ltr'>Bystrelrezy</span> <span class='ocrx_word' id='word_1_210' title='bbox 951 3145 983 3202; x_wconf 90' lang='lat' dir='ltr'>et</span> <span class='ocrx_word' id='word_1_211' title='bbox 995 3137 1214 3220; x_wconf 83' lang='lat' dir='ltr'>Rennuldrezy</span> <span class='ocrx_word' id='word_1_212' title='bbox 1231 3138 1351 3202; x_wconf 88' lang='lat' dir='ltr'>vocatis</span> <span class='ocrx_word' id='word_1_213' title='bbox 1368 3143 1489 3202; x_wconf 87' lang='lat' dir='ltr'>motam</span> 
     </span>
     <span class='ocr_line' id='line_1_26' title="bbox 355 3245 1489 3332; baseline -0.007 -14"><span class='ocrx_word' id='word_1_214' title='bbox 355 3252 557 3328; x_wconf 85' lang='lat' dir='ltr'>habuissent,</span> <span class='ocrx_word' id='word_1_215' title='bbox 574 3249 838 3332; x_wconf 81' lang='lat' dir='ltr'>componentibus</span> <span class='ocrx_word' id='word_1_216' title='bbox 854 3247 964 3330; x_wconf 89' lang='lat' dir='ltr'>probis</span> <span class='ocrx_word' id='word_1_217' title='bbox 980 3248 1057 3311; x_wconf 78' lang='lat' dir='ltr'>viris</span> <span class='ocrx_word' id='word_1_218' title='bbox 1082 3245 1193 3310; x_wconf 86' lang='lat' dir='ltr'>taliter</span> <span class='ocrx_word' id='word_1_219' title='bbox 1209 3246 1294 3309; x_wconf 83' lang='lat' dir='ltr'>iuter</span> <span class='ocrx_word' id='word_1_220' title='bbox 1311 3267 1344 3309; x_wconf 92' lang='lat' dir='ltr'>se</span> <span class='ocrx_word' id='word_1_221' title='bbox 1361 3267 1489 3311; x_wconf 89' lang='lat' dir='ltr'>concor-</span> 
     </span>
     <span class='ocr_line' id='line_1_27' title="bbox 357 3354 1490 3443; baseline -0.008 -16"><span class='ocrx_word' id='word_1_222' title='bbox 357 3363 497 3436; x_wconf 87' lang='lat' dir='ltr'>dassent,</span> <span class='ocrx_word' id='word_1_223' title='bbox 515 3359 599 3442; x_wconf 92' lang='lat' dir='ltr'>quod</span> <span class='ocrx_word' id='word_1_224' title='bbox 615 3360 676 3443; x_wconf 89' lang='lat' dir='ltr'>ipsi</span> <span class='ocrx_word' id='word_1_225' title='bbox 694 3357 776 3422; x_wconf 84' lang='lat' dir='ltr'>feria</span> <span class='ocrx_word' id='word_1_226' title='bbox 802 3359 918 3440; x_wconf 88' lang='lat' dir='ltr'>quinta</span> <span class='ocrx_word' id='word_1_227' title='bbox 943 3357 1090 3438; x_wconf 90' lang='lat' dir='ltr'>proxima</span> <span class='ocrx_word' id='word_1_228' title='bbox 1115 3359 1190 3419; x_wconf 89' lang='lat' dir='ltr'>ante</span> <span class='ocrx_word' id='word_1_229' title='bbox 1216 3354 1409 3418; x_wconf 90' lang='lat' dir='ltr'>dominicam</span> <span class='ocrx_word' id='word_1_230' title='bbox 1427 3355 1490 3419; x_wconf 91' lang='lat' dir='ltr'>Ra·</span> 
     </span>
     <span class='ocr_line' id='line_1_28' title="bbox 358 3461 1487 3553; baseline -0.01 -19"><span class='ocrx_word' id='word_1_231' title='bbox 358 3467 601 3553; x_wconf 87' lang='lat' dir='ltr'>mispalmarum</span> <span class='ocrx_word' id='word_1_232' title='bbox 618 3473 695 3530; x_wconf 90' lang='lat' dir='ltr'>tune</span> <span class='ocrx_word' id='word_1_233' title='bbox 710 3465 855 3548; x_wconf 88' lang='lat' dir='ltr'>proxime</span> <span class='ocrx_word' id='word_1_234' title='bbox 870 3464 1072 3546; x_wconf 89' lang='lat' dir='ltr'>preteritam,</span> <span class='ocrx_word' id='word_1_235' title='bbox 1089 3461 1130 3525; x_wconf 89' lang='lat' dir='ltr'>ad</span> <span class='ocrx_word' id='word_1_236' title='bbox 1147 3461 1245 3526; x_wconf 86' lang='lat' dir='ltr'>facies</span> <span class='ocrx_word' id='word_1_237' title='bbox 1270 3461 1487 3544; x_wconf 90' lang='lat' dir='ltr'>predictarum</span> 
     </span>
     <span class='ocr_line' id='line_1_29' title="bbox 359 3567 1493 3665; baseline -0.009 -21"><span class='ocrx_word' id='word_1_238' title='bbox 359 3579 594 3665; x_wconf 77' lang='lat' dir='ltr'>possessionum</span> <span class='ocrx_word' id='word_1_239' title='bbox 611 3573 810 3659; x_wconf 83' lang='lat' dir='ltr'>Byztrekezy</span> <span class='ocrx_word' id='word_1_240' title='bbox 827 3580 860 3638; x_wconf 89' lang='lat' dir='ltr'>et</span> <span class='ocrx_word' id='word_1_241' title='bbox 875 3570 1092 3654; x_wconf 80' lang='lat' dir='ltr'>Rennukkezy</span> <span class='ocrx_word' id='word_1_242' title='bbox 1104 3570 1144 3635; x_wconf 88' lang='lat' dir='ltr'>ad</span> <span class='ocrx_word' id='word_1_243' title='bbox 1161 3567 1404 3634; x_wconf 85' lang='lat' dir='ltr'>meridionalem</span> <span class='ocrx_word' id='word_1_244' title='bbox 1421 3591 1493 3652; x_wconf 90' lang='lat' dir='ltr'>par·</span> 
     </span>
     <span class='ocr_line' id='line_1_30' title="bbox 366 3677 1495 3765; baseline -0.012 -12"><span class='ocrx_word' id='word_1_245' title='bbox 366 3697 431 3753; x_wconf 90' lang='lat' dir='ltr'>tem</span> <span class='ocrx_word' id='word_1_246' title='bbox 448 3687 631 3751; x_wconf 86' lang='lat' dir='ltr'>adiacentes</span> <span class='ocrx_word' id='word_1_247' title='bbox 648 3703 702 3746; x_wconf 91' lang='lat' dir='ltr'>sex</span> <span class='ocrx_word' id='word_1_248' title='bbox 719 3680 835 3765; x_wconf 88' lang='lat' dir='ltr'>probos</span> <span class='ocrx_word' id='word_1_249' title='bbox 861 3680 1006 3744; x_wconf 89' lang='lat' dir='ltr'>homines</span> <span class='ocrx_word' id='word_1_250' title='bbox 1032 3677 1244 3742; x_wconf 86' lang='lat' dir='ltr'>communiter</span> <span class='ocrx_word' id='word_1_251' title='bbox 1269 3677 1428 3743; x_wconf 89' lang='lat' dir='ltr'>adducere</span> <span class='ocrx_word' id='word_1_252' title='bbox 1443 3677 1495 3741; x_wconf 92' lang='lat' dir='ltr'>de·</span> 
     </span>
     <span class='ocr_line' id='line_1_31' title="bbox 366 3784 1496 3862; baseline -0.012 0"><span class='ocrx_word' id='word_1_253' title='bbox 366 3797 512 3862; x_wconf 89' lang='lat' dir='ltr'>buissent</span> <span class='ocrx_word' id='word_1_254' title='bbox 528 3811 635 3858; x_wconf 87' lang='lat' dir='ltr'>coram</span> <span class='ocrx_word' id='word_1_255' title='bbox 653 3789 837 3854; x_wconf 88' lang='lat' dir='ltr'>testimonio</span> <span class='ocrx_word' id='word_1_256' title='bbox 848 3788 927 3852; x_wconf 91' lang='lat' dir='ltr'>dicti</span> <span class='ocrx_word' id='word_1_257' title='bbox 940 3793 1114 3851; x_wconf 84' lang='lat' dir='ltr'>conventus</span> <span class='ocrx_word' id='word_1_258' title='bbox 1125 3784 1266 3862; x_wconf 76' lang='lat' dir='ltr'>dedere,</span> <span class='ocrx_word' id='word_1_259' title='bbox 1283 3786 1496 3849; x_wconf 88' lang='lat' dir='ltr'>communiter</span> 
     </span>
     <span class='ocr_line' id='line_1_32' title="bbox 364 3891 1495 3971; baseline -0.015 0"><span class='ocrx_word' id='word_1_260' title='bbox 364 3905 443 3971; x_wconf 90' lang='lat' dir='ltr'>inibi</span> <span class='ocrx_word' id='word_1_261' title='bbox 460 3899 647 3966; x_wconf 89' lang='lat' dir='ltr'>adducendo</span> <span class='ocrx_word' id='word_1_262' title='bbox 663 3899 813 3963; x_wconf 86' lang='lat' dir='ltr'>universa</span> <span class='ocrx_word' id='word_1_263' title='bbox 849 3897 1065 3960; x_wconf 85' lang='lat' dir='ltr'>instrumenta</span> <span class='ocrx_word' id='word_1_264' title='bbox 1090 3915 1200 3958; x_wconf 90' lang='lat' dir='ltr'>eorum</span> <span class='ocrx_word' id='word_1_265' title='bbox 1225 3891 1366 3957; x_wconf 83' lang='lat' dir='ltr'>litoralia</span> <span class='ocrx_word' id='word_1_266' title='bbox 1390 3892 1495 3955; x_wconf 90' lang='lat' dir='ltr'>muni·</span> 
     </span>
     <span class='ocr_line' id='line_1_33' title="bbox 362 3997 1494 4092; baseline -0.014 -14"><span class='ocrx_word' id='word_1_267' title='bbox 362 4017 473 4078; x_wconf 86' lang='lat' dir='ltr'>menta</span> <span class='ocrx_word' id='word_1_268' title='bbox 498 4029 594 4092; x_wconf 90' lang='lat' dir='ltr'>super</span> <span class='ocrx_word' id='word_1_269' title='bbox 620 4007 698 4091; x_wconf 90' lang='lat' dir='ltr'>ipsis</span> <span class='ocrx_word' id='word_1_270' title='bbox 721 4004 976 4090; x_wconf 89' lang='lat' dir='ltr'>possessionibus</span> <span class='ocrx_word' id='word_1_271' title='bbox 1001 4001 1147 4066; x_wconf 84' lang='lat' dir='ltr'>conlecta</span> <span class='ocrx_word' id='word_1_272' title='bbox 1171 4049 1177 4064; x_wconf 89' lang='lat'><strong>.</strong></span> <span class='ocrx_word' id='word_1_273' title='bbox 1199 4001 1363 4083; x_wconf 78' lang='lat' dir='ltr'>‚exceptis</span> <span class='ocrx_word' id='word_1_274' title='bbox 1389 3997 1494 4063; x_wconf 89' lang='lat' dir='ltr'>literis</span> 
     </span>
     <span class='ocr_line' id='line_1_34' title="bbox 362 4108 1494 4202; baseline -0.013 -18"><span class='ocrx_word' id='word_1_275' title='bbox 362 4117 585 4202; x_wconf 76' lang='lat' dir='ltr'>inquisitoriis,</span> <span class='ocrx_word' id='word_1_276' title='bbox 601 4136 709 4180; x_wconf 89' lang='lat' dir='ltr'>coram</span> <span class='ocrx_word' id='word_1_277' title='bbox 723 4114 801 4197; x_wconf 89' lang='lat' dir='ltr'>ipsis</span> <span class='ocrx_word' id='word_1_278' title='bbox 815 4133 870 4178; x_wconf 87' lang='lat' dir='ltr'>sex</span> <span class='ocrx_word' id='word_1_279' title='bbox 880 4111 988 4196; x_wconf 90' lang='lat' dir='ltr'>probis</span> <span class='ocrx_word' id='word_1_280' title='bbox 1006 4111 1081 4174; x_wconf 91' lang='lat' dir='ltr'>viris</span> <span class='ocrx_word' id='word_1_281' title='bbox 1097 4108 1279 4174; x_wconf 91' lang='lat' dir='ltr'>hominibus</span> <span class='ocrx_word' id='word_1_282' title='bbox 1296 4114 1327 4172; x_wconf 90' lang='lat' dir='ltr'>et</span> <span class='ocrx_word' id='word_1_283' title='bbox 1343 4112 1494 4191; x_wconf 88' lang='lat' dir='ltr'>presente</span> 
     </span>
     <span class='ocr_line' id='line_1_35' title="bbox 364 4211 1501 4308; baseline -0.016 -15"><span class='ocrx_word' id='word_1_284' title='bbox 364 4225 547 4294; x_wconf 87' lang='lat' dir='ltr'>testimonio</span> <span class='ocrx_word' id='word_1_285' title='bbox 564 4221 700 4308; x_wconf 91' lang='lat' dir='ltr'>predicti</span> <span class='ocrx_word' id='word_1_286' title='bbox 717 4226 893 4287; x_wconf 85' lang='lat' dir='ltr'>conventus</span> <span class='ocrx_word' id='word_1_287' title='bbox 909 4219 948 4284; x_wconf 89' lang='lat' dir='ltr'>de</span> <span class='ocrx_word' id='word_1_288' title='bbox 959 4219 984 4284; x_wconf 88' lang='lat' dir='ltr'><strong>J</strong></span> <span class='ocrx_word' id='word_1_289' title='bbox 986 4241 1043 4283; x_wconf 86' lang='lat' dir='ltr'>azo</span> <span class='ocrx_word' id='word_1_290' title='bbox 1060 4217 1210 4282; x_wconf 89' lang='lat' dir='ltr'>exhibere</span> <span class='ocrx_word' id='word_1_291' title='bbox 1227 4222 1422 4292; x_wconf 87' lang='lat' dir='ltr'>tenerentur,</span> <span class='ocrx_word' id='word_1_292' title='bbox 1439 4211 1501 4277; x_wconf 89' lang='lat' dir='ltr'>tali</span> 
     </span>
     <span class='ocr_line' id='line_1_36' title="bbox 363 4322 1499 4418; baseline -0.014 -18"><span class='ocrx_word' id='word_1_293' title='bbox 363 4335 562 4418; x_wconf 91' lang='lat' dir='ltr'>obligacione</span> <span class='ocrx_word' id='word_1_294' title='bbox 578 4331 751 4407; x_wconf 88' lang='lat' dir='ltr'>mediante,</span> <span class='ocrx_word' id='word_1_295' title='bbox 768 4328 853 4413; x_wconf 90' lang='lat' dir='ltr'>quod</span> <span class='ocrx_word' id='word_1_296' title='bbox 870 4329 896 4393; x_wconf 91' lang='lat' dir='ltr'>si</span> <span class='ocrx_word' id='word_1_297' title='bbox 914 4349 979 4410; x_wconf 88' lang='lat' dir='ltr'>qua</span> <span class='ocrx_word' id='word_1_298' title='bbox 1003 4327 1148 4410; x_wconf 90' lang='lat' dir='ltr'>parcium</span> <span class='ocrx_word' id='word_1_299' title='bbox 1166 4325 1207 4390; x_wconf 90' lang='lat' dir='ltr'>ad</span> <span class='ocrx_word' id='word_1_300' title='bbox 1224 4324 1322 4388; x_wconf 82' lang='lat' dir='ltr'>facies</span> <span class='ocrx_word' id='word_1_301' title='bbox 1338 4322 1499 4406; x_wconf 87' lang='lat' dir='ltr'>predicta-</span> 
     </span>
     <span class='ocr_line' id='line_1_37' title="bbox 364 4433 1504 4527; baseline -0.016 -18"><span class='ocrx_word' id='word_1_302' title='bbox 364 4467 436 4509; x_wconf 89' lang='lat' dir='ltr'>rum</span> <span class='ocrx_word' id='word_1_303' title='bbox 447 4442 684 4527; x_wconf 88' lang='lat' dir='ltr'>possessionum</span> <span class='ocrx_word' id='word_1_304' title='bbox 702 4436 923 4522; x_wconf 89' lang='lat' dir='ltr'>personaliter,</span> <span class='ocrx_word' id='word_1_305' title='bbox 934 4436 984 4499; x_wconf 87' lang='lat' dir='ltr'>vel</span> <span class='ocrx_word' id='word_1_306' title='bbox 995 4455 1052 4518; x_wconf 91' lang='lat' dir='ltr'>per</span> <span class='ocrx_word' id='word_1_307' title='bbox 1061 4433 1241 4515; x_wconf 90' lang='lat' dir='ltr'>legitimum</span> <span class='ocrx_word' id='word_1_308' title='bbox 1255 4435 1504 4514; x_wconf 88' lang='lat' dir='ltr'>procuratorem</span> 
     </span>
     <span class='ocr_line' id='line_1_38' title="bbox 366 4539 1505 4632; baseline -0.013 -17"><span class='ocrx_word' id='word_1_309' title='bbox 366 4573 458 4616; x_wconf 87' lang='lat' dir='ltr'>sumn</span> <span class='ocrx_word' id='word_1_310' title='bbox 475 4552 507 4614; x_wconf 94' lang='lat' dir='ltr'>in</span> <span class='ocrx_word' id='word_1_311' title='bbox 525 4545 647 4632; x_wconf 83' lang='lat' dir='ltr'>prefixo</span> <span class='ocrx_word' id='word_1_312' title='bbox 663 4545 800 4609; x_wconf 90' lang='lat' dir='ltr'>termino</span> <span class='ocrx_word' id='word_1_313' title='bbox 817 4545 933 4624; x_wconf 87' lang='lat' dir='ltr'>venire,</span> <span class='ocrx_word' id='word_1_314' title='bbox 950 4543 1102 4624; x_wconf 89' lang='lat' dir='ltr'>dictaque</span> <span class='ocrx_word' id='word_1_315' title='bbox 1119 4540 1335 4603; x_wconf 88' lang='lat' dir='ltr'>instrumenta</span> <span class='ocrx_word' id='word_1_316' title='bbox 1359 4539 1505 4621; x_wconf 89' lang='lat' dir='ltr'>ipsorum</span> 
     </span>
     <span class='ocr_line' id='line_1_39' title="bbox 365 4631 1506 4736; baseline -0.011 -13"><span class='ocrx_word' id='word_1_317' title='bbox 365 4631 516 4724; x_wconf 81' lang='lat' dir='ltr'>universa</span> <span class='ocrx_word' id='word_1_318' title='bbox 541 4678 577 4721; x_wconf 91' lang='lat' dir='ltr'>co</span> <span class='ocrx_word' id='word_1_319' title='bbox 584 4675 652 4720; x_wconf 90' lang='lat' dir='ltr'>ram</span> <span class='ocrx_word' id='word_1_320' title='bbox 680 4653 759 4736; x_wconf 90' lang='lat' dir='ltr'>ipsis</span> <span class='ocrx_word' id='word_1_321' title='bbox 785 4651 935 4716; x_wconf 87' lang='lat' dir='ltr'>exhibere</span> <span class='ocrx_word' id='word_1_322' title='bbox 953 4700 959 4714; x_wconf 93' lang='lat'>.</span> <span class='ocrx_word' id='word_1_323' title='bbox 977 4699 983 4714; x_wconf 96' lang='lat'>.</span> <span class='ocrx_word' id='word_1_324' title='bbox 1001 4671 1063 4714; x_wconf 92' lang='lat' dir='ltr'>nou</span> <span class='ocrx_word' id='word_1_325' title='bbox 1089 4655 1248 4724; x_wconf 82' lang='lat' dir='ltr'>curarent,</span> <span class='ocrx_word' id='word_1_326' title='bbox 1265 4651 1322 4710; x_wconf 90' lang='lat' dir='ltr'>aut</span> <span class='ocrx_word' id='word_1_327' title='bbox 1338 4646 1364 4710; x_wconf 91' lang='lat' dir='ltr'>si</span> <span class='ocrx_word' id='word_1_328' title='bbox 1382 4665 1446 4727; x_wconf 88' lang='lat' dir='ltr'>qua</span> <span class='ocrx_word' id='word_1_329' title='bbox 1463 4664 1506 4710; x_wconf 83' lang='lat' dir='ltr'>ex</span> 
     </span>
    </p>
   </div>
   <div class='ocr_carea' id='block_1_3' title="bbox 0 0 1654 5460">
    <p class='ocr_par' dir='ltr' id='par_1_3' title="bbox 0 0 1654 5460">
     <span class='ocr_line' id='line_1_40' title="bbox 0 0 1654 5460; baseline 0 0"><span class='ocrx_word' id='word_1_330' title='bbox 0 0 1654 5460; x_wconf 95' lang='lat' dir='ltr'> </span> 
     </span>
    </p>
   </div>
  </div>
 </body>
</html>
