3188 5470
577 480 670 546 1349.
687 501 775 546 sarr.
794 482 843 547 19.

665 772 738 834 lan.

137 929 235 993 1349.
260 929 433 1010 Temeaao'r,
449 941 522 1017 sapt
541 932 591 994 19.
618 930 735 995 Mittas
750 930 852 996 addar
867 931 950 996 ctat
974 931 1080 996 Temos
1100 935 1267 1020 odrmcgye

134 1037 352 1122 aaoaagcvet
365 1049 472 1104 aaran
487 1038 687 1124 kbzgpdla'aca
703 1063 741 1104 oz
756 1039 883 1124 olicpcta
893 1040 924 1102 ds
934 1039 1106 1104 birdtdraoi
1120 1040 1267 1126 &cocyt-

123 1147 202 1229 jot,
217 1149 297 1234 bopy
314 1149 343 1213 I.
361 1147 485 1232 Kdroly
510 1147 620 1233 kiroly
644 1147 841 1212 urcllcoddec
866 1147 947 1212 olott
973 1147 1125 1234 Lampcrt
1140 1149 1202 1213 volt
1217 1172 1267 1212 or-

131 1253 287 1340 ειάρόίνό,
303 1255 406 1320 Jonas
422 1254 553 1336 ficiculo
575 1253 757 1320 Tomdvaok
782 1256 813 1318 6³
829 1255 1033 1342 Mibclynat,
1047 1257 1151 1344 popdi
1165 1281 1264 1321 acme-

341 1362 464 1442 sanet,
483 1362 637 1426 Kolenda
651 1371 731 1428 accit
748 1363 884 1427 birtolcdt
897 1361 1069 1449 cffoplalto.

241 1523 312 1590 Nos
327 1523 482 1590 Nicolaus
499 1574 505 1588 .
523 1574 529 1589 .
547 1523 710 1609 palatinus
727 1531 759 1591 et
775 1525 871 1590 iudex
887 1547 1095 1592 comanorum
1112 1527 1264 1592 memorie

130 1632 402 1711 commendamus,
417 1631 502 1716 quod
518 1633 552 1697 in
568 1635 817 1716 congregacione
833 1641 944 1700 nostra
960 1633 1111 1717 generali,
1138 1634 1263 1699 univcr-

130 1741 223 1806 sitati
241 1740 397 1805 nobilium
414 1740 587 1806 comitatus
604 1740 827 1819 Temesiensis,
846 1741 928 1806 feria
953 1743 1094 1807 secunda
1120 1745 1266 1826 proxima

130 1855 208 1930 post
223 1848 342 1913 festum
359 1846 548 1913 Natiuitatis
564 1848 697 1930 virginis
714 1849 852 1931 gloriose
877 1871 977 1934 prope
994 1849 1169 1916 Temesvar
1185 1851 1265 1916 cele·

129 1956 239 2035 brata,
257 1955 343 2038 quod
360 1953 443 2040 (igy)
460 1954 601 2020 Thomas
618 1961 650 2020 et
666 1955 809 2021 Michael
825 1956 883 2021 filii
899 1957 925 2022 J
926 1959 1061 2024 ohannis
1086 1959 1209 2025 nobiles
1226 1960 1266 2024 de

129 2063 248 2147 Popdi‚
265 2063 304 2128 de
315 2062 419 2128 medio
429 2063 567 2127 aliorum
579 2064 793 2145 personaliter
803 2072 1019 2148 exsurgentes,
1029 2073 1267 2150 proposuerunt

130 2191 170 2235 eo
186 2170 291 2250 modo,
317 2170 402 2253 quod
426 2171 581 2254 magister
605 2170 800 2254 Lampertus
827 2172 990 2253 quondam
1015 2174 1111 2239 iudex
1127 2175 1215 2238 curie
1233 2223 1263 2240 ..

129 2279 253 2345 Karoli
263 2278 388 2363 pridem
399 2279 483 2362 regis
497 2329 521 2343 ..
539 2278 701 2360 quandam
713 2281 945 2363 possessionem
954 2282 1098 2368 ipsorum
1108 2282 1266 2348 Kolenda

130 2395 290 2469 vocatam,
306 2389 340 2452 in
356 2387 443 2452 dicto
460 2390 615 2453 comitatu
632 2387 828 2454 Temesiansi
850 2391 1049 2472 existentem,
1074 2391 1215 2456 indebite
1231 2397 1264 2456 et

130 2497 238 2581 culpis
255 2516 366 2562 eorum
381 2517 444 2562 non
461 2495 700 2577 requirentibus
726 2503 932 2582 occupasset;
956 2506 988 2564 et
1003 2498 1062 2563 hec
1077 2499 1264 2582 vicecomiti,

129 2604 294 2670 iudicibus
310 2603 475 2682 nobilium,
491 2605 606 2670 iuratis
632 2605 847 2671 assessoribus
867 2627 906 2671 ao
931 2607 1086 2672 universis
1102 2605 1264 2672 nobilibus

128 2715 272 2797 preteeti
288 2713 459 2780 comitatus
476 2713 688 2778 Temesiensis
704 2721 889 2779 constarent
914 2715 1093 2797 evidentcr3
1118 2721 1264 2798 petentes

129 2844 189 2887 uos
206 2843 280 2886 cum
295 2823 464 2900 instancia,
480 2827 518 2887 ut
534 2822 632 2888 iidem
648 2823 779 2903 qualem
795 2823 916 2888 scirent
931 2824 971 2888 de
986 2824 1159 2908 premissis,
1185 2822 1265 2887 fate·

129 2935 245 2994 rentur
261 2929 448 3010 veritatem3
474 2928 677 3010 quiquidem
701 2931 884 3012 vicecomes,
911 2931 1031 2996 iudices
1050 2931 1206 2995 nobilium
1231 2936 1265 2994 et

130 3037 231 3103 iurati
251 3059 429 3104 assessores
446 3037 487 3102 ad
513 3037 608 3103 fidem
632 3059 743 3103 eorum
769 3037 828 3102 deo
853 3038 994 3104 debitam
1013 3088 1019 3104 .
1038 3089 1043 3103 .
1060 3061 1098 3104 ac
1123 3038 1264 3103 universi

130 3146 257 3211 nobiles
275 3146 417 3211 eiusdem
427 3147 597 3211 comitatus
615 3168 672 3229 per
682 3167 738 3211 nos
748 3148 906 3228 requisiti,
922 3153 1127 3230 prenotatam
1142 3167 1265 3230 posses·

130 3255 255 3320 sionem
273 3254 429 3320 Kalanda
448 3254 608 3320 dictorum
633 3255 772 3320 filiorum
789 3253 814 3320 J
816 3256 952 3320 ohannis
968 3277 1026 3339 per
1042 3257 1149 3339 ipsum
1164 3255 1264 3336 magi-

128 3371 236 3428 strum
252 3363 465 3445 Lampertum
482 3363 575 3426 modo
591 3363 747 3445 premisso
763 3369 953 3446 occupatam
969 3362 1045 3441 sore,
1072 3361 1217 3427 unanimi
1234 3367 1266 3426 et

128 3471 284 3539 concordi
308 3469 536 3537 testificacione
561 3469 773 3536 affirmarunt.
797 3471 838 3536 In
863 3472 955 3536 cuius
982 3469 1211 3536 affirmacionis
1234 3475 1266 3534 et

128 3580 324 3647 assercionis
355 3578 574 3644 testimonium
614 3583 779 3663 presentes
812 3579 925 3644 literas
957 3585 1083 3644 nostras
1115 3583 1263 3660 patentes

128 3694 242 3754 nostro
269 3692 302 3752 et
326 3687 485 3752 dictorum
510 3687 704 3753 vicecomitis
730 3693 763 3750 et
788 3686 930 3753 iudicum
961 3685 1117 3752 nobilium
1149 3685 1265 3769 sigillis

128 3797 349 3878 consignatas,
365 3793 486 3859 eisdem
503 3793 625 3858 Thome
642 3800 674 3858 et
690 3794 845 3860 Michaeli
871 3794 1021 3859 duximus
1037 3793 1264 3858 concedendas.

127 3905 259 3969 Datum
276 3907 367 3967 sexto
383 3901 435 3966 die
450 3901 535 3966 dicte
551 3903 813 3986 congregacionis
829 3910 938 3968 nostre
955 3904 987 3966 in
1000 3904 1070 3967 loco
1086 3907 1264 3986 prenotato,

127 4032 215 4076 anno
233 4009 354 4075 domini
370 4011 422 4076 Μο
446 4007 543 4077 0000
567 4011 671 4076 XL¹³¹⁰
687 4031 778 4076 nono.

241 4173 396 4238 Hatlapjlsu
409 4189 425 4224 a
437 4173 525 4224 ntdor
538 4173 720 4240 pacsetjenek,
734 4173 762 4224 es
775 4190 789 4225 s
803 4174 884 4224 kdrv'il
908 4189 940 4224 az
963 4173 1070 4238 alispdn
1084 4171 1113 4223 ds
1126 4172 1261 4237 saolgabl·

127 4263 178 4312 rak
192 4262 381 4326 pecsetjeinelr
395 4263 599 4330 tbredelveivel;
620 4265 750 4328 credetije
767 4279 799 4314 az
810 4279 877 4314 orsa.
892 4267 923 4314 lt.
937 4264 1036 4314 kinost.
1051 4267 1119 4312 oszt.
1133 4262 1166 4312 N.
1180 4261 1213 4311 R.
1228 4263 1261 4314 A.

131 4359 199 4404 1537
204 4390 210 4404 .
227 4357 269 4404 33.
284 4353 350 4417 dipl.
365 4360 433 4404 oszt.
449 4359 527 4406 4076.
548 4355 648 4405 Kozli:
668 4356 776 4406 Kovacs
790 4357 824 4406 N.
