3180 5470
523 563 526 568 ·
606 528 700 587 1351.
718 547 787 588 aru.
805 529 833 588 3.
1212 529 1277 590 445

144 709 196 766 tus
212 699 440 767 Gumuriensis
456 709 663 785 protestatus,
690 702 776 784 quod
802 705 869 787 ipse
895 703 934 767 tle
956 723 1072 785 genere
1089 703 1219 787 Zagrab
1244 711 1278 768 et

143 808 275 892 Korpas
293 815 384 888 esset,
401 815 434 875 et
450 815 538 876 recta
554 810 738 877 dimidietas
755 811 965 896 possessionis
982 811 1113 876 Recbke
1130 811 1162 876 in
1178 813 1278 877 comi-

143 925 213 985 tatu
234 917 444 986 Gumuriensi
462 921 631 986 existentis
648 942 706 986 sua
732 927 815 986 esset
840 920 1048 1003 perpetualis,
1072 921 1127 986 sed
1144 921 1209 986 alia
1225 941 1277 984 re-

144 1027 238 1092 sidue
254 1048 330 1110 pars
347 1026 489 1092 eiusdem
507 1029 635 1092 racione
652 1028 735 1092 lineo
762 1029 982 1109 generacionis
1008 1028 1109 1094 eidem
1136 1029 1278 1112 pertine-

143 1145 200 1214 ret,
217 1135 354 1202 Nicolao
371 1141 479 1200 autem
496 1134 563 1198 filio
579 1135 741 1200 Johaunis
766 1135 844 1201 dicti
870 1135 1016 1220 Ohyuige
1042 1135 1080 1202 de
1107 1136 1222 1202 Malah
1248 1143 1280 1200 et

143 1243 290 1308 ,Iohanni
306 1242 372 1308 filio
388 1241 517 1308 Nicolai
542 1242 581 1307 de
605 1242 745 1308 Telulres
767 1244 946 1327 prescripta
963 1244 1121 1326 possessio
1145 1243 1278 1308 Rechke

143 1352 175 1415 in
192 1351 282 1416 nullo
298 1353 484 1435 pertineret,
509 1351 701 1434 eosdemque
726 1359 757 1415 et
773 1351 799 1416 J
801 1351 969 1430 ohannem,
993 1373 1032 1416 ne
1048 1352 1134 1416 inter
1151 1373 1184 1418 se
1201 1371 1277 1416 eau-

143 1460 214 1526 dem
241 1460 473 1546 possessionem
499 1459 631 1525 Recbke
657 1467 852 1543 perpetuare
883 1461 1029 1526 valerent
1053 1460 1277 1544 prohibuisset.

142 1568 181 1633 In
192 1568 318 1634 duabus
329 1577 438 1635 autem
452 1569 556 1634 literis
574 1569 870 1652 inquisicionalibus
881 1570 913 1632 in
925 1591 988 1634 uno
1001 1590 1096 1634 sensu
1107 1568 1276 1634 uerborum

144 1677 307 1754 confectis,
323 1677 455 1760 capituli
482 1678 614 1742 ecclesie
638 1676 810 1760 Agriensis
836 1687 867 1742 et
893 1684 1066 1743 conuentus
1092 1679 1278 1742 monasterii

142 1785 228 1851 beati
245 1787 270 1850 J
271 1787 408 1851 ohannis
424 1787 573 1869 Baptiste
590 1787 628 1851 de
645 1789 760 1869 Jamu,
778 1789 810 1851 in
827 1809 911 1852 anno
931 1786 1052 1852 domini
1069 1788 1143 1852 Μ1110
1154 1783 1278 1853 odom

145 1893 250 1960 XL¹⁰⁰
267 1895 404 1979 septimo
421 1898 577 1962 emanatio
594 1896 783 1974 habebatur,
809 1896 895 1978 quod
911 1897 944 1961 in
959 1917 1097 1980 persona
1114 1896 1277 1962 Dominioi

142 2001 200 2068 filii
225 2003 341 2069 Donch
373 2003 413 2068 de
437 2005 552 2070 Malab
578 2004 705 2069 domino
730 2011 840 2070 nostro
866 2005 935 2088 regi
961 2004 1081 2070 dictum
1111 2004 1277 2083 extitisset,

144 2111 230 2195 quod
247 2114 315 2196 ipse
332 2121 365 2180 et
381 2113 621 2195 predecessores
638 2133 748 2176 eorum
764 2112 805 2176 ab
821 2134 879 2178 avo
896 2119 928 2178 et
945 2113 1099 2196 prothavo
1111 2113 1151 2178 de
1162 2133 1277 2194 genere

143 2219 276 2302 Zagrab
293 2225 326 2284 et
341 2218 473 2302 Korpas
490 2218 633 2300 fuissent,
647 2239 743 2303 super
761 2219 876 2300 quibus
901 2220 985 2286 idem
1005 2219 1152 2285 dominus
1169 2226 1278 2286 noster

144 2351 201 2394 rex
218 2328 337 2394 eisdem
353 2328 495 2412 capitulo
512 2334 543 2392 et
562 2329 732 2394 conventui
757 2328 858 2392 firmis
884 2328 1024 2394 dedisset
1050 2329 1082 2392 in
1107 2331 1276 2412 preceptis,

142 2443 178 2500 ut
191 2437 254 2519 ipsi
270 2457 335 2500 una
351 2457 424 2501 cum
441 2435 625 2500 hominibus
642 2435 708 2500 suis
725 2436 821 2518 regiis
839 2437 871 2500 in
888 2437 1007 2502 eisdem
1024 2437 1128 2502 literis
1144 2445 1277 2502 conten·

142 2545 193 2624 tis,
212 2565 324 2610 eorum
350 2545 518 2612 mitterent
542 2546 687 2610 homines
712 2567 770 2628 pro
794 2545 986 2610 testimoniis
1011 2544 1197 2628 fidedigncs,
1221 2546 1276 2630 qui

142 2675 240 2737 super
258 2655 421 2738 premissis
438 2655 557 2719 scirent
574 2654 789 2721 omnimodam
806 2655 983 2736 veritatem,
1000 2656 1055 2739 qui
1072 2655 1200 2739 quidem
1218 2655 1276 2718 lio-

141 2763 243 2826 mines
260 2763 342 2846 regii
359 2769 392 2828 et
407 2763 593 2828 testimonia
610 2763 744 2846 capituli
761 2763 892 2827 ecclesie
905 2762 1074 2845 Agriensis
1091 2771 1123 2830 et
1139 2783 1276 2829 conven-

143 2877 193 2934 tus
219 2869 259 2934 de
284 2869 389 2936 Jazou
408 2871 633 2954 predictorum,
651 2870 692 2934 ab
709 2871 856 2936 omnibus
873 2920 879 2934 .
897 2922 903 2936 .
928 2871 1111 2956 specialiter
1128 2893 1147 2935 a
1165 2871 1275 2936 vicinis

141 2987 174 3045 et
199 2979 427 3045 commetaneis
452 2979 537 3044 dicte
563 2979 775 3061 possessionis
794 2978 910 3044 Malab
936 2997 1032 3062 super
1048 2979 1211 3064 premissis
1229 2979 1274 3042 in-

142 3085 309 3169 quirendo,
326 3087 424 3152 talem
453 3086 620 3152 scivissent
639 3087 816 3165 veritatem,
833 3086 917 3169 quod
934 3092 1109 3152 annotatus
1126 3086 1274 3152 Domini-

141 3216 198 3259 cus
216 3193 300 3259 filius
317 3195 433 3260 Donch
449 3195 488 3260 de
503 3194 619 3262 Malab
644 3219 663 3261 a
689 3195 841 3278 primevis
857 3195 1135 3278 predecessoribus
1152 3202 1184 3261 et
1200 3217 1275 3280 pro·

143 3303 344 3385 genitoribus
361 3305 428 3370 suis
444 3327 569 3388 semper
585 3304 624 3369 de
638 3305 847 3388 generacione
862 3304 994 3388 Zagrab
1004 3309 1037 3370 et
1047 3305 1179 3389 Korpas
1195 3305 1275 3370 luis-

144 3419 202 3476 set.
226 3413 267 3477 In
285 3413 386 3477 tercia
403 3433 476 3478 uero
492 3414 588 3479 litera
603 3413 840 3494 inquisicionali
867 3413 987 3478 scilicet
1003 3414 1127 3479 comitis
1143 3421 1175 3480 et
1191 3414 1275 3479 iudi-

142 3541 215 3585 cum
247 3521 402 3585 nobilium
433 3522 604 3588 comitatus
636 3518 862 3588 Gumuriensis
886 3523 919 3586 in
945 3543 1029 3587 anno
1054 3523 1175 3588 domini
1201 3525 1275 3588 Ma*

142 3626 263 3696 OOOm'
280 3627 385 3694 XL¹¹¹⁰
401 3629 537 3711 septimo
563 3629 708 3696 confecta
734 3628 935 3708 cernebatur,
960 3629 1045 3712 quod
1070 3653 1127 3713 per
1146 3629 1273 3696 Johan·

142 3755 214 3800 nem
230 3735 334 3802 filium
353 3735 483 3802 Nicolai
499 3737 538 3802 de
554 3737 654 3816 Kata,
671 3738 757 3802 dicto
783 3737 911 3803 domino
927 3744 1036 3803 nostro
1061 3738 1129 3821 regi
1153 3738 1273 3806 dictum

142 3845 311 3922 extitisset,
328 3845 413 3928 quod
429 3845 584 3912 Nicolaus
601 3846 706 3912 dictus
731 3845 876 3930 Obynige
901 3847 1074 3930 allegasset
1093 3868 1126 3912 se
1143 3869 1211 3913 esse
1235 3848 1275 3913 de

142 3954 352 4035 generacione
368 3953 499 4038 Zagrab
516 3960 549 4020 et
565 3955 707 4040 KorpaS,
723 3961 755 4020 et
775 3956 843 4038 ipse
859 3955 884 4020 J
886 3957 1029 4021 ohannes
1045 3955 1130 4020 filius
1146 3955 1275 4022 Nicolai

142 4083 205 4126 uon
222 4061 414 4128 asseruisset
426 4062 530 4145 ipsum
547 4071 579 4129 et
595 4083 669 4128 suos
684 4063 907 4147 progenitores
924 4084 992 4128 esse
1006 4069 1039 4128 et
1053 4063 1151 4128 fuisse
1168 4063 1207 4127 de
1218 4085 1274 4146 ge-

142 4171 313 4235 neracione
330 4169 460 4253 Zagrab
477 4179 509 4236 et
525 4169 674 4254 Korpas;
702 4192 798 4255 super
815 4190 878 4251 quo
903 4170 987 4235 idem
1002 4169 1150 4236 dominus
1166 4179 1275 4237 noster

141 4298 199 4342 rex
209 4277 330 4343 eisdem
345 4278 454 4344 comiti
471 4284 502 4342 et
519 4279 678 4344 iudicibus
692 4278 848 4342 nobilium
858 4279 1064 4361 precipiendo
1080 4280 1273 4358 mandasset,

141 4392 300 4469 quatenus
318 4407 416 4451 unum
434 4392 492 4452 aut
507 4387 586 4451 duos
603 4409 641 4451 ex
658 4388 736 4472 ipsis
753 4389 1020 4468 transmitterent,
1031 4389 1086 4472 qni
1103 4390 1225 4454 scirent
1241 4397 1275 4454 et

141 4493 344 4577 inquirerent
354 4493 395 4558 ab
405 4493 552 4559 omnibus
568 4494 683 4578 quibus
699 4495 835 4574 deceret,
846 4502 878 4562 et
894 4497 1078 4581 specialiter
1094 4498 1127 4562 in
1138 4518 1273 4579 congre·

142 4602 276 4685 gecione
292 4623 403 4666 eorum
418 4603 563 4685 proxime
579 4609 657 4667 tunc
672 4601 779 4669 fienda
795 4605 831 4668 in
847 4601 983 4684 Gumur,
1002 4613 1112 4672 utrum
1128 4604 1274 4688 prefatus

141 4709 299 4776 Nicolaus
315 4711 421 4776 dictus
437 4707 581 4794 Ohynige
608 4711 721 4776 fuisset
747 4714 797 4777 vel
813 4714 988 4780 exstitisset
1007 4714 1046 4779 de
1065 4715 1274 4798 generatione
