3188 5470
391 537 455 600 308
743 546 931 600 asronuonr
947 529 1163 596 onurlrrrlr.

388 716 528 799 positum
543 715 667 780 exstitit
683 763 689 776 .
707 765 713 778 .
730 714 908 796 quodlicet
932 712 1001 798 ipse
1028 712 1186 793 quasdam
1212 717 1278 775 tres
1303 707 1521 792 possessiones

387 823 522 908 Medyes
539 821 769 887 Raduanfalna
785 827 818 886 et
832 821 1056 887 Laaohalalua
1072 827 1210 897 vocatas,
1229 839 1286 902 per
1301 824 1437 883 mortem
1454 815 1520 880 De

389 931 497 995 metrii
529 929 692 1013 quondam
722 929 870 1012 magistri
886 930 1124 994 tavarnicorum
1150 927 1271 992 domini
1299 927 1383 1009 regis
1399 923 1518 990 Karoli

389 1090 395 1104 .
413 1092 419 1104 .
437 1045 469 1103 et
484 1037 666 1105 Alexandri
682 1037 793 1102 fratris
809 1039 868 1116 sui,
884 1038 1083 1121 patruelium
1099 1037 1222 1102 scilicet
1238 1055 1367 1100 suorum
1384 1035 1448 1098 iam
1465 1032 1517 1096 de

387 1149 579 1224 functorum,
595 1147 692 1210 titulo
707 1147 902 1211 successorio
918 1147 960 1212 ad
976 1147 1081 1230 ipsum
1102 1144 1277 1220 devolutas,
1294 1143 1421 1207 nominc
1447 1161 1517 1204 suc

388 1277 461 1319 rum
477 1254 596 1319 iulium
622 1255 809 1336 ignoranter
834 1253 1029 1338 possedisset
1054 1261 1085 1318 et
1108 1251 1282 1332 tenuisset;
1306 1257 1413 1314 tamen
1439 1247 1516 1329 quia

389 1365 456 1446 ipse
474 1383 512 1426 ex
528 1367 617 1427 certa
633 1363 770 1426 sciencia
786 1367 818 1426 et
833 1361 1046 1444 plurimorum
1071 1360 1291 1444 proximorum
1308 1377 1429 1424 necnon
1447 1377 1515 1421 con·

389 1471 634 1554 sangvineorum
651 1491 781 1534 suorum
808 1469 978 1548 relacione,
1004 1470 1072 1547 hoc,
1098 1475 1136 1534 ut
1161 1467 1339 1552 prescripta
1364 1473 1430 1531 tres
1447 1487 1512 1550 pos·

386 1579 542 1643 sessiones
567 1577 644 1641 olim
670 1576 748 1641 dicti
773 1576 937 1642 dohannis
962 1575 1021 1641 filii
1047 1573 1181 1659 Georgii
1213 1575 1253 1639 de
1279 1574 1395 1640 Samus
1420 1575 1513 1640 crsti-

359 1688 361 1693 ’
399 1686 509 1764 issent,
540 1685 674 1768 ipseque
704 1683 873 1748 ‹lohannes
898 1683 983 1749 lilius
1009 1683 1143 1768 Georgii
1168 1691 1200 1748 et
1232 1705 1288 1767 per
1319 1705 1511 1766 consequens

386 1792 603 1877 prenominati
619 1791 679 1856 filii
695 1793 743 1856 sui
761 1792 795 1856 in
811 1792 931 1857 eisdem
947 1792 1201 1876 possessionibus
1221 1794 1325 1858 maius
1342 1793 1401 1871 ius,
1418 1810 1509 1873 quam

385 1901 454 1984 ipse
470 1907 503 1965 et
518 1901 598 1965 dicti
614 1900 854 1984 predecessores
870 1901 919 1965 sui
932 1898 1119 1966 habuissent
1129 1899 1338 1978 ethaberent,
1354 1900 1511 1964 evidenter

337 2028 341 2037 ·
386 2009 590 2092 percepisset,
616 2007 656 2071 ob
672 2006 733 2071 hoc
750 2009 817 2092 ipse
835 2013 904 2072 tum
929 2029 967 2072 ex
992 2007 1098 2073 causis
1123 2009 1297 2092 premissis,
1324 2015 1392 2072 tum
1415 2029 1453 2072 ex
1469 2029 1510 2080 eo,

385 2117 462 2201 quia
492 2121 666 2192 memorate
692 2121 758 2179 tres
779 2116 994 2197 possessiones
1020 2138 1059 2180 ex
1085 2115 1225 2200 quadam
1250 2117 1448 2199 possessione
1464 2137 1509 2180 ra·

384 2224 478 2307 pitali
495 2222 679 2287 eorumdem
699 2222 840 2288 filiorum
856 2223 881 2288 J
882 2223 1018 2288 ohannis
1034 2221 1092 2288 filii
1110 2221 1245 2306 Georgii
1260 2222 1420 2288 Komlous
1437 2245 1508 2287 nun-

385 2337 511 2415 cupata,
526 2332 560 2396 in
577 2331 730 2397 comitatu
747 2331 786 2395 de
803 2329 904 2396 Sarus
924 2311 961 2396 ut
985 2331 1106 2396 dicitur
1131 2331 1292 2397 adiacenti
1318 2331 1422 2397 decise
1438 2331 1507 2396 luis·

386 2445 458 2504 sent
473 2444 507 2504 et
521 2438 728 2520 haberentur,
745 2446 778 2505 et
793 2441 933 2506 maxime
949 2463 1008 2525 pro
1025 2462 1070 2519 eo,
1096 2461 1136 2504 ne
1162 2461 1220 2524 per
1245 2439 1464 2506 detencionem
1479 2447 1508 2504 et

383 2547 530 2629 iniquam
555 2549 799 2632 occupacionem
826 2549 1012 2614 earumdem
1037 2556 1070 2614 et
1094 2569 1151 2613 sue
1176 2549 1283 2614 anime
1299 2555 1332 2613 et
1347 2548 1507 2612 animabus

384 2662 634 2730 memoratorum
650 2656 911 2740 predecessorum
927 2678 1060 2722 suorum
1074 2655 1288 2741 preiudicium
1304 2661 1507 2740 generaretur
1577 2713 1578 2741 ,

383 2767 416 2826 et
430 2769 542 2829 eterna
558 2764 646 2829 salus
662 2764 882 2848 derogaretur,
908 2763 963 2828 din
988 2770 1021 2829 et
1045 2769 1172 2830 mature
1198 2784 1306 2828 secum
1332 2783 1425 2846 super
1452 2763 1506 2826 hoc
1576 2847 1577 2852 ἵ

385 2867 602 2949 deliberando,
626 2877 790 2954 protectas
815 2878 881 2936 tres
897 2873 1114 2954 possessiones
1139 2865 1212 2936 ¹curn
1238 2892 1351 2936 earum
1371 2921 1376 2930 .
1393 2923 1399 2936 .
1415 2869 1504 2954 perti·
1575 2937 1576 2940 ,

384 2977 505 3042 nenciis
522 2978 737 3044 restituisset.
755 3029 761 3042 .
779 2979 812 3043 in
826 2980 875 3044 ius
892 2985 926 3043 et
940 2979 1174 3063 proprietatem
1189 2985 1416 3045 annotatorum
1431 2979 1504 3044 filio
1574 3047 1575 3079 ,

383 3105 455 3148 rum
471 3084 633 3150 dohannis
658 3084 717 3150 filii
738 3071 873 3171 Georgii
897 3087 1117 3172 proximorum
1142 3109 1273 3152 suorum
1298 3109 1337 3152 ac
1360 3085 1502 3151 heredum

382 3193 567 3259 eorumdem
583 3195 801 3276 perennaliter
816 3201 849 3260 et
864 3194 1146 3260 irretractabiliter
1171 3195 1381 3279 possidendas
1396 3244 1403 3258 .
1418 3245 1424 3256 .
1440 3193 1504 3258 nul·

383 3301 449 3364 lum
466 3301 642 3366 dominium
659 3351 665 3365 .
683 3354 689 3366 .
706 3302 845 3386 amplius
870 3324 929 3386 pro
945 3323 979 3367 se
1004 3309 1037 3366 et
1061 3287 1128 3368 suis
1154 3303 1326 3368 heredibus
1342 3303 1375 3368 in
1391 3301 1502 3366 eisdem

382 3408 583 3473 reservando.
598 3407 805 3474 Munimenta
820 3411 922 3475 eciam
939 3431 998 3475 sua
1014 3431 1071 3474 seu
1087 3409 1228 3475 litoralia
1250 3410 1458 3476 instrumenta
1474 3409 1500 3472 si
1569 3445 1571 3532 p

383 3535 448 3597 qua
464 3537 560 3598 super
576 3516 695 3581 eisdem
722 3516 855 3581 haberet
870 3523 903 3582 et
918 3516 1092 3595 habuisset,
1118 3538 1210 3582 cassa
1236 3567 1266 3582 ..
1294 3514 1502 3598 relinquendo.
1569 3551 1570 3556 κ

382 3673 413 3688 ..
439 3625 563 3691 Datum
587 3627 620 3690 in
645 3625 806 3692 dominica
832 3625 980 3710 proxima
1005 3631 1080 3690 ante
1105 3625 1223 3691 festum
1255 3625 1358 3691 sancti
1387 3621 1497 3687 Jacobi

381 3732 529 3816 apostoli,
545 3755 629 3798 anno
645 3733 764 3798 domini
781 3733 958 3798 Millesimo
974 3731 1095 3800 OOOm⁰
1112 3733 1217 3799 XL¹¹¹⁰
1234 3755 1326 3798 nono.

489 3913 642 3977 Httlapjrtn
655 3915 747 3978 pecstt
760 3915 963 3976 thredekeiv013
984 3913 1114 3977 credetije
1127 3929 1159 3964 az
1173 3929 1243 3964 orsz.
1270 3915 1302 3964 lt.
1329 3913 1418 3962 lriucst.
1431 3915 1499 3958 usar.

382 4001 414 4052 N.
429 4003 462 4050 R.
475 4002 508 4051 A.
526 4007 601 4052 1537.
618 4009 659 4054 29.
672 4004 739 4066 dipl.
753 4009 820 4054 oszt.
835 4008 914 4054 4062.
935 4003 1034 4052 Kczli:
1056 4004 1164 4054 Koraos
1177 4005 1210 4054 N.
