3192 5466
345 399 409 458 248
702 411 887 456 aurouuour
905 395 1118 456 ouulnrrin.

343 573 434 638 nobis
450 573 593 638 exhibito
610 572 771 637 mediante
787 573 948 654 collatam,
965 579 998 636 et
1008 571 1138 638 tandem
1154 572 1322 656 privilegio
1336 573 1478 637 eiusdem

343 684 446 767 patris
463 683 565 747 nostri
582 681 641 747 sub
657 680 810 746 mediocri
827 679 934 763 sigillo
950 702 1008 746 suo
1022 680 1173 758 confecto,
1190 681 1277 763 quod
1286 681 1320 744 in
1331 683 1478 764 partibus

345 791 571 874 Transalpinis
589 811 665 856 casn
682 789 807 854 exstitit
832 789 995 866 amissum,
1015 789 1165 854 similiter
1182 789 1271 854 nobis
1287 794 1474 874 presentato

344 898 566 964 confirmatam
582 898 650 962 fore
661 898 893 982 conspeximus,
909 897 981 963 ideo
992 919 1076 962 nunc
1086 898 1251 964 recensitis
1267 895 1478 962 fidelitatibus

345 1013 378 1071 et
394 1007 600 1071 serviciorum
616 1005 711 1072 laude
728 1005 834 1090 dignis
859 1005 984 1070 meritis
1000 1005 1148 1072 Barrabe
1165 1005 1333 1072 Michaelis
1350 1011 1383 1067 et
1399 1003 1475 1068 Elie

345 1115 486 1180 filiorum
502 1113 640 1198 predicti
655 1113 784 1180 Nicolai
810 1113 869 1178 filii
884 1111 1016 1179 Alberti
1042 1114 1081 1178 de
1107 1111 1212 1198 Sulry,
1237 1110 1352 1198 quibus
1377 1112 1477 1176 iidem

345 1229 455 1288 nostre
475 1217 641 1288 serenitati
667 1221 885 1306 multiplicata
910 1221 1067 1288 fidelitate
1091 1223 1125 1286 in
1152 1221 1284 1286 diversis
1309 1220 1482 1284 nostriset

346 1333 437 1416 regni
461 1333 562 1398 nostri
590 1333 730 1416 negociis
754 1339 822 1398 tam
847 1333 1009 1416 prosperis
1036 1352 1134 1414 quam
1151 1330 1300 1412 aduersis,
1317 1329 1425 1393 dubiis
1442 1349 1480 1393 se

346 1441 474 1508 fortune
491 1441 618 1508 casibus
634 1441 868 1520 submittentes,
895 1441 1078 1526 specialiter
1103 1441 1137 1506 in
1159 1438 1300 1520 quodam
1326 1437 1480 1504 conflictu

349 1559 462 1622 contra
478 1571 586 1614 sevam
612 1555 740 1633 gentem
765 1555 964 1615 tartarorum
990 1548 1127 1614 confinia
1152 1549 1242 1630 regni
1258 1547 1363 1612 nostri
1379 1547 1482 1611 tiran-

347 1657 418 1722 nice
434 1657 585 1722 invadere
605 1657 839 1723 attentancium
854 1657 974 1734 habite,
1001 1656 1057 1721 ubi
1081 1655 1212 1738 quidam
1240 1655 1343 1719 frater
1368 1674 1482 1718 eorum

346 1765 494 1830 uterinus
510 1765 618 1830 David
635 1766 762 1830 nomine
779 1787 837 1848 pro
853 1764 1009 1831 fidelitate
1028 1785 1119 1829 sacre
1135 1765 1223 1846 regie
1238 1785 1356 1829 corone
1372 1761 1481 1828 obser-

346 1873 452 1938 vanda
477 1873 613 1938 viriliter
629 1873 811 1939 dimicando
837 1874 965 1938 exstitit
987 1875 1186 1951 interemtus,
1211 1871 1383 1955 dictusque
1398 1871 1483 1935 Bar-

349 1980 445 2046 rabas
470 1981 612 2064 quinque
637 1980 822 2046 vulneribus
847 1981 997 2048 letalibus
1023 1981 1196 2057 sauciatus,
1227 1987 1264 2045 ut
1288 1981 1349 2046 hec
1373 1980 1483 2044 omnia

347 2087 434 2152 fideli
460 2089 620 2155 relacione
646 2089 832 2168 didicimus,
860 2095 1047 2154 meruerunt
1072 2088 1273 2172 complacere
1300 2137 1331 2151 ..
1359 2087 1482 2150 dictam

347 2201 469 2259 terram
486 2215 542 2259 seu
558 2198 791 2278 possessionem
817 2195 1025 2262 Palustelelre
1050 2201 1205 2273 vocatam,
1230 2195 1383 2260 similiter
1409 2217 1482 2260 oum

347 2301 474 2386 prefata
499 2301 579 2368 silva
603 2303 729 2370 Vmbuz
755 2304 921 2368 nominata
947 2303 980 2368 in
1004 2303 1151 2386 predicto
1176 2305 1330 2368 comitatu
1359 2301 1400 2365 de
1417 2301 1483 2367 Do-

348 2409 664 2488 anteexistentem,
697 2411 787 2476 iuxta
812 2410 1018 2476 collusionem
1044 2419 1076 2474 et
1100 2409 1380 2475 confirmacionem
1413 2431 1483 2492 pre·

353 2521 510 2584 nominati
526 2522 629 2604 patris
646 2523 756 2598 nostri,
783 2521 902 2586 eisdem
929 2527 961 2585 et
985 2542 1096 2586 eorum
1121 2519 1316 2586 heredibus.
1334 2570 1340 2582 .
1358 2521 1393 2583 in
1410 2541 1482 2604 per-

348 2633 480 2710 petuum
504 2627 686 2710 possidere,
710 2629 861 2712 dietaque
886 2629 1055 2712 privilegia
1080 2628 1217 2712 preteeti
1243 2627 1348 2711 patris
1376 2628 1481 2692 nostri

348 2733 555 2800 donacionem
581 2742 613 2800 et
637 2737 914 2803 confirmacionem
949 2743 1093 2822 protecte
1128 2737 1339 2822 possessionis
1366 2737 1482 2803 Palus·

349 2843 453 2907 teleke
469 2850 501 2908 et
517 2845 595 2909 silve
611 2845 819 2929 explicancia,
842 2853 939 2930 prout
963 2845 1075 2911 eadem
1101 2847 1163 2911 rite
1189 2853 1223 2911 et
1247 2847 1392 2930 legitime
1419 2849 1482 2910 exi-

349 2957 471 3016 sterent
495 2959 655 3030 emanata,
686 2954 719 3017 in
745 2956 811 3018 suis
836 2953 997 3018 valoribus
1032 2954 1170 3019 existere
1196 2955 1426 3038 permittimus,
1450 2961 1481 3018 et

349 3059 451 3142 ipsam
475 3058 685 3126 donacionem
710 3068 743 3126 et
767 3060 1042 3127 confirmacionem
1070 3061 1221 3145 prelibati
1247 3063 1351 3146 patris
1379 3064 1481 3128 nostri

350 3167 521 3232 annuimus
546 3174 579 3232 et
603 3169 828 3234 confirmamus
853 3171 885 3234 in
911 3170 961 3235 his
987 3170 1124 3253 scriptia,
1153 3169 1275 3254 absque
1301 3170 1481 3254 preiudioin

350 3273 429 3339 iuris
445 3273 557 3357 alieni,
573 3275 629 3354 ita,
640 3283 689 3366 ,ut
705 3279 766 3361 ipsi
776 3277 941 3343 Barrabas
958 3277 1101 3342 Michael
1118 3285 1150 3343 et
1165 3278 1258 3344 Elias
1275 3278 1335 3343 filii
1351 3277 1481 3344 Nicolai

351 3380 389 3446 de
407 3381 501 3465 kay
516 3404 589 3448 eum
606 3383 761 3450 fratribus
781 3406 890 3450 eornm
906 3385 1108 3469 patruelibus
1127 3387 1281 3468 proximis
1298 3393 1331 3451 et
1347 3407 1481 3470 genera·

351 3489 505 3568 sionibus,
532 3493 716 3575 specialiter
741 3493 893 3558 Johanne
909 3493 1071 3559 Michaele
1096 3493 1262 3577 Stephano
1288 3495 1390 3560 Petro
1405 3493 1481 3558 filiis

351 3589 699 3678 Dominici,Leonardo
712 3601 866 3668 Ladislao
879 3609 911 3666 et
922 3600 1053 3668 Sandnr
1062 3601 1137 3666 filiis
1149 3599 1306 3687 Stephani
1317 3603 1358 3666 de
1369 3602 1481 3668 eadem

352 3705 447 3790 Suky
463 3729 501 3772 ac
517 3729 627 3773 eornm
636 3708 720 3788 filiis,
737 3709 842 3790 quoad
863 3709 994 3776 titulum
1011 3711 1214 3794 cognationis
1231 3731 1292 3775 non
1310 3717 1483 3776 teneantur

351 3815 517 3898 impertire
533 3816 582 3880 vel
598 3816 740 3882 dividere
756 3819 988 3900 possessionem
1004 3817 1211 3884 Palusteleke
1227 3825 1259 3884 et
1275 3817 1391 3884 silvam
1405 3819 1482 3884 Um·

352 3921 413 3986 buz
429 3929 642 4005 prenotatam,
659 3946 716 3989 nec
732 3927 902 4008 qnisquam
918 3927 1058 3990 iudicum
1073 3927 1374 3992 etiusticiariorum
1391 3927 1481 4010 regni

352 4030 453 4094 nostri
469 4051 556 4096 nunc
566 4037 598 4096 et
608 4053 666 4114 pro
682 4038 827 4115 tempore
843 4034 1100 4112 constitutorum,
1116 4034 1242 4098 eosdem
1258 4033 1341 4098 lilios
1352 4031 1481 4100 Nicolui

353 4159 391 4202 ao
401 4138 544 4222 ipsorum
561 4138 693 4204 heredes
704 4147 737 4204 et
746 4141 951 4223 posteritates
962 4140 1003 4205 ad
1014 4141 1219 4206 dividendum
1229 4140 1348 4206 dictam
1359 4163 1482 4225 posses·

352 4248 474 4312 sionem
487 4247 694 4313 Palustelelre
705 4255 738 4313 et
753 4249 864 4314 silvam
878 4249 1006 4316 Vmbuz
1019 4249 1225 4329 antedictam,
1239 4271 1313 4315 eum
1323 4251 1480 4334 predictis

353 4353 534 4420 hominibus
553 4355 772 4437 generationis
791 4378 908 4435 eorum,
935 4357 1062 4421 racione
1079 4357 1292 4440 cognacionis,
1309 4357 1480 4424 iudiciarie

353 4463 405 4527 vel
414 4465 594 4548 alioquovis
605 4466 699 4531 modo
708 4467 826 4532 audeat
836 4475 1008 4532 coarctare.
1016 4467 1247 4547 DatumBude,
1259 4469 1291 4533 in
1302 4469 1386 4534 sesto
1397 4468 1481 4534 beati

354 4573 474 4638 Briccii
491 4575 689 4649 confessoris,
711 4596 797 4639 anno
813 4575 933 4641 domini
953 4577 1131 4642 Millesimo
1150 4575 1482 4644 commonuero.
