3226 5462
550 489 643 552 1347.
659 492 731 551 utu.
749 491 801 551 20.
1198 497 1238 557 75

114 668 184 732 lium
200 689 257 750 per
273 667 359 750 ipsos
374 672 603 750 procuratores
620 667 762 733 eiusdem
787 669 921 752 capituli
937 691 975 736 ac
992 671 1128 737 duorum
1146 691 1239 738 cauo-

114 775 247 838 uicorum
264 773 484 858 predictorum
508 779 709 841 ostensarum
734 777 831 841 iidem
846 777 910 842 duo
926 780 1070 844 canonici
1087 780 1239 864 vigesimo

115 887 222 965 quarto
247 904 282 946 se
307 883 440 948 inclusis
465 905 538 948 cum
564 905 627 949 uno
653 905 691 949 ex
725 887 953 951 commetaneis
984 889 1165 971 propinquo
1191 890 1239 954 vel

115 989 273 1058 remociori
290 989 406 1072 quibus
426 995 565 1074 possent,
582 997 615 1056 et
631 991 704 1057 aliis
720 992 882 1058 nobilibus
908 997 1237 1080 comprovincialibus,

116 1097 252 1163 similiter
276 1098 368 1162 iuxta
393 1099 484 1181 regui
510 1098 779 1178 consvetudinem‚
800 1106 897 1183 prout
927 1104 1025 1167 moris
1052 1110 1100 1168 cst
1128 1087 1238 1170 iurare

117 1211 348 1290 superterram,
365 1212 603 1272 sacramentum
618 1213 765 1292 prestare
783 1214 970 1276 tenerentur
985 1233 1081 1296 super
1091 1234 1137 1297 eo,
1154 1215 1239 1296 quod

119 1315 181 1396 ipsa
195 1313 264 1378 loca
289 1334 348 1396 per
372 1313 461 1378 dicta
484 1315 578 1398 signa
601 1314 734 1380 crotalia
759 1316 948 1400 consignata
963 1323 996 1382 et
1011 1339 1069 1402 per
1085 1320 1171 1403 ipsos
1187 1320 1239 1384 de·

118 1426 296 1500 monstrata,
313 1441 389 1486 vera
398 1421 469 1486 loca
480 1427 512 1486 et
522 1423 615 1506 signa
624 1422 758 1488 metalia
768 1423 985 1506 predictarum
1001 1427 1238 1510 possessionum

118 1528 248 1593 ciusdem
264 1527 434 1612 capitulio
450 1530 604 1613 predictis
623 1532 878 1614 possessionibus
894 1533 1079 1598 earumdem
1096 1535 1238 1601 domina·

117 1659 180 1700 rum
203 1635 414 1718 distingentes
438 1638 623 1704 exstiterint
641 1645 675 1703 et
691 1639 811 1706 luerint
835 1641 876 1706 ab
901 1643 1043 1724 antique,
1075 1644 1102 1709 si
1128 1651 1237 1728 partes

116 1745 211 1810 medio
226 1749 369 1828 tempore
381 1767 442 1810 non
453 1753 584 1830 possent
599 1748 806 1831 concordare3
822 1750 934 1814 sivero
944 1757 1054 1834 partes
1064 1753 1238 1819 concordes

118 1853 183 1918 lieri
197 1851 383 1937 potuissent,
401 1860 517 1921 extunc
526 1857 618 1921 iuxta
628 1857 820 1940 qualitatem
839 1879 934 1924 cause
953 1879 1062 1924 eorum
1073 1860 1239 1928 deiudicio

117 1963 198 2046 pacis
213 1984 268 2027 nos
284 1961 416 2046 placare
432 1971 638 2047 tenerentur3
655 1972 772 2051 etpost
788 1967 847 2032 hec
862 1968 978 2033 seriem
988 1963 1141 2050 premissi
1153 1971 1237 2034 iura-

117 2072 207 2135 menti
239 2093 312 2136 cum
329 2073 432 2138 tocius
457 2073 535 2138 lacti
550 2073 633 2138 serie
648 2073 691 2138 ad
706 2079 837 2139 octavas
852 2073 926 2140 sesti
944 2072 1077 2158 Georgii
1094 2078 1238 2142 martiris

116 2203 133 2244 a
149 2186 220 2244 tunc
235 2187 388 2246 venturas
398 2183 431 2246 in
441 2181 546 2247 literis
556 2181 635 2247 dicti
646 2183 780 2267 capituli
790 2180 944 2248 Albensis
961 2182 1053 2249 nobis
1069 2191 1238 2269 reportare

115 2295 301 2354 tenerentur.
327 2289 473 2354 Tandem
489 2291 567 2374 ipsis
584 2290 705 2356 octavis
731 2290 804 2354 festi
829 2289 915 2355 beati
933 2290 1066 2375 Georgii
1093 2293 1238 2356 martiris

117 2396 362 2476 advenientibus,
395 2404 572 2463 memorato
599 2399 701 2464 fratre
726 2397 881 2463 Ladislao
912 2417 971 2484 pro
1003 2399 1172 2483 prelibatis
1198 2452 1204 2464 .
1232 2448 1238 2463 .

118 2505 403 2570 sanctimonialibus
429 2506 467 2570 de
484 2507 598 2571 Insula
613 2506 776 2590 Leporum
794 2556 800 2570 .
819 2556 825 2570 .
842 2506 883 2571 ab
911 2527 984 2588 una,
1009 2507 1086 2571 item
1112 2507 1239 2590 prefato

115 2614 272 2697 Stephano
297 2613 428 2678 literato
445 2635 504 2696 pro
520 2614 664 2696 predicto
689 2614 832 2698 capitulo
857 2611 1190 2698 Quinqueecclesiensi
1209 2665 1238 2678 ..

115 2729 200 2806 parta
216 2721 256 2786 ab
274 2721 379 2786 altera
395 2742 503 2786 coram
529 2721 620 2787 nobis
646 2723 837 2800 constitutis,
863 2723 926 2788 duo
952 2723 1045 2806 paria
1069 2721 1239 2786 literarum

114 2829 256 2914 prelibati
273 2827 407 2912 capituli
423 2827 577 2895 Albensis
593 2829 798 2894 uniformiter
814 2829 1017 2913 loquencium
1034 2829 1125 2894 nobis
1142 2851 1239 2913 super

114 2938 270 3021 premissis
288 2937 583 3021 rescripcionalium
599 2938 869 3016 demonstrarunt,
895 2959 1033 3021 quarum
1049 2944 1142 3002 tenor
1160 2938 1235 3002 talis

118 3053 162 3112 est
177 3096 205 3110 ..
230 3044 368 3110 Nicolao
385 3094 415 3108 ..
440 3044 585 3128 palatino
612 3051 645 3110 et
670 3046 768 3111 iudici
794 3067 1000 3112 comanorum
1026 3095 1057 3110 ..
1083 3043 1237 3113 Albensis

116 3154 249 3218 ecclesie·
276 3153 455 3237 capitulum
479 3202 509 3217 ..
536 3153 661 3218 noverit
686 3203 716 3218 ..
742 3153 985 3238 magnificencia
1010 3159 1129 3236 vestra,
1153 3155 1238 3237 quod

115 3283 182 3327 cum
193 3261 283 3325 iuxta
293 3259 535 3340 continenciam,
545 3267 578 3325 et
588 3259 724 3326 formam
740 3262 911 3327 literarum
928 3267 1107 3327 vestrarum
1125 3264 1238 3327 maiori

114 3369 212 3452 sigillo
221 3373 330 3434 vestro
341 3371 604 3452 consignatarum
620 3370 869 3436 adiudicativam
886 3371 1083 3436 sentenciam
1099 3377 1238 3436 vestram

113 3477 366 3563 exprimencium,
396 3479 483 3544 inter
508 3530 538 3542 ..
563 3479 822 3545 sanctimoniales
853 3479 987 3546 claustri
1012 3479 1105 3545 beate
1130 3479 1238 3544 Marie

113 3588 238 3670 virginis
266 3586 305 3652 de
330 3586 445 3653 Insula
461 3586 624 3670 Leporum
650 3587 692 3652 ab
709 3610 781 3667 una,
807 3594 840 3652 et
856 3638 862 3652 .
880 3640 886 3652 .
903 3587 1082 3672 capitulum
1109 3587 1239 3652 ecclesie

112 3694 460 3779 Quinqueecclesiensis
485 3702 577 3778 parte
603 3695 644 3760 ab
668 3694 771 3760 altera
796 3695 1060 3762 confectarum..
1078 3719 1151 3761 cum
1176 3695 1240 3761 La·

112 3805 209 3869 dislac
224 3803 290 3868 filio
306 3805 416 3868 Pousa
433 3803 533 3868 nobili
548 3804 587 3868 de
603 3803 710 3869 Beren
726 3805 855 3870 homine
880 3803 1119 3886 magnificencie
1135 3811 1240 3869 vestre

113 3936 166 3996 pro
182 3919 278 3998 parte
293 3911 514 3996 predictarum
539 3911 839 3990 sanctimonialium,
864 3916 898 3976 et
922 3910 1058 3976 Nicolao
1084 3912 1184 3977 nobili
1200 3912 1239 3977 de

112 4022 245 4106 Bogdan
262 4021 326 4087 alio
343 4023 472 4087 homine
503 4020 743 4106 magnificencie
772 4028 876 4086 vestre
901 4042 960 4105 pro
985 4027 1078 4104 parte
1103 4021 1239 4105 predicti

114 4179 120 4192 .
135 4180 141 4193 .
157 4130 302 4216 capituli,
317 4130 463 4196 homines
480 4136 606 4196 nostros
623 4151 678 4196 seu
693 4129 880 4196 testimonia
904 4129 1016 4194 nostra
1041 4127 1123 4194 feria
1148 4135 1240 4194 sexta

112 4241 254 4322 proxima
269 4243 344 4324 post
359 4245 489 4304 octavas
498 4237 571 4304 sesti
581 4238 705 4304 Pasche
716 4237 837 4304 domini
847 4238 991 4321 proxime
1007 4236 1181 4320 preteritas
1197 4236 1238 4301 ad

112 4349 219 4413 faciem
235 4355 323 4414 terre
340 4347 480 4430 litigiose
499 4347 718 4432 predictarum
743 4347 889 4430 parcium
915 4347 999 4410 inter
1023 4345 1239 4428 possessiones

112 4456 245 4522 Harazti
276 4463 310 4522 et
341 4457 479 4526 Vermes
515 4453 597 4542 (lgy)
638 4456 857 4540 predictarum
898 4453 1177 4520 sanctimonalium
1207 4460 1249 4518 et·

113 4564 312 4650 Kewherych
329 4571 363 4630 et
379 4565 492 4630 Lusuk
508 4563 640 4648 capituli
657 4565 803 4628 annotati
822 4563 933 4628 habite
950 4561 1174 4638 desistentis,
1198 4561 1240 4625 ad

112 4671 377 4738 reambulandum
394 4672 528 4736 eandem
545 4677 664 4736 terram
681 4672 857 4755 litigiosam
882 4671 973 4736 iuxta
998 4676 1142 4735 tenorem
1168 4669 1239 4735 lite-
