3138 5462
525 467 619 530 1347.
635 470 708 530 uls.
726 468 777 530 29.
1167 470 1208 531 85

88 643 288 725 presentibus,
304 646 461 710 universis
477 646 587 711 vicinis
603 651 637 711 ct
662 627 888 712 commetaneis
904 647 1123 731 predictarum
1139 668 1209 731 pos·

89 751 250 816 sessionum
267 804 274 816 .
292 801 298 816 .
315 755 504 837 convocatis,
521 755 624 837 primo
641 755 831 820 accederent
846 755 888 820 ad
903 754 1017 820 faeiem
1034 775 1209 836 prememo-
1290 761 1293 767 '

90 867 151 926 rate
165 862 375 944 possessionis
390 861 583 928 Warfeulde
594 870 627 928 et
637 862 771 929 eandem
786 865 877 928 iuxta
882 863 1075 954 premissam
1091 861 1209 946 prima-

89 970 159 1034 riam
169 969 459 1036 reambulacionem
470 977 503 1035 et
511 972 613 1036 eciam
623 971 834 1038 ostensionem
845 971 1007 1036 Johannis
1017 969 1209 1036 filiiNicolai

89 1076 329 1157 reambularent3
344 1077 459 1143 deinde
470 1079 659 1144 accederent
669 1079 710 1144 ad
721 1079 835 1144 faciem
849 1079 990 1144 eiusdem
1001 1078 1208 1160 possessionis

90 1183 203 1250 Nicolai
218 1185 296 1251 dicti
312 1186 442 1270 Oynege
458 1186 558 1252 Kezw
574 1191 759 1269 nuncupate
775 1192 808 1252 et
833 1186 968 1252 eandem
984 1208 1042 1271 per
1059 1192 1160 1252 metes
1177 1191 1209 1250 et

91 1315 189 1358 cursus
212 1301 373 1359 metarum
398 1295 431 1358 in
456 1293 550 1360 dietis
574 1295 678 1359 literis
694 1294 949 1378 privilegialibus
968 1295 1069 1378 ipsius
1089 1294 1209 1360 domini

90 1399 208 1466 Andrec
220 1403 305 1485 regis
321 1408 555 1480 contentarum,
571 1401 656 1484 quod
666 1401 796 1486 quidem
805 1401 1007 1486 privilegium
1017 1402 1102 1468 idem
1112 1400 1208 1466 Nico-

89 1511 151 1576 laus
166 1509 267 1575 dictus
284 1509 413 1594 Oynege
429 1511 460 1574 in
478 1509 583 1593 specie
601 1509 634 1573 in
653 1509 734 1575 facie
751 1509 892 1574 eiusdem
902 1509 1033 1574 deberet
1048 1509 1208 1590 exhibere,

88 1619 219 1684 similiter
238 1618 487 1696 reambularent‚
506 1625 539 1683 et
550 1619 575 1682 si
600 1625 710 1702 partes
741 1618 1052 1684 reambulacionibus
1069 1671 1075 1684 .
1092 1669 1099 1683 .
1114 1619 1208 1684 factis

87 1726 244 1790 concordes
269 1725 413 1803 fuissent
430 1731 548 1790 extunc
563 1725 694 1791 cuilibet
709 1726 795 1809 parti
812 1749 905 1791 suum
921 1727 971 1791 ius
989 1727 1208 1810 relinquerent

85 1839 229 1918 perpetuo
244 1833 483 1916 possidendum,
499 1835 525 1899 si
535 1856 610 1899 vero
620 1840 729 1918 partes
748 1834 911 1900 discordes
927 1834 1071 1912 fuissent,
1088 1840 1205 1900 extunc

83 1943 165 2006 illam
174 1942 368 2025 particulam
378 1947 464 2008 terre
473 1943 507 2008 in
517 1964 581 2026 qua
592 1944 826 2008 contradictum
835 1943 1019 2025 exstitisset,
1030 1943 1129 2026 signis
1139 1963 1203 2008 me-

88 2057 186 2116 tarum
196 2050 413 2133 consignando
428 2051 596 2135 regalique
610 2072 761 2116 mensura
780 2051 996 2116 mensurando
1008 2052 1100 2116 iuxta
1109 2052 1200 2134 regni

87 2160 337 2225 consuetudinem
348 2161 415 2225 risa
434 2161 501 2224 eius
521 2160 679 2243 qualitate
699 2160 882 2242 quantitate
902 2159 1205 2224 utilitateetvalore

85 2267 129 2330 rel
145 2267 208 2331 uisu
225 2268 458 2334 considerando
475 2269 672 2350 estimarent,
697 2268 864 2350 ipsamque
882 2273 1005 2333 terram
1030 2268 1206 2334 contencio-

85 2395 148 2440 sam
161 2376 242 2441 inter
259 2377 352 2443 cuius
367 2379 470 2462 partis
486 2378 696 2462 possessionis
712 2383 871 2443 metarum
892 2376 1038 2442 cursibus
1054 2377 1207 2441 existeres

87 2483 197 2548 situata
212 2485 442 2568 conspicerent
462 2491 495 2550 et
504 2483 712 2550 nihilominus
721 2485 806 2550 idem
816 2485 840 2549 J
842 2505 962 2549 oannes
972 2484 1057 2549 filius
1067 2482 1206 2561 Nicolai,

87 2589 277 2674 Stephanum
293 2592 395 2658 filium
413 2591 570 2675 Stephani
580 2593 637 2656 filii
649 2593 765 2670 Tetus,
782 2591 951 2658 Matheum
968 2597 1000 2657 et
1015 2591 1205 2658 Ladislauns

87 2697 163 2763 filios
178 2698 335 2783 Stephani
360 2702 532 2783 prenotati,
548 2701 625 2766 item
649 2700 839 2766 Ladislaum
865 2706 897 2764 et
921 2699 1098 2783 Herchegh
1123 2699 1205 2764 filios

84 2807 217 2872 [orandi
233 2807 293 2873 filii
309 2807 467 2893 Stephani
484 2809 541 2873 filii
567 2809 675 2876 Tekus
691 2809 732 2874 ad
749 2815 932 2893 presentem
957 2809 1142 2891 vigesimum
1159 2829 1205 2873 se·
1296 2845 1305 2864 -

83 2915 212 2980 cundum
237 2915 322 2980 diem
349 2917 422 2982 festi
447 2916 532 2982 beati
552 2915 685 3000 Georgii
701 2917 852 2994 martiris,
868 2915 1041 2981 terminum
1057 2915 1205 2981 videlicet

83 3025 303 3105 reportacionis
345 3025 438 3090 seriei
469 3025 716 3108 premissorum,
746 3025 779 3088 in
811 3023 1016 3107 expedicione
1051 3024 1205 3107 premisse

82 3132 280 3212 possessionis
296 3131 489 3197 Warseulde
504 3137 618 3198 vocate
643 3132 685 3198 ad
711 3132 938 3216 peremtoriam
965 3133 1205 3216 responsionem

81 3237 252 3304 faciendam
261 3261 321 3324 per
330 3239 466 3305 formam
477 3239 642 3306 citacionis
652 3241 793 3324 legitime
804 3239 998 3305 coarctando
1008 3240 1049 3304 ed
1060 3245 1204 3304 nostram
1245 3325 1250 3335 ι

81 3349 272 3429 presenciam
299 3353 414 3413 contra
439 3369 472 3413 se
498 3347 658 3414 adducere
683 3354 865 3429 teneretur3
889 3355 921 3414 et
946 3349 1022 3432 quia
1038 3349 1080 3412 ad
1096 3348 1204 3412 omnia

81 3457 232 3537 premisse
257 3463 290 3521 et
315 3441 451 3539 singula
468 3457 698 3540 premissorum
723 3455 910 3540 exequenda
934 3455 1078 3521 homines
1102 3456 1205 3521 nostri

80 3569 168 3626 erant
183 3563 364 3629 necessario
389 3563 638 3642 transmittendi,
664 3563 735 3628 ideo
752 3563 896 3648 predicto
913 3563 1053 3647 capitulo
1070 3563 1203 3628 ecclesie

79 3669 256 3737 Waciensis
282 3673 514 3756 scripseramus
531 3725 537 3737 .
555 3721 561 3736 .
577 3678 615 3737 ut
630 3672 735 3757 ipsum
762 3672 939 3755 capitulum
964 3692 1074 3737 eorum
1099 3673 1204 3738 mitte-

79 3786 146 3844 rent
161 3779 305 3845 homines
329 3801 389 3863 pro
413 3780 602 3845 testimoniis
619 3779 805 3862 fidedignos
820 3779 853 3843 in
875 3799 1013 3863 quorum
1038 3780 1205 3862 presencia

77 3885 227 3952 Nicolaus
243 3887 329 3953 filius
345 3887 472 3954 Nicolai
488 3888 526 3952 de
543 3887 666 3952 Hanua
684 3887 734 3951 vel
751 3886 924 3952 Ladislaus
940 3885 1026 3952 filius
1041 3886 1204 3953 dohannis

77 3994 112 4059 de
128 3995 247 4062 Scarus
272 4003 329 4061 aut
345 3995 486 4062 Thomas
502 3995 587 4061 filius
603 3995 777 4062 Laurencii
793 3995 832 4060 de
846 3993 1013 4080 Myssalyn
1035 4017 1094 4079 pro
1110 4001 1204 4079 parte

80 4103 237 4184 prenotati
263 4103 288 4168 J
291 4103 425 4168 ohannis
452 4101 508 4166 filii
533 4103 672 4183 Nicolai,
696 4104 774 4169 item
800 4102 922 4168 Paulus
945 4101 1031 4168 filius
1058 4100 1147 4168 Galli
1164 4103 1203 4168 de

81 4206 204 4288 Cholta,
230 4217 288 4276 aut
302 4209 460 4276 Nicolaus
476 4211 562 4276 filius
585 4211 719 4278 Baruch
744 4211 783 4276 de
808 4211 943 4276 Mellete
968 4210 1032 4274 sive
1056 4209 1133 4294 ipsis
1149 4210 1204 4276 ab·

76 4317 215 4384 sentibus
230 4318 321 4385 Beke
337 4319 422 4384 filius
448 4318 576 4385 Nicolai
593 4319 760 4386 decadem
784 4341 843 4404 pro
869 4324 962 4404 parte
987 4318 1130 4384 iamdicti
1145 4318 1202 4384 Ni·

77 4425 153 4491 colai
177 4427 258 4492 dicti
283 4424 412 4511 Cynege
438 4426 582 4492 homines
613 4429 715 4492 nostri
747 4429 780 4491 in
812 4427 981 4510 quindenis
1012 4427 1085 4492 festi
1115 4427 1202 4494 beati

76 4528 204 4617 Georgii
219 4534 363 4599 martiris
388 4535 551 4618 prenotati
576 4533 683 4600 omnia
707 4536 863 4618 premissa
879 4543 912 4601 et
927 4536 1056 4619 singula
1071 4537 1202 4620 premis-

76 4663 177 4709 sorum
188 4643 321 4710 tramite
340 4641 419 4710 iuris
430 4643 598 4712 observato
617 4644 1202 4730 exequerentur,etposthecomnium
