3180 5466
507 527 611 627 'latr
627 583 695 628 ,ron
713 567 741 628 2.
1021 631 1024 639 ,
1140 555 1203 626 497

78 747 254 833 specialem,
270 745 313 810 ad
328 748 485 830 premissa
510 745 705 828 requirenda
729 753 762 811 et
787 746 944 811 veraciter
960 745 1128 810 recolenda
1144 745 1202 810 du-

78 859 179 921 ximus
196 855 433 934 destinandnm,
443 855 679 919 committentes
690 853 803 932 eidem,
813 859 850 918 ut
861 855 888 918 si
903 853 1064 938 predictas
1081 856 1207 919 vineam

78 972 109 1029 et
123 964 343 1028 molendinum
359 963 400 1028 ad
425 965 512 1051 ipsas
537 962 706 1044 religiosas
731 961 868 1027 feminas
892 964 1054 1047 pertinere
1079 955 1208 1026 iure'et

79 1073 220 1155 legitime
237 1072 403 1148 invenerit,
420 1077 538 1135 extunc
549 1069 668 1134 eisdem
684 1075 809 1134 statuat
818 1075 852 1134 et
866 1071 1017 1136 restituat
1033 1070 1127 1153 pleno
1137 1071 1207 1134 iure

79 1179 294 1264 possidendas,
310 1178 567 1243 contradictione
593 1175 709 1262 prefati
734 1177 760 1242 J
761 1177 854 1243 acobi
879 1178 1054 1246 sacerdotis
1075 1199 1138 1243 non
1155 1178 1208 1243 ob-

79 1293 201 1366 stante3
217 1287 274 1368 qui
302 1285 433 1350 tandem
450 1284 635 1369 Stephanus
652 1285 808 1370 plebanus
825 1285 919 1350 homo
936 1293 1046 1350 noster
1063 1335 1069 1349 .
1086 1337 1092 1350 .
1117 1285 1208 1350 nobis

79 1397 236 1463 retulit..
261 1395 431 1481 quodipse
448 1395 628 1481 predictam
654 1396 778 1461 vineam
804 1401 836 1460 et
860 1396 1078 1462 molendinum
1097 1415 1210 1481 preno-

79 1513 181 1570 tatum
198 1527 238 1570 ex
255 1503 483 1594 testificacione
501 1505 712 1590 plurimorum
728 1505 939 1584 sacerdotum,
964 1506 1154 1570 clericorum
1177 1509 1210 1568 et

81 1616 179 1678 eciam
196 1613 362 1694 laicorum,
379 1613 559 1678 rescivisset
575 1612 619 1678 ad
634 1612 796 1695 predictas
812 1613 978 1696 religiosas
989 1612 1134 1678 dominas
1145 1635 1210 1678 om-

81 1721 226 1804 nipharie
243 1723 338 1786 titulo
367 1723 611 1788 testamentario
637 1723 806 1805 pertinere,
827 1729 859 1786 et
874 1703 976 1808 ipsam
994 1743 1032 1788 ac
1056 1721 1209 1786 molendi-

81 1852 155 1894 num
173 1829 373 1912 sepedictum
389 1831 483 1894 modo
501 1850 563 1911 quo
580 1851 678 1914 supra
694 1829 813 1894 eisdem
839 1830 1029 1894 dominabus
1046 1831 1213 1916 statuisset

80 1945 233 2022 perpetuo
250 1937 477 2024 possidendum
494 1991 500 2003 .
518 1990 524 2004 .
549 1939 638 2004 nullo
649 1940 777 2024 penitus
793 1937 1028 2004 contradictore
1044 1939 1209 2003 existente.

81 2049 203 2112 Datum
220 2049 322 2130 Bude,
339 2049 420 2114 foria
436 2052 549 2132 quinta
565 2051 712 2135 proxima
737 2057 811 2114 ante
838 2049 955 2115 festum
971 2049 1212 2125 Pentheoostes,

81 2177 163 2220 rinno
180 2157 302 2222 domini
319 2157 371 2222 Μ0
398 2156 495 2225 000ο
522 2158 791 2241 quinquagesimo
807 2159 920 2240 primo.

190 2321 213 2368 Ι.
227 2318 310 2382 Lajos
332 2319 481 2382 kirtlynalr
506 2325 581 2370 1364.
596 2325 649 2370 oct.
671 2320 753 2370 28-an
766 2319 875 2370 kiadott
900 2318 1059 2386 ttlratabtl‚
1083 2319 1213 2381 melynek

82 2409 400 2476 eraletijemegvanaz
414 2425 483 2461 orsz.
507 2413 538 2462 lt.
558 2412 658 2462 kinost.
687 2415 754 2461 oszt.
774 2412 889 2461 Monial.
912 2413 1011 2460 Poson.
1033 2415 1073 2460 59.
1091 2416 1130 2460 15.
1144 2410 1211 2473 dipl.

83 2511 150 2550 oum.
165 2506 245 2552 5172.
257 2503 356 2551 anli:
376 2503 484 2552 Koraos
497 2503 531 2552 N.

569 2647 694 2654 --.-.-.-..
720 2647 728 2652 .

614 2833 688 2893 298.

87 2991 179 3054 1351.
187 2995 260 3075 ¹jura
277 2992 306 3052 2.
332 2989 356 3052 Λ
377 2991 448 3075 cripi
462 2999 587 3053 corruent
603 2989 861 3074 bizonysa‘qleuelc
881 2988 1005 3052 Pribe'li
1030 2986 1211 3051 rusticanas

91 3098 210 3162 'l'ordus
226 3097 335 3178 ficiunt
359 3097 519 3182 Eypedclel
544 3097 663 3160 ebeczlri
685 3098 833 3160 nemessel
856 3098 930 3160 nalo
943 3096 1169 3161 kitckoltstrot
1183 3098 1215 3158 e's

84 3205 204 3267 llbnczk
237 3212 315 3267 nenti
347 3205 430 3268 Ilont
461 3207 641 3290 ndentepyei
671 3205 771 3269 birtolr
803 3204 1030 3290 felosztdsa'ro'l
1059 3229 1074 3267 s
1105 3205 1213 3268 battin-

552 3313 728 3398 jdra'sciro'l.

193 3475 263 3541 Nos
280 3475 463 3559 Stephanus
480 3478 662 3559 prepositus
687 3485 720 3543 et
745 3483 918 3542 conventus
941 3476 1081 3542 fratrum
1096 3475 1216 3541 ordinis

84 3585 433 3668 premonstratensium
446 3586 633 3649 monasterii
649 3584 742 3650 beate
759 3583 1008 3668 virginisMarie
1025 3585 1064 3650 de
1080 3583 1169 3667 Saag
1186 3636 1192 3649 .
1211 3633 1216 3646 .

84 3675 305 3774 significamus
322 3743 328 3756 .
347 3741 352 3755 .
378 3692 464 3775 quod
480 3691 596 3757 nobilis
613 3695 661 3758 vir
671 3695 825 3776 magister
840 3692 874 3757 N
876 3694 996 3757 icolans
1012 3693 1097 3758 filius
1114 3693 1217 3757 Bene-

82 3801 163 3864 dicti
174 3799 214 3862 de
231 3799 344 3884 Pribyl
359 3799 400 3864 ab
411 3822 484 3880 nna,
494 3807 526 3864 et
542 3799 679 3883 Egidius
696 3801 780 3866 filius
792 3801 917 3866 Turdus
928 3799 1044 3865 nobilis
1055 3800 1094 3864 de
1105 3800 1216 3865 Ebeclr

86 3929 144 3992 pro
161 3929 197 3972 se
214 3917 246 3974 et
262 3907 414 3973 Lorando
430 3909 496 3974 filio
522 3930 579 3973 suo
605 3915 698 3992 parte
724 3909 765 3974 ab
790 3911 894 3974 altera
913 3930 1022 3974 coram
1038 3909 1129 3973 nobis
1146 3929 1216 3994 per·

85 4016 243 4081 sonaliter
259 4017 433 4095 constituti,
450 4016 547 4081 iidem
563 4038 660 4102 super
685 4017 832 4082 omnibus
857 4017 961 4082 causis
978 4066 984 4080 .
1003 4069 1008 4082 .
1032 4017 1116 4081 inter
1132 4018 1219 4098 ipsos

84 4146 191 4207 usque
207 4147 292 4188 nunc
317 4127 412 4189 motis
437 4131 469 4188 et
497 4127 624 4202 exortis,
650 4132 682 4189 et
706 4125 889 4210 specialiter
913 4147 1010 4208 super
1034 4124 1120 4189 facto
1136 4124 1219 4188 dicte

87 4232 299 4315 possessionis
315 4232 426 4326 Ebeclr
443 4239 560 4298 vocate
571 4235 604 4297 in
621 4235 775 4298 comitatu
792 4233 958 4298 Huntensi
977 4233 1152 4311 existentia,
1169 4253 1219 4295 su-

86 4363 142 4426 per
161 4340 281 4424 quibus
298 4341 383 4405 inter
393 4361 426 4405 se
437 4341 550 4406 ordine
566 4341 736 4406 iudiciario
753 4341 962 4406 movebantur
979 4348 1011 4404 et
1025 4341 1059 4404 in
1075 4339 1220 4404 futurum

87 4447 266 4532 sperabant
287 4447 406 4513 habere
431 4449 644 4531 questionem,
669 4449 851 4513 retulerunt
877 4470 910 4513 se
936 4470 992 4532 per
1018 4447 1219 4512 amicabilem

86 4557 355 4641 composicionem
373 4563 406 4620 et
421 4556 658 4621 ordinacionem
683 4555 855 4641 proborum
876 4557 1017 4620 virorum
1033 4557 1067 4620 in
1083 4556 1219 4620 formam

87 4668 187 4746 luania,
214 4666 299 4748 quod
335 4673 441 4730 exstat
475 4666 638 4730 vinculum
673 4666 832 4742 karitatis,
867 4665 1029 4728 devenisse
1060 4666 1220 4740 unionem,

27 4843 28 4866 p
89 4773 310 4836 renunciando
334 4772 384 4836 liti
412 4779 444 4836 et
476 4775 647 4856 ‹prescioni
680 4774 792 4837 literas
825 4771 1006 4855 (h)actenns
1026 4775 1110 4838 inter
1135 4773 1220 4856 ipsos

133 4909 287 4944 nssouuouu
304 4895 474 4946 ousrlurrlu.
491 4911 516 4944 v.
535 4900 628 4944 sornr.
1080 4905 1113 4950 32
