3180 5470
538 497 632 563 1350.
649 519 738 564 saer.
758 502 806 563 16.
1173 499 1237 564 403

105 673 244 742 Gerinch
260 677 410 743 Barbara
425 683 571 743 vocatam
587 686 623 742 ut
638 679 791 743 actricem
807 699 845 743 ex
858 699 932 760 una,
945 684 978 743 et
993 679 1138 762 prefatos
1154 678 1237 744 filios

102 783 258 849 lobannis
274 783 419 869 parteab
435 784 591 863 alteram
617 784 824 869 presentibus
835 784 1037 851 octavisfesti
1057 786 1237 852 nativitatis

101 898 205 957 sancte
237 892 343 958 Maria
358 894 502 977 virginis,
529 894 620 960 iuxta
647 893 882 958 continenciam
908 894 1047 959 aliarum
1067 894 1236 960 literarum

101 1007 279 1066 nostrarum
295 1002 409 1067 exinde
426 1002 642 1068 confectarum
666 999 777 1084 perfici
802 1000 971 1080 debebant,
988 1001 1029 1066 ad
1045 1001 1237 1066 mandatum

101 1107 216 1172 domini
239 1105 402 1193 Stephani
425 1111 527 1175 tocius
553 1107 720 1175 Sclavenie
756 1105 890 1174 Oroacie
914 1115 947 1174 et
963 1107 1131 1175 Dalmaoie
1147 1109 1236 1174 ducis

106 1215 321 1282 mediantibus
338 1218 404 1283 suis
420 1217 523 1283 literis
539 1217 642 1282 eidem
658 1217 787 1282 domino
803 1223 913 1282 nostro
929 1217 1078 1302 episcopo
1095 1224 1128 1283 et
1143 1219 1236 1284 nobis

104 1323 236 1389 firmiter
251 1325 442 1404 iniunctum,
459 1325 500 1390 ad
516 1331 645 1390 octavas
661 1325 765 1390 sancti
776 1321 911 1407 Georgii
927 1324 1071 1390 martiris
1086 1326 1151 1390 iam
1161 1347 1234 1390 ven·

102 1437 195 1509 tures,
212 1431 336 1516 absque
353 1434 440 1498 omni
455 1433 643 1520 gravamine
668 1439 701 1496 et
726 1432 869 1514 pondere
895 1432 1039 1515 aliquali,
1058 1433 1177 1498 iterato
1193 1434 1235 1498 ad
1344 1427 1347 1436 ’

101 1548 242 1607 nostram
264 1545 465 1626 presenciam
489 1542 730 1626 prorogavimus
758 1547 848 1607 statu
879 1542 980 1625 priori
1011 1551 1230 1624 permanente.

103 1652 224 1717 Datum
249 1653 283 1716 in
309 1654 429 1719 eisdem
454 1656 574 1720 octavis
606 1654 786 1720 nati'ritatis
811 1660 921 1718 sancte
947 1654 1054 1721 Maria
1089 1657 1231 1740 virginis,

102 1781 184 1824 anno
205 1761 328 1827 domini
345 1761 520 1828 Millesimo
537 1761 659 1832 OOCmo
676 1763 951 1846 quinquagesimo

203 1943 313 1993 Kivdl:
334 1944 437 1994 Contra
450 1944 592 1994 dominam
610 1958 725 1994 uxorem
737 1945 812 1993 Bake
825 1944 876 1994 filii
895 1945 1035 2006 Zachyou.

205 2035 336 2099 Papiron,
350 2035 477 2085 zbrlatan
490 2035 581 2098 posset
593 2033 794 2099 toredekeive13
813 2033 944 2098 eredetije
957 2050 988 2084 az
1003 2049 1071 2084 orez.
1083 2035 1113 2085 lt.
1128 2036 1228 2086 kinost.

100 2128 165 2176 oszt.
180 2123 215 2172 N.
230 2126 263 2174 R.
278 2125 310 2174 A.
326 2131 367 2176 69,
383 2131 424 2175 18.
437 2125 504 2188 dipl.
518 2130 585 2174 oszt.
599 2130 680 2175 4147.
699 2125 799 2174 Kozli:
825 2125 933 2176 Koraos
946 2125 979 2174 N.

584 2323 742 2331 —,-.-.......

100 2659 193 2724 1350.
211 2671 286 2744 sept.
314 2660 364 2722 16.
389 2657 420 2722 A
444 2657 715 2724 kohzsmonostort
739 2672 864 2724 convent
889 2661 917 2724 Ι.
942 2659 1039 2745 Lajos
1063 2660 1234 2746 kir·cilyaalc
1267 2683 1269 2686 ’

87 2766 211 2848 jaleati,
227 2768 308 2852 hopy
332 2789 370 2830 oz
393 2763 506 2829 Almds
522 2768 585 2830 ciza
610 2767 727 2831 melicii
743 2765 843 2852 fekub'
868 2767 986 2832 Banka
1012 2775 1092 2831 nevit
1118 2767 1230 2846 birtob,

95 2876 252 2939 salamini
283 2875 503 2954 Kendcrmezd,
530 2875 685 2960 Galpuac
714 2879 745 2940 ds
771 2875 962 2942 Ketttsmezu'
986 2885 1065 2940 travit
1093 2875 1232 2941 birtokok

352 2983 491 3048 Brassai
505 2983 614 3048 Jakat
635 2984 813 3070 tulojdoncit
828 2985 963 3070 lce'pazib.

206 3163 415 3228 ..Lodovico
447 3163 569 3247 ..regi
602 3211 633 3228 ..
666 3170 838 3228 conventus
878 3163 1011 3230 ecclesie
1044 3163 1137 3229 beate
1170 3165 1231 3228 rir-
1288 3242 1290 3247 ι

94 3273 179 3354 ginis
197 3272 238 3338 de
255 3271 501 3338 Clusmonustra
532 3320 563 3336 ..
587 3271 699 3336 literas
725 3278 829 3336 vestre
849 3273 1027 3338 maiestatis
1059 3322 1089 3338 ..
1112 3271 1232 3354 recepi-

94 3403 164 3445 mus
181 3381 218 3445 in
233 3381 295 3446 hec
309 3379 423 3444 verba:
440 3379 620 3444 Lodovious
636 3401 693 3444 rex
709 3381 880 3446 conventui
905 3381 1038 3446 ecclesie
1056 3381 1152 3446 beate
1169 3381 1229 3444 vir·

93 3490 180 3570 ginis
196 3489 238 3553 de
255 3486 502 3553 Clusmonustra
533 3537 540 3552 .
557 3535 564 3550 .
587 3487 719 3553 Dicitur
744 3487 834 3552 nobis
854 3489 888 3552 in
904 3509 1042 3570 persona
1058 3487 1083 3552 J
1084 3487 1176 3553 aoobi
1192 3488 1231 3552 de

91 3598 228 3674 Brasso,
245 3597 331 3680 quod
346 3603 435 3662 terra
459 3617 558 3680 quam
574 3594 758 3679 Stephanus
782 3595 887 3660 dictus
906 3596 1029 3678 Pagan,
1045 3595 1161 3660 Banka
1176 3617 1231 3661 no
1318 3676 1323 3685 Ι

91 3707 180 3770 mine
196 3706 306 3772 vocari
322 3705 458 3784 fecisset,
474 3705 630 3786 incipiens
647 3703 778 3769 alluvio
802 3701 920 3768 Almas
945 3724 1048 3784 usque
1067 3703 1109 3768 ad
1129 3725 1230 3786 quan-

91 3815 169 3880 dam
187 3815 359 3880 ecclesiam
385 3814 441 3879 ubi
456 3813 615 3878 heremita
624 3819 816 3894 moraretur,
826 3813 904 3876 item
915 3812 1130 3895 possessiones
1141 3811 1230 3875 Ken-

88 3923 277 4000 durmezeu‚
294 3919 448 4006 Galpuna
468 3927 501 3985 et
517 3920 769 3986 Ketteusmezeu
795 3926 917 3998 vocate,
942 3920 1029 4004 apud
1047 3919 1169 3983 vicinos
1193 3923 1227 3981 et

90 4039 351 4097 commetanseos
366 4051 439 4095 snos
472 4029 591 4107 habite,
607 4051 664 4112 per
680 4028 888 4094 collacionem
905 4028 1025 4092 domini
1044 4027 1129 4109 regis
1144 4025 1230 4108 geni·

91 4141 175 4204 toris
192 4139 299 4204 nostri
324 4137 431 4202 adius
448 4159 541 4201 suum
558 4143 590 4201 et
604 4136 744 4202 fratrum
760 4157 890 4202 suorum
906 4141 1013 4200 essent
1031 4133 1229 4218 pertinentes

89 4257 122 4312 et
154 4247 317 4312 deberent
341 4247 522 4328 pertinere3
556 4264 653 4327 super
684 4265 747 4326 quo
779 4292 806 4308 ..
839 4243 1038 4324 mandamus,
1070 4246 1229 4325 quatenus

89 4365 239 4422 restrum
264 4353 402 4418 mittatis
426 4353 588 4416 hominem
613 4372 671 4434 pro
698 4351 881 4415 testimonio
906 4349 969 4414 fide
1000 4349 1140 4432 dignum,
1165 4367 1228 4430 qno

87 4469 247 4547 presente
271 4461 296 4524 J
298 4460 440 4525 ohannes
455 4457 540 4524 filius
558 4454 667 4541 Gyula
684 4457 723 4523 de
740 4455 878 4542 Gyulay,
893 4457 944 4521 vel
959 4455 984 4521 J
986 4455 1128 4521 ohannes
1143 4454 1229 4520 filius

87 4571 271 4638 Michaelis
288 4569 327 4634 de
344 4567 524 4652 Gyurfalva
549 4567 653 4632 altero
677 4566 809 4631 absente
836 4566 931 4630 homo
956 4571 1073 4642 noster,
1098 4564 1139 4628 ab
1164 4585 1229 4628 om-

88 4682 190 4746 nibus
208 4678 328 4762 quibus
345 4677 436 4741 (lecet
451 4682 484 4740 et
499 4675 583 4752 licet,
601 4675 682 4739 sciat
698 4681 730 4738 ot
745 4673 891 4754 inquirat
907 4673 946 4737 de
963 4672 1127 4778 premissis
1143 4673 1228 4736 iuve-

1068 4798 1119 4848 ae*
