3180 5466
331 478 393 538 506
694 493 878 538 nurounonr
896 480 1112 538 ortulurrlu.

330 653 470 719 diceionc
489 654 707 737 quorumlibet
723 675 786 718 non
803 654 970 736 obstante3
996 661 1029 720 et
1053 661 1126 736 post
1150 654 1210 719 hec
1226 656 1340 720 seriem
1361 661 1466 720 statu·

330 764 430 828 cionis
446 762 533 829 dicte
548 764 759 845 possessionis
776 785 848 828 cum
866 763 1012 827 cursibus
1029 769 1189 828 metarum
1208 762 1300 828 nobis
1326 760 1468 827 fideliter

330 870 524 938 rescribatis.
541 870 666 936 Datum
683 869 785 948 Eudo,
810 869 844 933 in
871 871 1031 936 dominica
1056 871 1286 954 Rogacionum‚
1311 892 1397 936 auno
1414 871 1468 936 do

328 979 407 1045 mini
438 979 490 1044 Μο
519 976 639 1046 000Ιηο
672 977 776 1045 ΧΙ]ῘΠΟ
806 998 897 1042 nono.
939 977 1009 1044 Nos
1049 979 1198 1062 igitur..
1234 1001 1308 1044 cum
1339 979 1468 1066 prefato

332 1089 473 1172 Georgio
489 1087 556 1153 filio
572 1087 705 1153 Barlius
721 1087 849 1151 homine
862 1093 977 1165 vestro,
1002 1083 1148 1152 nostrum
1175 1088 1338 1154 hominem
1365 1089 1471 1152 virum

329 1197 489 1275 idoneum,
500 1195 649 1260 videlicet
664 1195 828 1260 domiuum
839 1194 1050 1260 Benedictum
1062 1197 1259 1261 sacerdotem
1275 1197 1471 1279 magistrum

330 1306 444 1370 altaris
461 1306 565 1368 sancti
580 1305 665 1386 regis
685 1302 831 1368 liadislai
857 1301 896 1366 de
922 1302 1033 1368 cadem
1059 1303 1196 1369 ecelesia
1226 1309 1352 1369 nostra.
1365 1309 1470 1368 trans-

329 1415 474 1478 misimus
493 1465 499 1477 .
517 1465 523 1478 .
549 1414 605 1496 qui
622 1411 753 1495 quidem
767 1411 863 1476 homo
879 1417 984 1476 vester
1000 1465 1006 1477 .
1024 1464 1030 1478 .
1054 1411 1147 1477 nobis
1163 1413 1352 1478 retulitisto
1363 1413 1469 1492 modo,

330 1520 418 1606 quod
443 1522 510 1606 ipse
542 1541 680 1585 unacum
706 1519 816 1584 eodem
835 1520 1018 1585 testimonio
1044 1525 1153 1585 nostro
1180 1521 1213 1584 in
1238 1522 1363 1586 octaris
1396 1522 1470 1587 festi

330 1628 538 1694 Ascensionis
555 1628 677 1695 domini
702 1629 767 1692 iam
792 1629 949 1714 preteriti,
967 1630 1176 1693 accessissent
1201 1627 1242 1694 ad
1265 1627 1383 1694 faciem
1399 1650 1470 1712 pos-

330 1739 480 1803 sessionis
496 1743 606 1802 nostre
624 1735 764 1821 Somugy
780 1743 958 1820 prenotate,
975 1735 1174 1818 eandemque
1199 1757 1257 1821 per
1282 1758 1359 1802 suas
1386 1743 1470 1802 vete-

329 1869 383 1913 ras
399 1851 503 1911 metas
520 1851 554 1910 et
569 1846 721 1929 antiquas
750 1844 984 1910 reambulando
1013 1865 1084 1910 eum
1111 1843 1205 1910 dictis
1231 1845 1297 1910 suis
1315 1846 1468 1910 utilitati·

310 1938 388 2021 ⁶bus
405 1961 438 2021 et
452 1955 657 2041 pertinenciis
682 1954 838 2020 universis
863 1953 898 2018 in
923 1953 1141 2018 concambium
1167 1953 1381 2022 dimidietatis
1397 1975 1470 2040 pre-

330 2065 486 2130 nominati
503 2063 599 2128 castri
617 2063 735 2147 Dyuen
753 2070 784 2127 et
799 2064 1035 2147 possessionum
1055 2061 1317 2146 supradictarum
1334 2065 1470 2129 statuis·

331 2178 402 2237 sent
419 2173 604 2260 memoratis
620 2171 695 2236 filiis
712 2169 827 2236 Otonis
844 2170 883 2234 de
901 2170 1163 2255 Telyespr'unnar
1175 2177 1208 2235 et
1224 2169 1324 2236 nobili
1341 2171 1471 2236 domine

330 2281 472 2346 consorti
489 2281 590 2364 ipsius
615 2279 763 2362 magistri
789 2277 924 2344 Joannis
948 2277 1007 2343 filii
1033 2276 1216 2346 Alexandri
1240 2285 1273 2344 et
1300 2277 1368 2343 filie
1391 2278 1472 2344 dicti

331 2387 447 2456 Otonis
464 2387 582 2471 Anglis
608 2394 792 2473 nuncupate
818 2408 854 2452 ac
879 2388 1023 2472 ipsorum
1048 2385 1220 2451 heredibus
1245 2387 1471 2472 perennaliter

332 2495 566 2583 possidendam,
583 2495 840 2562 contradiecione
857 2494 1075 2577 quorumlibet
1090 2514 1154 2558 non
1165 2493 1335 2576 obstante;
1352 2501 1385 2560 et
1395 2517 1470 2578 pre-

332 2605 419 2672 latus
435 2604 529 2669 homo
545 2609 655 2668 noster
682 2604 829 2669 similiter
853 2603 1067 2686 personaliter
1092 2624 1198 2670 coram
1224 2602 1315 2668 uobis
1335 2625 1466 2688 compa·

334 2713 444 2791 rendo,
460 2713 615 2798 premissa
633 2713 678 2778 sic
694 2713 777 2776 sicut
792 2711 878 2776 idem
893 2711 987 2775 homo
1003 2715 1108 2774 vester
1127 2709 1218 2775 nobis
1234 2720 1473 2796 consequenter

331 2823 514 2890 affirmavit.
547 2823 672 2888 Datum
699 2822 780 2888 feria
804 2823 906 2886 tercia
921 2823 1067 2907 proxima
1085 2828 1157 2907 post
1182 2820 1300 2886 festum
1327 2819 1473 2888 Penthe-

332 2939 443 3010 costes,
461 2953 545 2997 anno
561 2931 682 2996 domini
699 2937 877 3016 prenotato.
901 2929 970 2995 Nos
995 2932 1107 3014 itaque
1131 2929 1320 2996 humillimis
1345 2929 1472 3014 suppli·

334 3039 518 3106 cacionibus
535 3041 677 3105 eiusdem
693 3041 842 3122 magistri
859 3037 1017 3103 Johannis
1033 3039 1092 3104 filii
1111 3036 1293 3104 Alexandri
1309 3039 1341 3104 in
1359 3059 1471 3124 perso-

334 3151 384 3214 nis
400 3148 616 3234 predictorum
633 3147 773 3212 filiorum
801 3145 916 3212 Otonis
941 3151 973 3210 et
1000 3145 1127 3210 domine
1146 3147 1301 3212 consortis
1318 3167 1374 3212 sue
1399 3147 1472 3213 filie

333 3257 474 3322 eiusdem
491 3255 606 3323 Otonis
622 3256 713 3321 uobis
729 3256 884 3341 porrectis
902 3253 1121 3320 favorabiliter
1137 3253 1292 3332 inclinati,
1303 3255 1470 3340 predictas

331 3365 447 3429 literas
464 3365 565 3449 ipsius
583 3363 718 3447 capituli
734 3361 905 3445 Agriensis
931 3361 970 3426 de
989 3361 1085 3426 verbo
1102 3359 1291 3427 adverbum
1308 3363 1468 3445 presenti·

331 3473 391 3540 bus
416 3475 534 3540 nostris
561 3475 664 3540 literis
689 3472 874 3558 patentibus
899 3469 1088 3536 transscribi
1116 3469 1249 3536 fecimus
1276 3477 1308 3535 et
1339 3471 1472 3554 apposi-

333 3583 422 3647 cione
439 3583 537 3666 sigilli
554 3584 655 3648 nostri
672 3583 801 3648 easdem
818 3581 1022 3664 consignari3
1047 3579 1103 3645 sed
1128 3579 1206 3663 quia
1221 3579 1369 3664 predicta
1394 3600 1470 3663 pos·

333 3693 431 3758 sessio
457 3693 490 3756 in
515 3692 670 3777 predictis
695 3691 797 3757 literis
823 3689 1125 3774 reseripcionalibus
1141 3689 1242 3773 ipsius
1269 3687 1403 3771 capituli
1429 3709 1472 3752 ex

332 3801 521 3884 ignorancia
537 3805 570 3864 et
585 3801 786 3884 negligencia
802 3801 835 3864 in
846 3798 1001 3864 comitatu
1012 3797 1051 3863 de
1062 3797 1172 3862 Torua
1186 3795 1333 3861 adiacere
1343 3796 1473 3880 scripta

333 3908 450 3988 fuerat,
466 3909 538 3974 ideo
554 3929 612 3974 nos
629 3913 856 3991 cognoscentes
873 3906 1006 3972 eandem
1022 3904 1254 3989 possessionem
1265 3903 1297 3970 in
1309 3904 1473 3969 comitatu

333 4014 611 4102 Abawyuaryensi
628 4016 774 4093 existere,
790 4021 902 4080 tenore
933 4014 1154 4099 predictarum
1178 4013 1347 4078 literarum
1363 4012 1473 4095 ipsius

335 4125 469 4208 capituli
485 4124 656 4209 Agriensis
680 4129 909 4205 transmutato,
935 4125 1069 4189 eandem
1090 4121 1322 4207 possessionem
1347 4119 1392 4185 ad
1417 4141 1474 4185 co·

333 4234 484 4298 mitatum
514 4231 836 4318 Abawyuaryensum
875 4237 1082 4314 prenotatum
1121 4228 1271 4294 duximus
1309 4226 1471 4292 transfor·

334 4343 416 4407 mari
433 4393 439 4408 .
456 4393 464 4408 .
488 4341 613 4408 Datum
629 4341 732 4420 Bude,
748 4343 781 4406 in
797 4341 879 4406 festo
896 4341 999 4408 sancti
1015 4338 1163 4404 Ladislai
1183 4337 1276 4420 regis,
1302 4355 1388 4402 anuo
1412 4335 1471 4400 do-

335 4449 414 4514 mini
429 4449 481 4515 Μο
510 4449 608 4517 0000
637 4449 906 4534 quinquagesimo
922 4449 1034 4532 primo.

444 4613 599 4677 Hatlapjtn
612 4611 704 4676 pecstt
716 4613 885 4676 nyomaival,
912 4613 961 4662 hol
972 4627 988 4661 a
1000 4610 1092 4674 pecset
1105 4609 1185 4672 alatt‚
1199 4608 1336 4659 valamint
1348 4609 1424 4658 boldl
1439 4625 1475 4660 az

336 4701 442 4754 oklevel
464 4701 521 4754 also
542 4701 633 4752 sztlen
646 4715 660 4752 e
674 4701 777 4752 szsrak
800 4700 981 4754 olvashatok:
1003 4699 1174 4754 »commissio
1193 4698 1270 4768 regia
1288 4711 1370 4764 super
1381 4701 1475 4748 baus-
