3192 5466
575 396 665 456 1348.
684 413 752 456 oc'r.
773 395 798 455 l.
1173 395 1237 454 233

108 571 222 651 positis
239 571 461 636 distinxissrnt
486 578 517 636 ct
538 579 741 654 separassent
766 595 823 654 pro
850 573 986 647 cautela,
1011 571 1108 636 silvas
1133 578 1241 634 autmu

108 685 142 740 et
159 701 292 745 nemora
309 680 350 744 ad
375 701 575 746 communem
600 703 693 746 usum
720 682 944 764 reliquissent3
969 682 1029 746 hoc
1055 681 1241 764 specialiter

108 785 284 866 declarato,
311 789 395 872 quod
421 789 605 854 dimidietas
631 791 732 874 ipsius
758 791 846 872 prati
872 811 891 854 a
917 791 1014 873 plaga
1039 788 1241 853 meridionali

109 895 273 978 sepedicto
289 897 403 974 Paulo,
420 905 452 962 et
468 899 535 963 alia
550 898 733 964 dimidietas
744 907 867 983 aparte
884 898 1121 981 septemtrionis
1138 896 1242 960 eidem

109 1002 266 1068 Ladislao
282 1013 315 1068 et
331 1007 477 1088 parcium
502 1006 683 1084 heredibus,
699 1013 736 1071 nt
752 1007 944 1090 premissum
970 1010 1064 1082 esset,
1090 1026 1244 1087 perenna-

111 1109 186 1174 liter
218 1112 408 1194 possidende
440 1116 678 1180 remansissent.
703 1111 850 1198 Quarum
876 1113 1045 1178 literarum
1075 1112 1246 1177 exhibicio-

110 1217 205 1282 uibus
222 1220 324 1298 fortia,
342 1243 415 1287 cum
431 1243 488 1288 nos
505 1224 664 1306 predictos
681 1224 821 1288 Paulum
839 1222 940 1287 tilium
956 1221 981 1286 J
983 1223 1118 1286 ohannis
1136 1227 1168 1285 et
1183 1220 1246 1284 La-

110 1327 250 1391 dislaum
266 1326 368 1392 filium
386 1330 555 1408 Lulracbii‚
572 1333 604 1395 in
622 1351 668 1408 eo,
684 1337 792 1396 utrum
810 1331 870 1414 ipsi
887 1329 1246 1413 predictampossessio·

112 1437 238 1500 stiriam
255 1435 443 1503 divisionem
459 1461 517 1523 per
532 1441 762 1522 premissorum
788 1447 946 1504 metarum
964 1439 1144 1504 creceiones
1161 1438 1247 1500 inter

111 1545 199 1625 ipsos
216 1542 338 1608 laetam
355 1553 388 1610 et
405 1546 535 1629 pacifice
552 1548 742 1627 ordinatam,
768 1549 861 1612 iuxta
886 1547 1011 1615 seriem¹
1026 1545 1246 1628 predictarum

110 1651 280 1714 literarum
297 1652 374 1718 dicti
401 1654 536 1737 capituli
553 1653 724 1738 Agriensis
749 1661 905 1738 perpetuo
932 1650 1179 1718 immutabiliter
1197 1673 1244 1714 ve·

111 1759 169 1822 lint
186 1759 272 1824 inter
289 1782 322 1825 se
339 1761 508 1828 observare
524 1763 574 1827 vel
591 1785 640 1842 ne,
656 1763 747 1828 iuxta
766 1763 863 1828 officii
890 1763 992 1826 nostri
1018 1761 1161 1825 debitum
1178 1761 1245 1824 vico

110 1868 249 1934 trinario
266 1872 520 1954 quesivissemua
537 1894 610 1937 mox
627 1879 736 1956 partes
762 1879 930 1957 prenotate
956 1873 1058 1954 ipsam
1076 1871 1247 1954 possessio-

111 1978 239 2042 nariam
249 1978 436 2044 divisionem
453 2029 459 2042 .
477 2029 483 2042 .
501 1987 726 2064 metarumque
742 1981 921 2046 erecciones
935 1979 1164 2062 predictarum,
1176 1999 1246 2059 prr·

112 2093 209 2168 petuo
237 2086 519 2152 irretractabiliter
544 2087 630 2152 inter
647 2110 681 2154 se
696 2089 788 2153 iuxta
812 2089 927 2153 seriem
953 2092 986 2150 et
1013 2086 1246 2150 continenciam

111 2199 335 2276 protectorum
351 2193 518 2260 literarum
544 2197 679 2278 capituli
695 2193 865 2280 Agriensis
882 2245 888 2258 .
906 2245 912 2259 .
930 2216 964 2259 se
980 2194 1149 2258 observare
1166 2191 1247 2256 velle

111 2301 353 2385 ..allegarunt
379 2303 499 2386 pluries
514 2305 700 2388 replicando
725 2327 833 2370 coram
857 2305 956 2368 nobis.
980 2303 1050 2368 Nos
1076 2303 1160 2365 enim
1178 2321 1247 2382 por·

111 2409 214 2494 ceptis
232 2410 379 2493 parcium
404 2412 587 2479 huiusmodi
614 2414 798 2479 confessivis
824 2412 1046 2486 relacionibus‚
1074 2410 1245 2490 unicuique

111 2519 257 2601 ipsarum
283 2520 428 2602 parcium
454 2523 525 2585 iura
549 2544 610 2586 sua
635 2521 887 2605 possessionaria
912 2525 1092 2604 prenotata,
1117 2519 1150 2582 in
1179 2539 1247 2599 pre·

112 2629 211 2692 missa
228 2627 384 2692 divisione
409 2629 541 2694 cuilibet
567 2651 678 2695 earum
704 2652 762 2714 per
787 2629 1007 2712 predictarum
1027 2633 1183 2692 metarum
1201 2623 1246 2688 di·

111 2735 307 2800 stincciones
317 2757 407 2802 cessa
417 2743 449 2802 et
458 2737 591 2821 pacifice
608 2738 765 2816 devoluta,
782 2738 1001 2821 perennaliter
1017 2738 1102 2799 inter
1119 2733 1246 2798 easdem

110 2851 223 2926 partes
240 2844 359 2909 durare
375 2847 612 2925 committendo,
628 2847 798 2912 iudiciaria
823 2853 934 2911 nostra
960 2845 1163 2919 auctoritate,
1180 2842 1248 2906 sino

111 2951 292 3033 preiudicio
303 2951 383 3017 iuris
395 2953 501 3032 alieni,
512 2953 733 3020 adiudicamus
745 2961 901 3038 perpetuo
912 2952 1075 3038 possidere
1088 3004 1094 3016 .
1106 3002 1111 3014 .
1122 2951 1248 3016 Datum

110 3059 215 3135 Bude.
232 3058 391 3125 sedecimo
401 3061 452 3125 die
463 3061 593 3126 termini
609 3062 843 3144 reportacionis
859 3062 952 3126 seriei
969 3065 1146 3144 prenotate,
1162 3077 1248 3122 sinric

110 3167 274 3232 dominice
290 3167 525 3234 incarnacionis
550 3168 726 3236 Millesimo
750 3169 975 3234 trecentesimo
1002 3165 1248 3251 quadragesimo

109 3281 236 3339 octavo.

223 3423 248 3470 A
262 3421 354 3484 pecsdt
366 3423 551 3488 sarge-zoldcs
564 3424 799 3486 selyemsodraton
819 3426 903 3489 stigg3
924 3423 1054 3486 credetije
1076 3437 1107 3470 aa
1131 3435 1201 3469 orsa.
1216 3421 1248 3470 lt.

109 3512 215 3562 kincsr.
230 3519 298 3562 oszt.
312 3513 346 3562 N.
360 3515 394 3564 R.
408 3513 441 3562 A.
457 3518 533 3564 1537.
550 3520 591 3564 24.
604 3513 671 3576 dipl.
686 3521 753 3564 oszt.
768 3519 846 3564 4017.
867 3513 966 3564 Kozli:
986 3513 1094 3562 Koraos
1107 3513 1140 3561 N.

647 3914 719 3975 114.

114 4072 218 4134 1348.
244 4082 298 4134 oct.
328 4073 355 4134 1.
383 4071 411 4136 Α
438 4073 570 4137 botrani
595 4083 722 4137 corruent
739 4073 886 4156 jelenle'so
915 4073 940 4136 l.
961 4071 1054 4156 Lajos
1075 4069 1250 4154 lrr'rcilplzoz,

108 4181 194 4263 kopp
217 4176 421 4265 Gerpclyfio't
438 4179 578 4259 Miltlo'st,
590 4182 701 4244 lat-uda
716 4180 776 4243 tir.
785 4185 896 4265 jeppzd
912 4179 997 4258 ellan,
1011 4179 1150 4262 Qasr-ride
1167 4186 1249 4240 ¹norit

500 4289 644 4354 birtoko'n
662 4289 873 4374 racpiddztrltr.

209 4450 405 4516 ..Lodovico
416 4502 422 4515 .
433 4502 439 4515 .
450 4454 520 4536 regi
531 4501 537 4516 .
549 4504 555 4518 .
566 4453 690 4517 Paulus
701 4451 881 4534 prepositus
892 4456 925 4514 et
934 4455 1107 4514 conventus
1119 4448 1251 4514 ecclesie

107 4561 210 4629 laeate
227 4558 416 4640 Margarete
441 4561 574 4646 virginis
591 4566 622 4624 et
639 4560 782 4637 martiris
808 4559 847 4622 de
872 4557 1030 4634 Hotbuon
1048 4608 1053 4621 .
1072 4608 1077 4618 .
1096 4558 1248 4656 Receptis
