3180 5470
347 487 411 548 438
709 503 886 548 arrouuoar
903 487 1111 546 cuminaria.

348 671 457 732 menta
473 685 569 749 super
593 664 664 747 ipsa
689 664 889 747 possessione
906 659 1036 746 Guncyl
1051 663 1174 730 eisdem
1189 663 1324 730 reddere
1341 671 1373 728 et
1386 665 1473 729 resti-

348 779 441 839 tuere
465 771 652 837 debuissent
677 783 785 838 coram
812 771 922 853 nobis;
948 773 1018 854 ipso
1044 772 1182 836 termino
1199 773 1395 850 adveniente,
1411 793 1474 855 pre·

349 881 436 946 diota
461 880 576 946 nobilis
602 881 732 947 domina
752 881 851 949 Clara
876 887 989 946 vocata
1015 902 1145 946 consors
1170 880 1289 964 prefati
1308 881 1397 946 Petri
1423 879 1475 944 filii

350 988 460 1068 Oltha‚
477 996 509 1054 et
526 990 742 1072 prenominati
760 989 955 1072 Francisous
972 996 1006 1054 et
1021 987 1047 1055 J
1048 989 1167 1055 acobus
1192 987 1252 1053 filii
1269 989 1320 1054 sui
1345 989 1385 1052 ab
1408 1010 1477 1066 una,

351 1098 427 1163 item
453 1097 590 1181 predicti
614 1099 764 1183 magistri
791 1091 949 1163 Nicolaus
975 1105 1008 1162 et
1033 1096 1198 1165 Corardus
1218 1103 1311 1180 parte
1329 1096 1478 1162 exaltare

351 1206 567 1290 personaliter
592 1207 626 1271 in
651 1209 754 1272 nostri
780 1208 946 1291 presencia
971 1211 1230 1290 comparuerunt
1247 1211 1280 1270 et
1305 1203 1399 1270 iidem
1418 1226 1477 1270 ma·

353 1315 447 1396 gistri
472 1313 630 1382 Nicolaus
647 1321 679 1381 et
695 1316 860 1384 Corardus
887 1317 974 1400 ipsas
1000 1315 1148 1381 undecim
1172 1337 1301 1382 marcas
1328 1321 1430 1380 totum
1449 1316 1479 1379 in

353 1425 487 1506 promtis
513 1424 662 1504 denariis,
679 1424 858 1508 quamlibet
883 1446 1025 1490 maroam
1051 1447 1123 1490 cum
1149 1445 1205 1489 sex
1223 1423 1334 1508 pensis
1361 1445 1479 1508 compu-

353 1529 461 1614 tando,
478 1531 581 1596 eidem
606 1531 706 1598 nobili
732 1532 859 1598 domine
880 1530 980 1597 Olara
1005 1537 1115 1597 vocate
1132 1538 1164 1596 et
1179 1530 1255 1596 filiis
1281 1531 1350 1596 suis
1377 1553 1478 1614 supra-

354 1639 448 1704 dietis
472 1639 686 1723 personaliter
710 1639 951 1724 recipientibus
967 1661 1026 1723 pro
1043 1644 1162 1722 quarta
1178 1639 1319 1722 puellari
1347 1639 1479 1704 eiusdem

354 1747 472 1812 nobilis
496 1747 623 1812 domine
639 1747 747 1830 Clara,
764 1753 796 1814 et
812 1747 887 1812 dote
904 1768 942 1811 ao
961 1747 1057 1812 rebus
1074 1745 1335 1830 parafernalibus
1362 1746 1479 1812 domine

355 1857 468 1922 matris
486 1855 627 1920 eiusdem
647 1855 797 1922 Barbara
822 1855 994 1933 nominate,
1010 1854 1105 1937 plene
1131 1853 1357 1938 persolverunt
1382 1876 1479 1921 coram

356 1963 447 2028 nobis
464 1969 497 2028 et
513 1967 654 2047 integre3
673 1987 690 2030 e
707 1984 857 2029 conuerso
884 1969 992 2028 autem
1014 1962 1086 2046 ipsa
1102 1961 1219 2028 nobilis
1235 1961 1367 2028 domina
1383 1964 1481 2038 Clara,

356 2073 552 2138 Franciscus
578 2077 610 2136 et
635 2072 781 2138 Jacobus
812 2071 870 2137 filii
902 2071 952 2137 sui
983 2070 1197 2155 personaliter
1223 2076 1260 2134 ut
1287 2071 1481 2154 premittitur

357 2186 509 2263 astantes,
526 2201 622 2265 super
641 2180 728 2245 dicta
746 2185 863 2262 quarta
887 2179 1025 2265 puellari
1043 2185 1075 2246 et
1090 2178 1165 2243 dote
1181 2199 1220 2243 ac
1234 2178 1332 2244 rebus
1351 2179 1483 2262 paraler·

357 2289 495 2371 nalibus,
512 2290 641 2355 eosdem.
664 2291 836 2372 magistros
860 2288 1034 2355 Nicolaum
1054 2295 1086 2353 et
1106 2286 1289 2356 Ocrardum
1306 2309 1344 2351 ac
1359 2285 1483 2352 heredes

358 2396 542 2462 eorumdem
558 2396 789 2464 reddiderunt.
816 2450 821 2461 .
853 2396 1018 2482 expeditos
1036 2449 1041 2460 .
1067 2448 1075 2463 .
1107 2395 1287 2479 predictam
1304 2396 1403 2460 eciam
1420 2414 1484 2478 pos-

359 2507 532 2571 sessionem
549 2502 678 2590 Gunoyl
694 2528 767 2571 cunr
783 2505 931 2570 omnibus
951 2504 1033 2570 suis.
1055 2557 1061 2570 .
1087 2503 1316 2588 pertinenciis.
1338 2553 1345 2567 .
1370 2501 1484 2566 eisdem

358 2614 524 2698 magistris
549 2611 685 2678 Nicolao
710 2619 742 2677 et
758 2613 920 2680 Corrardo
946 2613 1171 2694 reliquerunt.
1199 2663 1205 2676 .
1237 2608 1485 2676 irrevocabiliter

360 2745 417 2807 per
442 2723 568 2788 eosdem
594 2721 843 2808 possidendam.
869 2774 875 2788 .
908 2741 1016 2786 coram
1041 2720 1143 2798 nobis,
1168 2719 1297 2786 nullum
1323 2719 1394 2783 ius.
1421 2767 1428 2780 .
1457 2719 1486 2781 in

362 2833 472 2898 eadem
497 2833 696 2915 possessione
729 2829 857 2914 Guncyl
885 2849 944 2914 pro
970 2829 1107 2912 seipsis
1133 2813 1260 2893 exnunc
1286 2831 1488 2892 reservantes.

360 2941 472 3007 literas
497 2941 598 3006 eciam
622 2945 748 3004 nostras
779 2939 996 3023 privilegiales
1022 2959 1120 3022 super
1152 2937 1265 3002 eadem
1297 2936 1487 3020 possessione

363 3047 491 3132 Guneyl
507 3047 676 3129 confectas,
693 3047 811 3112 eisdem
828 3047 994 3130 magistris
1010 3045 1148 3110 Nicolao
1165 3050 1198 3110 et
1214 3042 1361 3109 Oorardo
1376 3043 1409 3108 in
1425 3063 1487 3124 spe·

362 3157 410 3221 cie
426 3155 606 3222 dederunt.
633 3206 638 3219 .
673 3176 781 3220 coram
797 3154 897 3232 nobis,
913 3153 1022 3238 plures
1038 3154 1150 3218 literas
1171 3172 1269 3236 super
1297 3151 1407 3216 eadem
1425 3171 1488 3234 pos·

363 3264 503 3330 sessione
529 3282 563 3326 se
587 3281 650 3326 non
675 3261 796 3328 habere
828 3267 1025 3341 asserentes;
1057 3260 1224 3326 uniuersas
1251 3265 1362 3324 autern
1385 3259 1489 3323 literas

363 3373 509 3438 causales
526 3371 674 3436 eteniam
690 3371 794 3454 sique
815 3364 916 3456 'super
940 3371 1012 3456 ipsa
1037 3371 1238 3455 possessione
1256 3365 1386 3452 Guncyl
1409 3363 1489 3448 apud

364 3481 449 3564 ipsos
466 3479 516 3544 vel
531 3479 612 3544 alios
632 3480 830 3562 exipsorum
848 3481 986 3563 nomine,
1003 3499 1196 3562 quocunque
1221 3479 1320 3543 modo
1344 3474 1491 3542 haberen-

364 3594 428 3666 tur,
447 3607 555 3652 eassas
579 3587 788 3652 reddiderunt
812 3593 845 3651 et
860 3587 995 3652 inanes.
1022 3636 1029 3650 .
1061 3587 1187 3652 Datum
1213 3587 1248 3651 in
1274 3585 1415 3650 crastino
1433 3589 1491 3646 ter-

364 3696 444 3760 mini
468 3694 640 3778 prenotati,
657 3715 741 3759 anno
757 3694 877 3759 domini
893 3693 1070 3761 Millesimo
1086 3692 1207 3762 OOO¹¹¹⁰
1228 3690 1492 3778 quinquagesimo

365 3821 478 3892 primo.

473 3983 627 4046 Hatlapjan
652 3983 768 4032 monord
793 3983 884 4046 pscstt
909 3985 1085 4047 nyomaiva13
1118 3981 1251 4046 eredetije
1277 3997 1294 4032 a
1320 3983 1346 4030 b.
1369 3978 1495 4041 serasar

366 4075 566 4140 stjavnyioskai
592 4073 728 4135 ltarlsbam
755 4072 861 4124 Turtcz
892 4073 1111 4139 varmegytben3
1133 4074 1278 4136 »Gyulay‹
1304 4073 1371 4122 fasc.
1389 4069 1435 4119 IV.
1458 4071 1496 4116 ΤΞ.

368 4166 493 4215 szblvc
511 4164 595 4215 nehai
614 4166 701 4214 Hatos
722 4163 843 4214 Gusztav
863 4163 1056 4214 masolattbtl.
