3180 5466
361 521 425 589 468
737 539 922 586 astensem
943 523 1155 586 osirisr'rlu.

361 707 447 789 quod
473 727 545 770 cum
577 705 751 768 secundum
776 704 1011 767 continenciam
1037 703 1182 784 priorum
1207 702 1378 766 literarum
1408 721 1498 782 sepe-

361 814 439 877 dicti
456 815 581 877 comitis
598 812 695 877 Pauli
711 813 841 876 modum
857 811 1026 876 iudiciarie
1052 809 1297 874 deliberacionis
1316 830 1374 874 sue
1391 809 1498 890 expri-

362 921 520 986 mencium
537 926 570 984 et
596 919 731 1002 capituli
763 919 894 984 ecclesie
910 917 1125 995 Wachiensis,
1150 919 1299 998 magistri
1325 915 1497 980 Johannes

361 1033 393 1092 ct
408 1027 434 1092 J
435 1028 553 1093 acobus
569 1026 628 1092 filii
644 1027 826 1093 Alexandri
850 1027 909 1092 filii
935 1025 1067 1104 Ohelen,
1093 1027 1251 1107 quasdam
1276 1027 1496 1108 possessiones

366 1133 529 1201 Sumlruth
546 1143 578 1199 et
593 1135 742 1200 Rososna
757 1141 896 1213 vocatas,
921 1137 954 1198 in
980 1135 1100 1199 octavis
1125 1131 1202 1197 festi
1220 1133 1308 1197 beati
1323 1131 1496 1198 Michaelis

365 1243 551 1326 archangeli
579 1263 664 1308 anno
689 1244 809 1308 domini
835 1243 909 1307 ΜῙῃο
926 1239 1045 1310 OOCmn
1062 1242 1165 1306 XL”¹⁰
1194 1243 1299 1325 primo
1323 1243 1496 1324 preteritis,

365 1352 451 1433 regis
477 1357 510 1416 et
535 1352 613 1416 dicti
639 1351 773 1434 capituli
805 1351 988 1415 hominibus
1013 1352 1194 1416 ineisdem
1213 1349 1377 1432 prioribus
1394 1349 1495 1414 literis

367 1459 468 1542 ipsius
485 1460 610 1523 comitis
627 1459 723 1522 Pauli
740 1464 772 1521 et
789 1458 922 1539 capituli
938 1459 1144 1522 Wachiensis
1161 1459 1351 1522 nominatim
1367 1459 1495 1522 insertis

369 1565 581 1650 presentibus,
597 1587 655 1649 per
669 1572 772 1630 metas
789 1573 820 1630 et
839 1567 1053 1631 limitaciones
1063 1568 1097 1630 in
1107 1567 1275 1649 privilegio
1286 1566 1411 1630 domini
1421 1564 1496 1629 Belo

369 1675 444 1740 olim
461 1674 597 1739 illustris
614 1675 700 1756 regis
725 1673 896 1757 Hungarie
921 1675 1025 1752 felicis
1050 1675 1295 1752 recordacionis,
1321 1675 1356 1737 in
1374 1672 1495 1757 privile·

368 1783 456 1865 gium
472 1783 614 1847 eiusdem
631 1781 756 1846 comitis
773 1783 867 1847 Pauli
884 1784 951 1846 sine
968 1783 1076 1866 aliqua
1102 1784 1283 1847 variacione
1299 1783 1495 1865 conscriptas

367 1898 400 1954 et
415 1892 563 1968 insertas,
574 1888 777 1954 reambulare
788 1889 1112 1972 etapossessionibus
1128 1891 1232 1954 Elsua
1248 1890 1400 1972 magistri
1412 1889 1496 1953 Petri

367 1998 426 2062 filii
442 1998 559 2076 Deseu‚
575 1995 760 2081 Mykochan
786 2004 819 2062 et
835 1996 954 2062 Nostro
980 1993 1131 2080 Gregorii
1147 1999 1225 2062 dicti
1242 1997 1358 2074 Zekul,
1374 1999 1403 2062 si
1421 1997 1496 2060 bono

367 2107 461 2171 modo
487 2111 519 2168 et
543 2112 737 2188 apparenter
762 2105 898 2168 inveniri
924 2111 1063 2187 possent,
1079 2125 1231 2188 separare
1257 2111 1289 2170 et
1314 2106 1497 2187 distingere.

325 2263 335 2270 .
368 2233 529 2296 novasque
545 2219 647 2276 metas
664 2213 755 2276 iuxta
771 2217 896 2275 veteres
912 2213 1044 2294 erigere,
1054 2217 1087 2276 et
1103 2214 1148 2276 sic
1158 2211 1296 2277 Nicolao
1312 2213 1402 2276 dicto
1412 2211 1496 2278 Knn.

368 2321 392 2386 J
394 2321 514 2386 ohanui
531 2326 564 2384 et
579 2320 677 2384 Petro
694 2319 769 2384 filiis
786 2320 967 2398 Benedicti,
982 2320 1118 2385 Nicolao
1134 2327 1166 2386 et
1180 2321 1336 2386 Ladislao
1352 2320 1427 2384 filiis
1437 2320 1497 2384 La-

369 2429 464 2494 dislai
478 2427 537 2492 filii
553 2429 695 2493 eiusdem
712 2427 881 2494 Benedicti
906 2428 1066 2494 nobilibus
1083 2431 1122 2494 de
1148 2427 1310 2513 Ohytnulr,
1335 2427 1498 2512 Stephano

369 2534 511 2618 Georgio
536 2535 707 2601 Dominico
733 2542 766 2600 et
789 2535 925 2601 Nicolao
940 2535 1016 2602 filiis
1032 2527 1194 2602 Dolninici
1221 2535 1432 2602 dictiBubek
1447 2557 1499 2599 no-
1584 2553 1585 2586 ³

369 2643 487 2708 bilibus
503 2645 542 2709 de
558 2643 726 2720 Pleseuch,
754 2645 848 2708 sicuti
865 2652 1084 2709 assumserant
1108 2651 1264 2728 perpetuo
1290 2645 1499 2728 possidendas

370 2753 397 2816 si
423 2752 660 2817 contradictum
684 2771 745 2814 non
770 2750 863 2816 fieret
890 2757 1041 2834 statuere,
1067 2759 1100 2816 et
1125 2753 1237 2817 seriem
1271 2755 1501 2836 premissorum

370 2860 570 2942 aliorumque
587 2860 799 2924 articulorum
825 2860 858 2923 in
886 2861 1073 2945 prescriptis
1089 2860 1252 2943 prioribus
1268 2862 1374 2926 literis
1390 2881 1501 2942 prens

371 2969 486 3033 minati
503 2970 628 3034 comitis
645 2969 741 3034 Pauli
758 2971 961 3048 insertorum,
977 2977 1086 3054 partes
1112 2972 1154 3036 ad
1170 2977 1319 3036 octavum
1345 2971 1430 3036 diem
1457 2969 1502 3033 di·

372 3083 497 3140 ctarum
510 3082 696 3141 octavarum
713 3077 786 3140 festi
802 3075 888 3141 beati
914 3076 1084 3142 Michaelis
1110 3078 1297 3161 archangeli
1313 3080 1374 3162 ipsi
1393 3076 1502 3143 comiti

372 3183 476 3248 Paulo
492 3183 525 3248 in
542 3184 647 3250 literis
663 3186 801 3268 predicti
818 3186 954 3268 capituli
973 3185 1178 3251 Wachiensis
1194 3195 1361 3270 reportare
1377 3187 1503 3252 debuis-
1584 3229 1585 3302 p

372 3296 452 3369 sent,
469 3291 689 3374 discussioque
706 3298 869 3375 reportate
895 3293 989 3357 seriei
1013 3294 1241 3376 premissorum
1258 3295 1442 3375 quindenas
1458 3317 1503 3360 rs·
1584 3325 1585 3376 ᾗ

373 3398 512 3462 sidencie
538 3401 697 3464 exercitus
722 3401 802 3483 regii
826 3421 938 3464 versus
969 3405 1080 3483 partes
1103 3403 1283 3466 maritimas
1309 3404 1386 3467 moti
1414 3409 1450 3466 et
1465 3403 1504 3464 ad

373 3511 501 3570 octavas
532 3505 605 3571 festi
621 3505 774 3573 Omnium
801 3507 1003 3589 Sanctorum,
1035 3529 1119 3574 anno
1145 3509 1265 3575 domini
1291 3511 1366 3575 Mu*
1381 3509 1507 3578 000*ιο

374 3611 478 3676 XL¹³¹⁰
495 3620 584 3678 sexto
595 3616 767 3698 preteritas
783 3617 990 3700 proclamato,
1002 3617 1093 3681 iuxta
1106 3619 1320 3700 complurium
1336 3618 1507 3683 literarum

375 3723 538 3803 prenotati
555 3725 680 3788 comitis
698 3723 793 3788 Pauli
810 3725 1027 3789 continencias
1043 3723 1174 3789 dilativc
1191 3726 1362 3808 attigisset,
1375 3728 1507 3791 demum

374 3829 454 3911 ipsis
471 3829 640 3912 quindenis
656 3831 832 3895 residencie
849 3832 1007 3896 exercitus
1024 3833 1104 3914 regii
1120 3833 1375 3910 advenientibus,
1390 3854 1509 3916 preno-
1584 3913 1585 3924 ἵ

374 3937 435 4000 tati
451 3937 598 4018 magistri
614 3937 640 4001 J
642 3938 783 4004 ohannes
808 3945 841 4002 et
864 3937 1009 4004 «lacobus
1030 3938 1089 4003 filii
1113 3937 1294 4005 Alexandri
1318 3939 1360 4005 ab
1376 3963 1455 4010 uua,
1480 3949 1509 4004 et
1584 3927 1585 4008 l

377 4044 544 4126 predictus
561 4041 740 4127 Gregorius
756 4047 860 4110 erotus
876 4046 982 4111 nerui
998 4053 1092 4130 para
1108 4068 1147 4111 ex
1163 4048 1275 4126 altera,
1295 4050 1337 4113 aa
1363 4049 1511 4114 jammes
1584 4019 1585 4086 l

376 4151 501 4215 comitis
517 4151 614 4216 Pauli
630 4153 817 4218 accedentes
833 4153 1040 4237 presenciam,
1057 4155 1169 4218 literas
1185 4157 1355 4220 memorati
1371 4157 1512 4240 capituli

376 4257 582 4322 Wachiensis
607 4261 869 4341 rescripcionales
895 4262 955 4342 ipsi
983 4261 1090 4326 comiti
1113 4261 1219 4325 Paulo
1245 4263 1513 4329 demonstrarent

376 4367 575 4430 continentes
590 4367 674 4432 inter
691 4373 806 4446 cetera,
823 4370 909 4450 quod
934 4389 1005 4433 cum
1030 4369 1092 4451 ipsi
1116 4369 1263 4451 magistri
1280 4371 1459 4436 Johannes
1483 4380 1512 4436 et

377 4473 522 4537 «lacobus
538 4472 596 4538 filii
606 4473 788 4539 Alexandri
798 4477 885 4558 ipsas
895 4477 1111 4560 possessiones
1132 4475 1292 4542 Sumlruth
1309 4485 1343 4542 et
1358 4477 1515 4544 Rososna

377 4600 415 4642 ex
431 4588 524 4663 parte
539 4589 756 4664 pretactarum
773 4587 1009 4665 possessionum
1026 4583 1209 4667 Mykochan
1226 4591 1258 4649 et
1274 4585 1400 4651 Nostre
1420 4589 1516 4672 preli·

379 4687 463 4752 batis
480 4688 640 4751 nobilibus
666 4690 705 4752 de
732 4690 887 4754 Pleseuclr
915 4699 947 4754 et
967 4689 1117 4773 Chytnulr
1134 4691 1193 4756 sub
1212 4693 1252 4756 iis
1269 4701 1439 4762 metarum
1458 4700 1516 4762 cir·
