3188 5476
311 541 374 604 582
666 556 851 602 surouuour
869 543 1085 600 eruturum.

309 725 402 804 parte
429 717 671 783 reddidisset..
695 719 871 798 expeditos,
897 718 961 782 imo
993 717 1179 782 reddidit..
1207 738 1315 780 coram
1336 717 1448 794 nobis;

310 828 475 894 universas
493 830 594 892 eciam
611 849 686 891 suas
702 827 814 893 literas
841 847 936 908 super
962 825 1056 891 dietis
1081 827 1271 891 iudiciorum
1289 827 1448 910 gravami-

310 935 412 1018 nibus,
437 935 522 1000 facto
554 935 714 1000 calumnie
739 941 771 1000 et
802 935 940 999 aliarum
966 956 1136 1000 caussarum
1155 934 1311 1012 articulis,
1334 941 1449 1000 contra

311 1046 398 1128 ipsos
424 1043 620 1109 Michaelem
644 1043 747 1108 filium
772 1043 881 1108 Deseu
908 1050 939 1108 et
964 1044 1149 1108 Johannem
1164 1043 1277 1108 -filium
1299 1044 1449 1109 Ladislai

312 1175 412 1236 nsque
429 1153 523 1218 modo
539 1174 595 1217 seu
612 1172 714 1235 usque
730 1151 816 1216 diem
833 1153 982 1218 datarum
1007 1151 1207 1235 presencium
1224 1151 1450 1234 quoquomodo

313 1267 527 1326 emanatas..
551 1282 650 1325 vanas
668 1310 673 1324 .
692 1309 698 1323 .
723 1282 761 1324 ac
787 1259 1019 1326 exhibitoribus
1050 1263 1238 1326 nociturae.
1257 1309 1262 1320 .
1288 1262 1450 1324 commisit

313 1391 422 1436 coram
437 1370 547 1449 nobis;
564 1390 581 1432 e
598 1389 749 1434 converso
765 1389 839 1434 vero
855 1369 994 1452 predicti
1011 1369 1153 1434 Michael
1179 1369 1265 1434 filius
1281 1369 1393 1434 Deseu
1418 1375 1451 1433 et

314 1477 339 1542 J
341 1478 482 1542 ohannes
497 1475 582 1541 filius
599 1477 747 1543 Ladislai
763 1477 887 1542 nobiles
904 1479 944 1543 de
954 1477 1160 1543 Zarazberek
1175 1479 1209 1542 iu
1225 1499 1450 1562 recompensa·
1481 1464 1490 1482 ’

313 1587 436 1651 cionem
452 1585 665 1651 relaxacionis
683 1588 824 1651 omnium
840 1588 1071 1670 premissorum
1088 1588 1312 1670 gravaminum
1328 1595 1362 1653 et
1377 1603 1450 1672 per·

314 1695 475 1778 petualem
492 1693 748 1777 resignaoionem
758 1695 842 1758 dicte
858 1696 1109 1778 possessionarie
1126 1696 1288 1778 porcionis
1306 1696 1451 1761 eiusdem

313 1803 460 1870 Ladislai
485 1801 544 1868 filii
571 1802 728 1886 Stephani
754 1806 787 1868 in
814 1800 912 1888 Syma
928 1803 1047 1882 habite,
1064 1804 1166 1886 primo
1184 1825 1241 1886 per
1267 1811 1452 1888 protectum

315 1912 478 1976 dominum
495 1909 656 1976 Karolum
674 1931 781 1993 regem
808 1931 827 1974 a
852 1913 998 1993 predicto
1024 1911 1179 1977 Ladislao
1204 1913 1271 1976 filio
1288 1912 1450 1997 Stephani

315 2041 373 2102 pro
390 2020 456 2083 suis
473 2019 647 2084 meritoriis
664 2017 846 2084 excessibus
870 2021 954 2103 ignis
971 2020 1129 2104 supplicio
1146 2027 1311 2086 consumto
1328 2021 1450 2100 ablate,

315 2136 347 2194 et
362 2129 395 2193 in
412 2129 633 2212 perpetualem
658 2129 889 2212 proprietatem
914 2129 1016 2212 ipsius
1042 2129 1120 2192 dicti
1137 2129 1261 2194 Thome
1285 2133 1451 2214 qnondam

315 2235 444 2299 voivode
462 2285 491 2298 ..
515 2236 653 2316 redacte,
681 2243 714 2301 et
739 2239 867 2302 demum
893 2243 1036 2320 tempore
1054 2237 1244 2302 succedente
1262 2260 1319 2320 per
1341 2240 1453 2321 ipsum

318 2343 441 2414 dictum
458 2343 616 2410 Thomam
634 2348 796 2428 quondam
812 2346 978 2411 voivodam
990 2346 1137 2410 similiter
1147 2367 1206 2428 pro
1217 2347 1283 2411 suis
1301 2346 1455 2411 fidelibus

319 2453 461 2516 serviciis
478 2453 581 2518 eidem
596 2455 752 2537 magistro
768 2455 914 2520 «Iohanni
940 2457 978 2520 de
1004 2453 1132 2520 Ohahul
1152 2456 1261 2537 rigore
1280 2455 1454 2520 literarum

318 2560 501 2642 patencium
517 2562 746 2644 prememorati
762 2563 882 2628 domini
908 2562 1063 2628 Lodovioi
1087 2563 1172 2645 regis
1189 2614 1195 2625 .
1214 2615 1220 2628 .
1244 2563 1370 2642 donate,
1385 2585 1455 2628 me-

317 2668 469 2732 dietatem
486 2670 597 2734 totalis
622 2671 807 2737 medietatis
834 2673 918 2736 dicte
941 2671 1149 2754 possessionis
1165 2671 1307 2754 ipsorum
1324 2672 1455 2736 heredi-

316 2777 399 2840 tarie
415 2775 618 2842 Zaruzberek
634 2784 754 2859 vocate,
781 2801 800 2844 a
825 2785 917 2862 parte
943 2779 1136 2843 occidentali
1162 2780 1337 2857 existentis,
1353 2781 1455 2846 simul

318 2905 390 2950 cum
415 2887 566 2968 porcione
592 2887 846 2968 possessionaria
877 2888 1019 2951 eiusdem
1051 2889 1198 2968 magistri
1230 2887 1390 2952 Johannis
1417 2892 1454 2953 in

318 2994 430 3058 eadem
445 2995 644 3076 possessione
670 2993 875 3059 Zarazberek
899 2999 1013 3060 rosata
1038 2995 1159 3073 habita,
1176 2997 1208 3058 in
1236 3017 1298 3058 uno
1325 2997 1393 3061 loeo
1419 3004 1457 3062 et

318 3101 430 3167 ordine
447 3122 466 3165 a
482 3108 574 3185 parte
590 3095 854 3186 septemtrionali,
871 3124 943 3167 cum
955 3103 1101 3168 omnibus
1118 3105 1185 3168 suis
1202 3103 1400 3168 utilitatibus
1418 3157 1426 3170 .
1448 3157 1456 3169 .

317 3209 468 3274 uidelicet
484 3211 563 3274 iuris
579 3217 769 3294 patronatus
795 3211 917 3294 capelle
943 3211 1035 3276 beate
1052 3211 1184 3294 virginis
1201 3213 1234 3275 in
1251 3213 1361 3278 eodem
1378 3233 1455 3296 pos·

320 3321 461 3385 sessione
477 3321 635 3386 fabricate
652 3371 658 3385 .
679 3373 685 3385 .
709 3342 747 3386 ao
763 3321 835 3384 aliis
847 3319 1045 3404 quibuslibet
1062 3321 1128 3384 suis
1145 3373 1151 3386 .
1169 3372 1175 3384 .
1199 3322 1428 3403 pertinenciis.
1449 3374 1456 3387 .

319 3426 530 3492 contulissent
545 3429 607 3511 ipsi
622 3429 778 3512 magistro
794 3427 820 3491 J
822 3428 942 3492 ohanni
959 3427 1026 3492 filio
1042 3428 1135 3492 Petri
1151 3429 1190 3492 de
1207 3426 1334 3493 Ohahul
1350 3435 1384 3494 et
1394 3451 1458 3512 per

320 3556 391 3599 eum
423 3536 488 3600 suis
513 3535 686 3600 heredibus
703 3586 733 3600 ..
757 3537 826 3600 iure
852 3544 1009 3620 perpetuo
1027 3585 1057 3598 ..
1084 3537 1358 3619 possidendam..
1383 3539 1452 3602 imo

320 3644 477 3708 dederunt
494 3695 500 3708 .
519 3693 525 3706 .
550 3665 658 3708 coram
674 3645 776 3723 nobis,
793 3644 917 3709 nullum
934 3646 984 3709 ius
1001 3693 1007 3707 .
1026 3696 1031 3710 .
1056 3643 1089 3708 in
1116 3645 1201 3708 diota
1217 3645 1390 3709 medietate
1408 3652 1457 3709 to-

319 3751 395 3816 talis
411 3752 593 3816 medietatis
610 3752 735 3836 prefate
752 3753 961 3836 possessionis
978 3751 1181 3817 Zarazberelr
1197 3759 1307 3817 vocate
1324 3761 1457 3835 aparte

321 3860 576 3943 septemtrionali
593 3860 713 3942 habita,
730 3861 792 3925 sibi
809 3867 840 3924 et
857 3862 923 3925 suis
934 3860 1105 3925 heredibus
1124 3909 1129 3922 .
1148 3911 1153 3924 .
1177 3862 1379 3940 reservando,
1397 3864 1456 3928 sed

320 3974 427 4034 totum
443 3971 494 4034 ius
511 4021 517 4034 .
535 4021 541 4033 .
565 3970 598 4032 in
615 3969 719 4053 ipsum
738 3972 927 4053 magistrum
938 3970 963 4034 J
965 3971 1124 4035 ohannem
1136 3977 1167 4034 et
1185 3991 1258 4035 suos
1275 3970 1428 4035 heredes.
1449 4020 1456 4033 .

320 4077 563 4156 transferend03
588 4085 821 4142 assummentes
847 4079 1056 4143 nihilominus
1082 4078 1179 4142 iidem
1205 4076 1348 4141 Michael
1368 4076 1457 4142 filius

321 4187 430 4252 Deseu
455 4190 487 4248 et
512 4183 681 4249 Johannes
706 4185 792 4249 filius
817 4186 964 4251 Ladislai
981 4235 1011 4251 ..
1036 4187 1171 4250 eundem
1187 4187 1380 4268 magistrum
1396 4186 1456 4252 Jo

321 4294 461 4360 hannem
476 4292 578 4358 filium
594 4293 686 4358 Petri
704 4295 743 4359 de
759 4292 888 4359 Ohahnl
904 4317 941 4360 ac
959 4317 1032 4359 suos
1048 4294 1181 4360 heredes
1198 4347 1203 4361 .
1222 4345 1228 4357 .
1253 4317 1351 4379 snper
1367 4295 1457 4362 dicta

321 4402 494 4468 medietate
510 4403 621 4466 totalis
638 4403 820 4468 medietatis
845 4403 988 4486 predicte
1013 4403 1222 4485 possessionis
1248 4403 1456 4468 Zarazberek

321 4516 432 4576 vocate
448 4532 468 4574 a
484 4510 611 4594 prefata
627 4511 724 4594 plaga
741 4511 995 4595 septemtrionali
1015 4511 1175 4576 adiacenti
1193 4561 1199 4574 .
1217 4559 1222 4570 .
1248 4533 1268 4576 a
1296 4513 1454 4596 proximis

322 4627 355 4685 et
380 4621 526 4703 cognatis
552 4641 682 4684 suarum
699 4621 994 4704 generacionumet
1010 4622 1193 4703 specialiter
1209 4643 1307 4704 super
1324 4623 1452 4702 quartis

322 4727 523 4814 puellaribus
540 4749 684 4794 sororum
709 4731 853 4812 ipsorum
873 4731 1070 4816 expedire..
1097 4731 1151 4814 qui
1181 4731 1207 4794 si
1232 4730 1339 4813 ipsum
1355 4732 1457 4814 magi-
