3188 5470
563 479 657 542 1349.
674 497 741 542 sun.
758 482 787 543 4.
1182 485 1246 546 293

107 667 258 726 vocatam
275 659 308 722 iu
325 659 477 724 iamdicto
494 661 647 724 comitatu
664 658 850 743 Simigiensi
865 659 1021 738 habitam,
1047 682 1119 726 cum
1145 663 1243 726 omni·

106 771 172 836 bus
188 772 254 836 suis
264 820 272 835 .
283 823 290 844 ,
300 770 517 855 pertinenciis,
530 768 590 834 sub
599 769 683 834 reris
699 769 767 834 suis
784 817 790 831 .
808 817 815 832 .
831 769 934 847 metis,
949 769 1069 834 eisdem
1085 769 1246 835 nobilibus

109 881 151 946 de
177 900 294 963 genere
314 877 406 962 Tyak
431 897 491 962 pro
516 876 701 942 huiusmodi
726 876 943 942 iuvaminibns
968 883 1001 942 et
1025 877 1246 960 perpetuacio-

111 988 206 1054 nibus
222 987 341 1052 iurium
358 986 542 1050 eorumdem
557 985 583 1050 J
584 985 721 1051 ohannis
731 991 764 1051 et
773 983 908 1051 Omodei
921 987 1245 1069 possessicuariorum

110 1099 143 1162 in
170 1097 266 1162 dictis
297 1093 551 1180 possessionibus
581 1093 748 1179 Kakuuya
772 1100 806 1160 et
831 1093 1083 1162 Sceuthtrinitas
1114 1097 1245 1174 vocatis,

110 1207 197 1290 ipsos
229 1207 352 1271 nobiles
377 1205 416 1270 de
447 1225 563 1289 genere
596 1203 689 1288 Tyak
720 1203 943 1286 quoquomodo
975 1204 1244 1287 contingentibus,

109 1316 230 1380 eisdem
247 1315 273 1380 J
273 1314 393 1380 obanui
410 1319 442 1379 et
452 1312 596 1380 Omodco
606 1315 709 1378 nostri
725 1313 758 1378 in
775 1313 942 1397 presencia
952 1313 1047 1378 lactis
1064 1318 1097 1380 et
1113 1312 1242 1390 habitis,

110 1424 188 1490 dare
205 1430 239 1490 ct
255 1429 459 1508 perpetuare,
474 1442 613 1504 moxque
628 1423 747 1488 eisdem
764 1421 888 1487 duabus
904 1419 1158 1506 possessionibus
1174 1421 1244 1488 Ka·

108 1533 218 1617 kunya
244 1540 279 1597 et
308 1530 559 1598 Scenthtrinitas
584 1532 618 1596 in
643 1531 699 1596 lite
725 1531 901 1615 reoptentis
933 1531 1053 1596 eisdem
1078 1531 1244 1614 resignare

108 1646 307 1719 tenerentur,
336 1661 374 1704 ac
398 1639 535 1724 predicti
560 1638 682 1704 nobiles
708 1639 746 1704 de
767 1659 883 1722 genere
900 1638 1000 1724 Tyalr‚
1017 1640 1104 1722 ipsas
1119 1660 1243 1722 posses·

109 1751 214 1816 siones
242 1748 408 1832 Kakunya
433 1754 465 1812 et
491 1746 744 1813 Soenthtrinitas
760 1753 899 1825 vocatas,
925 1747 1014 1812 nullo
1039 1747 1109 1811 iure
1125 1746 1186 1812 sibi
1204 1746 1243 1810 de

109 1858 230 1924 eisdem
246 1863 418 1934 reservato,
429 1857 508 1940 ipsis
519 1854 544 1920 J
545 1855 664 1920 ohanni
681 1860 714 1920 et
730 1853 873 1922 Omodeo
890 1853 966 1920 filiis
981 1853 1109 1922 Nicolai
1126 1855 1243 1920 darent

108 1975 140 2032 et
156 1973 389 2052 perpetuarent
405 1967 439 2030 in
450 1965 532 2031 filios
542 1964 683 2031 filiorum
699 1965 883 2030 eorumdem
899 1965 1118 2048 possidendas,
1133 1965 1242 2030 iidem-

107 2099 168 2161 que
184 2077 356 2143 Johannes
371 2083 404 2142 et
419 2069 582 2144 Omodeus
598 2076 726 2142 eosdem
742 2075 863 2141 nobiles
881 2076 920 2140 de
946 2097 1061 2159 genere
1079 2075 1179 2160 Tyalr,
1197 2075 1239 2139 ab

108 2185 257 2251 omuibus
287 2183 526 2268 impetitoribus
551 2184 635 2250 dicte
660 2186 870 2268 possessionis
895 2184 1025 2268 Bolugd
1051 2185 1239 2268 expedirent

107 2293 273 2360 laboribus
298 2293 437 2377 propriis
457 2299 490 2357 et
515 2293 672 2376 expensis,
697 2299 795 2377 prout
819 2293 1036 2378 prenominati
1062 2292 1185 2358 nobiles
1201 2293 1241 2357 de

108 2423 224 2486 genere
241 2401 334 2486 Tyak
349 2423 383 2466 se
399 2400 623 2484 personaliter,
642 2406 675 2466 et
690 2401 934 2485 prenominatus
959 2399 985 2465 J
986 2402 1129 2466 ohannes
1154 2399 1240 2466 filius

106 2511 236 2578 Nicolai
253 2509 313 2574 filii
328 2508 458 2576 Nicolai
478 2509 643 2592 quondam
658 2508 734 2574 bani
750 2531 784 2574 se
801 2508 950 2574 similiter
975 2510 1191 2592 personaliter
1206 2517 1239 2575 ct

108 2621 287 2687 Omodeum
304 2618 437 2684 fratrem
455 2639 558 2697 suum,
575 2620 665 2684 onius
681 2639 762 2684 onus
773 2625 805 2682 et
815 2639 989 2702 gravamen
1005 2618 1030 2682 si
1045 2638 1108 2700 que
1119 2619 1240 2683 coutin-

109 2735 218 2822 gerent
228 2730 262 2792 in
276 2727 439 2810 hacparte
449 2725 491 2792 ad
502 2747 535 2792 se
546 2727 780 2804 assummeudo,
792 2727 958 2792 totaliter.
975 2777 981 2790 .
999 2726 1041 2791 ad
1051 2726 1158 2791 omnia
1168 2748 1239 2810 pre·

110 2838 205 2902 missa
221 2885 228 2899 .
247 2887 252 2900 .
269 2835 363 2900 illesa
373 2835 543 2900 observare
553 2834 703 2900 ultronea
713 2857 821 2900 coram
831 2833 923 2900 nobis
934 2833 1120 2917 obligarunt
1130 2833 1239 2898 volun·

109 2952 181 3010 tate.
197 2945 326 3010 Datum
342 2943 423 3008 feria
439 2949 530 3008 sexta
545 2945 694 3028 proxima
709 2949 782 3026 post
807 2949 936 3009 octavas
960 2941 1034 3008 festi
1059 2942 1239 3008 nativitatis

110 3054 193 3119 beati
209 3051 236 3118 J
236 3051 373 3118 ohannis
389 3051 549 3135 Baptiste,
570 3072 654 3116 anno
671 3051 791 3117 domini
808 3049 860 3115 Μ0
886 3049 1007 3118 OOO'¹¹⁰
1024 3051 1130 3116 XLm⁰
1146 3072 1237 3116 nono.

212 3216 367 3280 Hatlapjan
378 3215 470 3281 pecset
482 3215 641 3280 nyomaival
652 3234 658 3282 3
669 3215 800 3280 e1·edetije
812 3231 829 3268 a
842 3216 968 3280 Kerneny
983 3231 1018 3266 cs.
1032 3215 1169 3281 ltaranan,
1181 3215 1237 3264 Vas

110 3306 268 3372 megyebeu.

636 3619 709 3680 160.

114 3759 201 3821 1349.
220 3757 488 3840 Berepsadaz„7‘ul.
505 3759 535 3822 4.
565 3757 664 3843 Berep
689 3762 855 3844 vcirmepye
880 3759 1044 3844 aliopo‘nja
1069 3760 1100 3821 es
1119 3758 1236 3842 szolqa·

113 3863 192 3928 birci
207 3863 279 3928 elb'tl
298 3865 442 3929 Benedek
467 3865 588 3930 lenzani
612 3877 753 3928 szcrzeles
779 3865 962 3950 elb'terjeazli
976 3887 1052 3930 ozon
1064 3871 1233 3951 panoszcit,

113 3974 187 4058 bopp
201 3981 232 4037 ot
247 3997 286 4038 oz
301 3974 452 4038 Eszeaielr
462 3973 607 4059 foemora·
623 3975 741 4060 ozolqcii
751 3975 904 4041 Sabzozmr
929 3977 960 4038 o'a
983 3973 1122 4060 Battyna
1133 3973 1235 4059 fallit·

162 4079 258 4144 tortu
276 4078 474 4144 rablomodon
492 4081 757 4166 mepromadtaks
778 4081 948 4146 mideuebbl
962 4081 1171 4166 kifoezlottdk.

213 4223 282 4290 Nos
298 4225 454 4308 magister
473 4223 615 4290 Thomas
639 4227 814 4291 vicecomes
839 4226 988 4310 magistri
1004 4224 1186 4292 Moroohuk
1202 4234 1234 4292 et

116 4339 245 4413 quatuor
276 4333 399 4399 iudices
429 4333 586 4398 nobilium
611 4336 783 4400 comitatus
809 4335 848 4399 de
873 4335 1012 4418 Beregb,
1036 4334 1150 4400 damus
1175 4357 1234 4418 pro

116 4444 267 4526 memoria,
292 4443 378 4524 quod
395 4443 592 4509 Benedictus
609 4443 757 4510 sacerdos
774 4443 813 4508 de
830 4443 951 4508 Kuzuu
968 4465 1077 4508 coram
1094 4443 1185 4510 nobis
1203 4495 1208 4508 .
1227 4495 1233 4508 .

116 4553 305 4629 constitutus,
330 4573 388 4634 per
413 4551 543 4617 modum
568 4552 816 4640 protestacionis
841 4550 1025 4636 significare
1050 4553 1175 4617 curavit
1200 4552 1233 4616 in

21 4675 27 4690 ·
115 4659 190 4727 hunc
213 4659 351 4744 modum,
384 4661 469 4744 quod
494 4661 663 4729 Johannes
688 4661 791 4729 dictus
817 4661 896 4748 Mog
922 4660 1062 4728 famulus
1078 4663 1230 4746 magistri
