3188 5470
566 507 660 574 1349.
677 528 751 573 nus.
762 507 814 572 22.
1191 507 1258 571 :317

124 684 294 768 traditam,
303 685 498 770 demumque
508 711 565 771 per
582 739 588 752 .
606 737 611 750 .
628 689 826 754 Lodosicum
842 737 867 752 ..
884 709 993 772 regem
1003 686 1104 752 filium
1115 693 1260 752 nostrum

124 847 132 858 .
152 846 158 858 .
176 797 312 862 eandem
328 797 558 880 possessionem
574 795 686 861 Kandi
703 795 797 860 uxori
813 801 848 861 εὴ
862 795 937 860 filiis
954 795 1096 861 eiusdem
1113 795 1260 879 magistri

123 905 224 970 Pauli
240 905 435 988 carpentarii
451 903 669 968 mediantibus
688 904 754 968 suis
771 903 869 985 regiis
885 903 987 967 literis
1001 902 1185 985 patentibus
1208 923 1258 985 pe-

125 1015 306 1078 rennaliter
322 1011 485 1096 possidere
505 1010 734 1094 confirmatam,
754 1032 904 1096 nuncque
914 1033 972 1094 per
982 1011 1001 1076 ·]
1009 1010 1143 1076 acobum
1155 1010 1259 1076 filium

125 1121 229 1202 ipsius
245 1119 393 1204 magistri
408 1119 504 1186 Pauli
521 1121 717 1203 carpentarii
733 1141 792 1202 pro
809 1127 938 1186 centum
958 1120 1074 1184 mareis
1091 1117 1184 1201 plene
1202 1141 1260 1202 per

125 1236 274 1294 nostram
289 1230 492 1296 maiestatem
508 1229 610 1295 eidem
636 1229 670 1293 in
696 1229 831 1312 promtis
856 1229 997 1296 denariis
1024 1227 1065 1292 ad
1090 1249 1261 1292 numerum

125 1337 314 1404 Budensem
322 1337 504 1420 persolutis,
514 1339 623 1420 vigore
633 1336 802 1402 literarum
812 1335 1061 1422 privilegialium
1079 1384 1085 1398 .
1103 1385 1109 1398 .
1126 1333 1261 1418 capituli

126 1447 262 1512 ecclesie
278 1446 448 1527 BudensiS‚
466 1468 537 1511 cum
563 1445 710 1524 omnibus
735 1445 802 1510 suis
829 1445 1011 1510 literalibus
1036 1445 1261 1523 instrumentis

125 1576 226 1636 super
241 1555 313 1638 ipsa
329 1555 528 1637 possessione
544 1553 666 1637 Kandy
681 1553 802 1620 habitis
818 1559 852 1618 et
867 1553 1027 1632 confectis,
1053 1559 1163 1618 nostre
1180 1553 1261 1636 regi-

126 1661 196 1726 nali
212 1662 376 1728 maiestati
392 1661 462 1726 iure
480 1647 645 1744 perennali
661 1661 824 1726 venditam
842 1711 848 1724 .
866 1713 872 1725 .
890 1683 963 1726 cum
982 1660 1129 1726 omnibus
1146 1662 1212 1726 suis
1229 1710 1236 1724 .
1254 1711 1260 1724 .

128 1769 364 1850 pertinenciis.
382 1818 389 1832 .
406 1787 597 1852 quoeunque
615 1768 918 1833 nominisroeabulo
936 1769 1091 1850 vocitatis,
1108 1770 1141 1832 in
1152 1789 1261 1850 super-

126 1877 198 1944 ficie
216 1879 360 1946 eiusdem
377 1880 584 1963 possessionis
594 1879 716 1965 Kandy
727 1878 948 1962 existentibus
963 1879 1022 1944 sub
1033 1879 1152 1943 eisdem
1169 1877 1262 1942 metis

126 1995 161 2052 et
187 1989 400 2054 terminorum
425 1987 687 2053 distinccionibus
714 1986 831 2068 quibus
856 1986 968 2052 eadem
992 1987 1034 2052 ab
1058 1986 1135 2052 olim
1159 2004 1262 2067 usque
1363 2048 1368 2066 Ι

126 2117 214 2159 nunc
231 2095 342 2160 habita
358 2096 481 2161 exstitit
497 2101 529 2160 et
544 2114 700 2178 possessa,
725 2094 869 2177 predicto
889 2094 1030 2160 claustro
1046 2093 1180 2176 virginis
1196 2094 1262 2176 glo-

125 2203 213 2268 riose
229 2201 269 2267 de
285 2203 398 2270 Veteri
413 2202 517 2281 Buda‚
534 2208 567 2266 et
582 2223 640 2284 per
656 2205 761 2285 ipsum
777 2202 939 2268 sororibus
964 2207 1073 2268 sancte
1089 2202 1187 2269 Clare
1202 2203 1263 2266 vir-

126 2312 212 2394 ginis
228 2312 348 2394 iugiter
363 2311 422 2376 deo
438 2318 472 2376 et
488 2312 556 2376 eius
573 2331 664 2376 sacre
679 2311 829 2394 genitrici
845 2311 1076 2376 famulantibus
1092 2311 1126 2374 in
1142 2309 1262 2391 eodem,

126 2419 220 2484 nullo
235 2420 316 2484 iuris
333 2441 391 2484 seu
410 2420 619 2503 proprietatis
644 2419 785 2485 dominio
810 2419 949 2502 amplius
974 2419 1008 2484 in
1033 2418 1145 2484 eadem
1170 2417 1262 2482 nobis

128 2533 304 2608 reservato,
321 2549 392 2592 cum
409 2527 556 2592 omnibus
572 2527 753 2593 literalibus
778 2527 1001 2592 instrumentis
1027 2548 1125 2608 super
1150 2525 1262 2590 eadem

128 2635 355 2717 quoquomodo
371 2635 524 2700 confectis
542 2685 548 2699 .
565 2685 572 2698 .
590 2635 777 2700 donavimus
794 2641 826 2699 et
842 2633 1035 2700 contulimus
1053 2683 1059 2696 .
1076 2685 1082 2696 .
1101 2639 1258 2715 perpetuo

128 2751 160 2808 et
175 2741 433 2808 irrevocabiliter
458 2741 621 2825 possidere
638 2749 670 2807 et
686 2763 813 2826 semper
838 2741 971 2826 pacifice
987 2740 1114 2807 habere.
1139 2740 1187 2806 Ut
1203 2739 1263 2804 hec

128 2859 241 2917 nostra
256 2851 392 2916 donacio
408 2851 507 2916 robur
522 2857 679 2934 perpetue
695 2851 858 2916 firmitatis
876 2850 1030 2928 obtineat,
1050 2871 1109 2914 nec
1125 2849 1158 2912 in
1175 2847 1191 2912 l
1212 2853 1262 2912 tu-

128 2982 200 3025 rum
217 2981 276 3042 per
292 2960 477 3042 quempiam
493 2959 595 3042 possit
610 2961 644 3024 in
657 2959 788 3024 irritum
803 2958 986 3036 retractari,
1005 2961 1170 3040 presentes
1187 2955 1263 3020 huic

128 3069 273 3133 elaustro
289 3065 382 3132 beate
401 3067 534 3150 virginis
559 3066 670 3131 literas
696 3071 823 3140 nostras
849 3065 1075 3148 privilegiales,
1101 3062 1259 3127 autentici

129 3177 232 3259 sigilli
247 3176 351 3241 nostri
367 3175 504 3258 duplicis
520 3176 695 3240 munimine
712 3175 888 3254 roboratas,
907 3176 940 3238 in
956 3172 1162 3257 perennalem
1178 3172 1263 3238 dicte

128 3285 340 3366 possessionis
380 3285 675 3348 conservacionem·
696 3281 844 3347 duximus
875 3281 1102 3346 concedendas.
1138 3279 1262 3345 Datum

128 3414 186 3476 per
196 3411 313 3457 manus
330 3441 336 3454 .
355 3439 361 3454 .
377 3390 403 3455 J
404 3389 540 3454 ohannis
572 3391 666 3454 electi
698 3388 878 3454 confirmati
910 3389 1043 3455 ecclesie
1069 3387 1262 3470 Wesprimi·

128 3502 223 3578 ensis,
243 3499 318 3564 aule
335 3502 444 3562 nostre
461 3497 645 3562 cancellarii
663 3549 668 3562 .
686 3547 692 3562 .
709 3497 877 3562 undecimo
888 3495 1042 3562 kalendas
1054 3495 1262 3579 Septembris,

128 3632 213 3676 auno
233 3609 471 3674 incarnacionis
496 3607 654 3698 dominice
679 3606 854 3672 Millesimo
880 3607 1104 3672 trecentesimo
1125 3605 1263 3686 quadra·

129 3720 252 3801 gesimo
270 3739 363 3782 nonu.

237 3879 263 3928 A
277 3880 367 3928 kettds
387 3875 480 3940 penset
498 3875 553 3926 kek
572 3875 599 3926 es
618 3891 694 3926 veros
717 3875 953 3939 selyemszalakon
973 3877 1057 3940 fiigg3
1075 3864 1207 3938 ¹eredetije
1230 3889 1262 3924 aa

133 3982 202 4018 orsa.
226 3970 259 4018 lt.
282 3969 381 4018 kinost.
405 3972 472 4016 oszt.
495 3967 570 4016 Mon.
603 3967 634 4016 V.
658 3966 727 4016 Bud.
752 3971 793 4015 24.
814 3972 838 4015 2.
861 3964 927 4028 dipl.
951 3969 1018 4014 esst.
1052 3971 1129 4014 4072.
1160 3963 1259 4013 Kdzli:

129 4059 239 4109 Koraos
259 4059 293 4108 N.
691 4066 692 4069 ’
