3188 5470
535 458 627 526 1349.
645 477 713 526 rut.
731 466 759 526 6.
1144 463 1214 536 295Ι

79 643 292 708 ducentesimo
308 643 499 726 octogesimo
516 649 627 708 octavo
646 641 836 720 confectum,
852 641 938 705 inter
954 647 1126 722 ceteraque
1144 641 1206 706 hoc

80 752 261 818 declarans:
287 752 373 833 quod
397 751 474 818 clim
490 751 657 818 Dionisius
683 749 768 816 filius
789 749 908 816 Bodun
933 750 972 815 de
998 769 1116 833 genere
1132 747 1210 814 Aba

80 882 181 926 coram
198 861 344 927 Omodeo
360 868 437 928 tunc
454 861 601 943 palatino
626 860 842 944 personaliter
857 858 1082 942 comparando,
1108 879 1210 941 quan·

81 968 149 1034 dam
164 970 399 1053 possessionem
418 991 510 1035 suam
529 969 750 1054 Vytetmezew
768 975 922 1052 vocatam,
949 968 1131 1034 astantibus
1147 966 1208 1032 sibi

81 1081 220 1161 cognatis
246 1085 279 1143 et
294 1081 483 1163 propinquis
509 1080 585 1156 suis,
610 1077 723 1144 Lathk
749 1077 897 1142 videlicet
921 1076 988 1141 filio
1003 1075 1133 1141 Nicolai
1149 1074 1208 1142 filii

81 1188 152 1252 dicti
167 1185 255 1266 Aba,
271 1189 386 1253 comite
414 1187 512 1253 Petro
528 1185 595 1252 filio
612 1183 755 1270 Georgii,
781 1187 898 1251 comite
913 1184 1030 1250 Bodun
1047 1183 1114 1250 filio
1131 1183 1209 1249 alte·

80 1298 141 1361 rius
157 1293 295 1380 Georgii
312 1303 344 1361 et
359 1295 432 1362 aliis
449 1295 610 1361 nobilibus
627 1295 847 1378 generationis
864 1315 929 1371 suc,
946 1314 984 1357 ex
1001 1292 1209 1375 permissione

80 1426 232 1470 consensu
248 1405 416 1471 voluntate
432 1411 465 1469 et
480 1403 682 1488 beneplacito
703 1402 888 1470 eorumdem
904 1423 964 1486 pro
981 1407 1100 1484 quarta
1115 1399 1208 1465 filiali

80 1511 203 1576 domine
219 1512 331 1578 relicte
348 1513 474 1577 comitis
491 1511 609 1590 Mersa,
625 1511 691 1576 filie
710 1511 847 1594 predicti
872 1510 990 1574 Bodun
1016 1509 1135 1574 sororis
1153 1530 1209 1574 sue

79 1622 210 1696 uteriue,
236 1620 313 1684 licet
337 1626 444 1685 tamen
471 1619 582 1684 eadem
609 1619 738 1683 domina
764 1617 803 1682 de
828 1617 1015 1683 substancia
1039 1617 1208 1700 patrissui

79 1728 251 1794 maioribus
268 1734 301 1792 et
317 1728 527 1811 amplioribus
553 1728 644 1792 donis
660 1726 699 1792 de
716 1726 809 1810 regui
835 1725 1064 1791 consvetudine
1081 1731 1113 1789 et
1129 1726 1209 1790 iuris

80 1838 185 1902 ordine
219 1836 382 1902 mediante
407 1835 507 1918 digna
532 1834 715 1910 haberetur,
746 1835 903 1916 magistro
940 1833 1118 1898 Benedicto
1143 1831 1209 1898 filio

83 1946 223 2010 eiusdem
259 1945 379 2010 sororis
405 1965 461 2009 sue
488 1943 577 2008 dedit
601 1943 732 2008 donavit
766 1942 903 2008 tradidit
928 1948 959 2006 et
983 1941 1120 2008 contulit
1139 1943 1210 2005 iure

79 2060 231 2137 perpetuo
247 2053 282 2118 in
298 2053 443 2136 antiquis
468 2053 535 2117 suis
560 2053 654 2116 metis
681 2074 753 2117 oum
779 2050 926 2116 omuibus
952 2051 1017 2115 suis
1036 2050 1161 2115 iuribus
1178 2057 1210 2123 et

79 2163 286 2247 pertinenciis
311 2160 443 2245 pacifice
468 2166 502 2225 et
525 2159 779 2227 irrevocabssiter
802 2159 1037 2244 possidendam,
1058 2165 1208 2242 presente

78 2271 250 2335 stridente
275 2275 430 2334 annotato
455 2268 608 2334 Johaune
633 2267 700 2333 filio
724 2266 853 2332 Nicolai
879 2273 973 2350 patre
998 2271 1030 2330 et
1054 2287 1208 2349 procura·

78 2385 142 2444 tore
175 2376 361 2442 eorumdem
383 2383 537 2456 actorum,
564 2377 620 2457 qui
646 2397 718 2441 cum
743 2375 846 2440 literis
871 2375 1105 2458 procuratoriis
1136 2395 1206 2457 pre·

79 2488 187 2569 scripti
204 2485 342 2568 capituli
367 2485 500 2550 ecclesie
515 2483 686 2568 Agrieusis
703 2505 762 2568 pro
779 2483 900 2549 eisdem
916 2485 1028 2566 pueris
1045 2485 1111 2548 suis
1127 2503 1210 2548 com-

78 2595 191 2676 paruit,
217 2593 310 2658 nobis
336 2595 461 2658 curarit
486 2592 645 2658 exhibere.
671 2590 798 2676 Quibus
813 2613 871 2658 nos
889 2592 972 2671 visis,
998 2593 1159 2675 perlectis,
1176 2599 1208 2656 et

78 2701 222 2786 partibus
238 2703 271 2766 in
288 2701 363 2766 sede
383 2707 494 2766 nostra
509 2701 681 2766 iudiciaria
698 2723 755 2767 suo
771 2701 865 2766 modo
882 2701 1080 2787 inmaterna
1098 2699 1210 2783 lingua

78 2811 238 2894 expositis,
262 2809 340 2892 quia
355 2809 538 2893 sepedictus
554 2809 580 2874 J
581 2811 725 2875 ohannes
740 2809 827 2874 filius
847 2807 978 2874 Nicolai
1003 2808 1126 2874 nullam
1142 2807 1209 2872 effi-

78 2940 181 2985 cacem
207 2917 431 3002 exceptionem
462 2925 576 2984 contra
606 2925 751 2984 tenorem
782 2919 883 3002 ipsius
915 2916 1076 3001 privilegii
1107 2918 1209 2982 nostri

78 3029 107 3090 in
122 3026 295 3111 presencia
309 3027 416 3091 facere
432 3033 570 3110 poterat,
580 3035 612 3092 et
623 3026 701 3108 quia
717 3026 819 3092 eciam
836 3047 893 3090 nos
908 3013 949 3090 ex
963 3025 1044 3090 serie
1055 3025 1213 3108 prelibati

78 3136 247 3219 privilegii,
262 3136 333 3214 hoc,
349 3143 386 3200 ut
407 3136 513 3201 dictus
528 3136 695 3202 Diouisius
721 3137 824 3220 ipsam
841 3131 1075 3221 possessionem
1091 3133 1209 3220 Vytez·

77 3265 182 3309 mezen
200 3249 279 3308 tuuc
295 3245 422 3308 nomine
448 3265 505 3308 sue
530 3245 659 3326 proprie
685 3243 895 3326 possessionis
921 3241 1015 3306 dictis
1041 3240 1141 3306 nobili
1157 3241 1210 3305 do·

76 3354 158 3417 mine
174 3353 279 3418 sorori
297 3372 353 3417 sue
370 3357 403 3419 et
418 3351 573 3436 magistro
589 3351 765 3417 Beneditto
781 3350 848 3415 filio
872 3349 1023 3429 eiusdem,
1040 3371 1099 3432 pro
1116 3369 1210 3432 expe-

77 3461 198 3526 dicione
231 3465 347 3541 quarte
379 3480 435 3524 sue
465 3458 573 3524 filialis
605 3460 730 3523 nemine
763 3457 1002 3523 contradictore
1033 3463 1210 3540 apparente

76 3570 272 3645 contulisset,
296 3574 533 3648 cunctatusque
555 3567 668 3633 Latbk
693 3566 779 3632 filius
795 3565 924 3633 Nicolai
942 3586 1019 3630 avus
1035 3585 1210 3648 puerorum

76 3677 261 3744 eorumdem
285 3683 431 3742 actorum
456 3677 489 3740 in
515 3676 713 3740 alienatione
738 3675 899 3760 prelibate
924 3673 1133 3758 possessionis
1149 3693 1211 3736 me-

77 3787 209 3852 moratis
225 3785 360 3850 donanti
386 3791 418 3848 et
443 3784 688 3868 acceptantibus
713 3783 896 3848 benivolum
922 3803 1115 3850 consensum
1141 3801 1211 3864 pre·

76 3896 206 3973 linisset,
229 3894 380 3974 dictaque
407 3894 564 3977 possessio
588 3899 716 3958 mortno
741 3892 812 3974 ipso
837 3890 985 3957 Dionisio
1011 3889 1078 3955 filio
1094 3889 1209 3955 Bodun

77 4025 242 4086 nunquam
258 4003 462 4086 postmodum
488 4001 529 4066 ed
555 4001 693 4068 eundern
708 4000 822 4066 Lathk
848 3999 951 4066 filium
968 3998 1099 4066 Nicolai
1117 4018 1210 4081 gene·

77 4113 238 4176 racionem
263 4117 297 4174 et
322 4131 537 4175 successorem
568 4109 761 4193 preallegati
786 4109 926 4174 Dionisii
955 4107 1105 4173 devoluta
1131 4106 1209 4176 exti-

78 4221 182 4300 tisset;
200 4219 272 4284 ideo
283 4240 341 4284 nos
351 4239 391 4283 ex
401 4218 506 4284 causis
522 4218 687 4302 premissis
705 4238 844 4282 unacum
860 4214 1075 4282 assessoribus
1091 4214 1210 4279 nostris

77 4328 273 4412 sepedictum
305 4325 497 4392 [ladislaum
529 4325 630 4389 filium
661 4325 836 4390 Laurentii
867 4323 906 4388 de
938 4322 1041 4407 Vytea
1073 4343 1111 4388 at
1136 4343 1209 4386 suos

78 4435 209 4500 heredes
240 4441 428 4518 procreatos
467 4441 500 4498 et
540 4432 755 4517 procreandos
787 4433 828 4498 ab
858 4431 1080 4497 huiuscemodi
1104 4431 1210 4494 minus

78 4545 159 4608 iusta
176 4542 381 4626 impetitione
397 4563 517 4616 eorum,
534 4546 688 4619 actorum,
705 4540 874 4606 iudiciaria
884 4540 1079 4604 auctoritate
1105 4537 1209 4604 absol·

80 4657 194 4730 tentet,
212 4671 310 4737 super
327 4649 540 4734 requisitione
556 4649 639 4716 dicte
656 4654 773 4734 quarte
789 4647 898 4716 filialis
908 4645 1106 4714 reddidimus
1116 4667 1209 4733 expe·
