3180 5466
336 565 399 630 ele
692 580 876 629 arrousonr
894 567 1108 630 ennarrans.

335 752 409 824 tem,
426 767 524 828 quam
541 746 695 829 magister
711 746 735 809 J
737 746 854 810 aoobus
870 746 1020 810 literatus
1045 745 1130 809 filius
1147 743 1273 808 Detrici
1291 765 1394 820 suam,
1411 764 1464 806 neo

335 874 400 917 non
416 853 511 918 Zonlr
526 855 635 938 patrui
651 859 685 918 et
700 853 848 918 Mathius
863 853 923 916 filii
949 853 1076 916 Zeurus
1100 852 1212 916 fratris
1238 853 1287 916 sui
1312 851 1466 933 patruelis

336 961 545 1039 seruassent,
576 960 766 1044 populosam
793 959 917 1026 efficere
934 967 967 1025 et
982 959 1188 1025 multitudine
1209 959 1404 1042 populorum
1420 959 1466 1022 de·

336 1090 449 1134 curare
465 1068 678 1146 intendamus,
704 1068 857 1146 volumus,
884 1075 921 1133 ut
946 1069 1130 1151 quicunque
1155 1065 1256 1132 libere
1276 1067 1466 1130 condicionis

336 1177 480 1242 homines
498 1176 539 1242 ad
556 1175 676 1241 dictam
691 1177 923 1259 possessionem
940 1197 1038 1240 causa
1063 1174 1281 1241 commorandi
1297 1175 1407 1238 venire
1423 1195 1466 1238 vo·
1581 1215 1582 1222 κ

336 1284 466 1364 luerint,
480 1284 581 1350 libere
608 1286 738 1349 veniant
763 1292 796 1349 et
820 1304 940 1362 secure,
965 1285 1063 1349 trium
1089 1305 1245 1348 annorum
1266 1282 1467 1358 libertates

337 1393 388 1457 die
405 1393 559 1458 adventus
576 1393 718 1476 ipsorum
737 1391 869 1476 pacifice
894 1399 926 1456 et
953 1393 1062 1475 quiete
1077 1391 1207 1480 fruituri
1225 1392 1258 1455 in
1274 1391 1391 1456 eadem
1415 1389 1467 1455 sub
1581 1413 1582 1432 ¹

337 1507 448 1566 nostra
463 1501 665 1584 proteccione
682 1507 714 1564 et
730 1501 835 1566 tutela
851 1499 993 1584 speciali.
1009 1500 1117 1582 Igitur
1135 1499 1222 1564 vobis
1242 1499 1401 1564 universis
1421 1518 1467 1560 uo

337 1606 457 1675 bilibus
474 1615 507 1674 et
521 1609 767 1692 possessionatis
783 1609 976 1687 hominibus,
988 1607 1105 1689 quibus
1121 1615 1289 1692 presentes
1305 1607 1466 1671 ostenden·

337 1723 399 1794 tur,
424 1716 516 1782 firmo
542 1718 630 1801 regio
669 1717 728 1782 sub
763 1717 867 1782 edicto
899 1717 1013 1781 damus
1044 1717 1078 1780 in
1109 1716 1281 1800 preceptis,
1312 1721 1467 1798 quatenns

338 1825 524 1909 iobagioues
540 1832 661 1890 vestros
687 1823 729 1888 ad
753 1826 930 1908 predictam
958 1826 1192 1908 possessionem
1212 1845 1311 1888 causa
1338 1844 1466 1888 commo

339 1933 433 1998 randi
450 1934 556 1997 venire
573 1932 723 2011 volentes,
740 1932 852 1998 habita
868 1933 1002 1997 licencia
1020 1939 1052 1997 et
1068 1933 1152 1996 iusto
1168 1932 1312 2014 terragio
1331 1953 1370 1995 ac
1385 1930 1467 1994 debi-

340 2045 381 2108 tis
397 2042 579 2126 persolutis,
595 2039 726 2124 pacifice
743 2047 776 2105 et
790 2041 891 2106 libere
917 2041 1007 2108 abire
1032 2041 1237 2124 permittatis,
1262 2039 1362 2104 salvis
1379 2037 1466 2102 rebus

340 2157 373 2216 et
388 2151 543 2234 personis,
559 2151 693 2215 obtentu
719 2155 827 2214 nostre
853 2149 961 2231 gracie
985 2144 1074 2212 aliud
1100 2147 1205 2212 facere
1221 2169 1284 2211 non
1302 2146 1467 2222 audentes3

341 2258 448 2321 etheo
463 2255 609 2321 volumus
625 2255 658 2318 in
674 2253 751 2319 soris
778 2261 810 2318 et
834 2253 913 2318 locis
939 2253 1074 2336 publicis
1100 2253 1207 2336 palam
1228 2253 1335 2318 iacere
1351 2253 1467 2338 procla·

340 2366 431 2430 mari.
455 2365 580 2430 Datum
596 2365 698 2443 Bude,
715 2363 795 2428 feria
809 2363 911 2427 tercia
927 2362 1074 2445 proxima
1090 2367 1166 2426 ante
1185 2361 1302 2426 festum
1319 2361 1468 2427 Purifica-

341 2474 442 2539 oionis
458 2473 592 2556 virginis
617 2472 763 2556 gloriose,
790 2493 874 2536 anno
890 2471 1011 2535 domini
1031 2469 1207 2535 Millesimo
1234 2467 1356 2535 ΟΟΟΠιο
1382 2471 1467 2550 quin·

342 2583 528 2665 quagesimo
544 2580 691 2646 seeundo.

450 2743 603 2808 Hetrapjcn
617 2759 633 2793 a
645 2744 748 2807 kiralyi
761 2758 834 2808 nagy
844 2743 937 2806 pecset
949 2744 1124 2807 nyomaival;
1145 2743 1276 2806 eredetije
1298 2759 1331 2791 az
1354 2756 1417 2790 orsu.
1437 2743 1467 2788 lt.

342 2833 441 2884 kincst.
455 2838 523 2882 oszt.
536 2834 570 2884 Ni
584 2834 617 2884 R.
631 2834 664 2882 A.
680 2837 722 2884 29.
737 2838 777 2884 28.
793 2833 858 2896 dipl.
873 2838 940 2882 oszt.
954 2837 1033 2883 4254.
1054 2833 1152 2882 Kdzli:
1172 2833 1283 2882 Koraos
1297 2833 1330 2882 N.

829 3050 988 3058 -w-—--

347 3393 442 3454 1352.
460 3392 568 3471 Bada,
578 3389 665 3475 febr.
683 3391 735 3452 19.
761 3391 873 3455 Istuda
898 3399 1016 3478 saepesi
1032 3397 1062 3456 c's
1078 3397 1185 3457 aaroni
1209 3395 1339 3480 hcrczep
1371 3396 1467 3478 dtirja

347 3500 374 3562 I.
393 3498 495 3585 Lcjos
510 3499 864 3584 kirdlyaalc1344-beu
884 3500 945 3564 lcelt
964 3485 1082 3580 leoclc't,
1108 3501 1247 3587 melyben
1264 3527 1285 3565 a
1301 3503 1410 3588 lcircr'ly
1432 3523 1468 3564 az

345 3605 419 3669 Aba
434 3603 652 3691 cemzelse‘pbdl
667 3610 860 3680 sadrmazotl
876 3607 1010 3670 Pcteucle
1018 3607 1071 3687 sta
1088 3607 1207 3671 Miklo's
1224 3610 1348 3694 erdelyi
1362 3609 1467 3694 oujdu'-

345 3713 544 3800 pakJoba‘py
555 3717 585 3777 c's
597 3713 741 3799 Pilspo‘lca'
750 3723 831 3776 acolt
841 3715 1052 3779 birtolcolcbaa
1058 3717 1255 3803 pallosjopot
1265 3717 1468 3802 adomdapoz.

455 3875 523 3940 Nos
540 3873 724 3958 Stephanus
741 3874 806 3939 dux
822 3874 1041 3960 Soepysiensis
1058 3884 1091 3941 et
1116 3878 1155 3942 de
1182 3875 1282 3944 Surus
1301 3931 1308 3945 .
1325 3929 1332 3942 .
1357 3878 1467 3962 signifi·

347 4004 455 4048 carnus
472 4033 502 4047 ..
527 3983 613 4066 quod
637 3983 754 4048 nobilis
779 3985 828 4047 vir
851 3985 1006 4066 magister
1031 3983 1187 4050 Nicolaus
1207 3985 1293 4052 filius
1309 3987 1466 4053 Petheuch

347 4091 386 4154 de
403 4109 519 4173 genere
530 4089 614 4172 Aba,
626 4089 788 4174 quondam
804 4091 1195 4158 voivodaTranssilvanus
1212 4145 1218 4158 .
1236 4144 1242 4157 .
1268 4095 1412 4160 exhibuit
1420 4115 1469 4158 nc

347 4198 396 4263 bis
411 4197 524 4263 literas
549 4203 696 4281 patentes
715 4251 720 4263 .
739 4251 743 4261 .
768 4199 922 4264 Ludovici
941 4251 970 4264 ..
996 4202 1081 4284 regis
1099 4251 1128 4266 ..
1154 4203 1267 4268 fratris
1292 4205 1394 4269 nostri
1418 4203 1468 4266 lru-

347 4305 466 4370 rissimi
483 4311 515 4370 et
531 4306 674 4385 senioris,
691 4328 787 4390 super
803 4307 914 4390 gracia
924 4315 957 4372 et
971 4307 1179 4376 libertatibus
1195 4310 1257 4375 sibi
1268 4331 1326 4392 per
1343 4311 1469 4375 eundem

348 4415 491 4498 graciose
508 4413 547 4479 ob
564 4415 679 4480 merita
696 4415 902 4480 serviciorum
920 4421 952 4481 et
967 4415 1159 4482 fidelitalurn
1179 4439 1310 4484 suarum
1336 4419 1418 4484 datis
1439 4425 1470 4482 et

349 4523 527 4587 concessis.
545 4574 551 4586 .
576 4545 713 4605 quarum
728 4530 821 4591 tenor
845 4525 921 4589 talis
947 4531 1013 4592 est:
1037 4525 1106 4592 Nos
1130 4527 1312 4594 Lodovicus
1329 4581 1335 4594 .
1353 4581 1359 4594 .
1375 4551 1426 4594 rex
1441 4575 1470 4590 ..

349 4628 567 4712 significamus
584 4681 590 4694 .
608 4684 613 4696 .
638 4633 724 4713 quod
740 4655 799 4698 nos
815 4634 1026 4700 consideratis
1051 4635 1261 4701 fidelitatibus
1287 4644 1321 4700 et
1336 4635 1470 4701 fidelium
1572 4608 1579 4733 ;

349 4738 555 4803 serviciorunr
581 4740 733 4823 preclaris
760 4743 883 4807 meritis
910 4742 1070 4826 magnifici
1096 4745 1155 4809 viri
1181 4743 1310 4810 Nicolai
1336 4744 1392 4809 filii
1416 4745 1470 4809 Pr·
1572 4746 1577 4755 '
