3180 5466
583 531 676 590 1352.
693 548 762 591 ‚rau
781 533 830 592 31.
1192 533 1255 593 547

120 704 189 788 Bey
206 704 247 768 ab
264 727 338 786 una,
355 711 387 770 et
413 707 542 772 Blasius
558 707 643 772 filius
660 707 765 792 Oybes
781 707 820 773 de
837 708 968 773 Hothaz
985 714 1080 792 parte
1097 708 1138 772 ab
1154 709 1258 774 altera

121 834 231 878 coram
248 814 339 878 nobis
355 815 569 898 personaliter
594 817 770 894 constituti,
796 816 880 881 idem
906 815 1060 882 Nicolaus
1085 815 1170 882 filius
1187 815 1256 884 Ste-

119 922 220 1005 phani
246 923 409 1006 quandam
435 925 666 1008 possessionem
692 948 783 991 suam
809 925 1041 992 hereditariam
1058 925 1148 990 Keer
1164 947 1254 992 voca-

118 1037 187 1094 tam
203 1033 236 1095 in
254 1031 406 1096 comitatu
428 1032 467 1096 de
488 1033 710 1117 Heuesuyuar
728 1035 926 1112 existentem,
938 1055 1009 1098 cum
1026 1033 1175 1099 omnibus
1191 1035 1257 1100 suis

117 1189 121 1197 .
145 1190 151 1202 .
169 1138 378 1219 pertinenciis
396 1190 401 1201 .
421 1191 427 1204 .
453 1140 511 1204 sub
528 1141 594 1205 suis
611 1143 706 1206 certis
730 1143 823 1207 metis
850 1147 882 1205 et
907 1141 1072 1224 antiquis.
1091 1193 1096 1206 .
1114 1141 1257 1226 predicto

118 1245 233 1310 Blasio
258 1245 325 1310 filio
350 1247 454 1330 Oybes
480 1253 513 1311 et
539 1247 564 1311 J
566 1249 685 1312 ohanni
710 1270 748 1314 ac
773 1248 909 1314 Nicolao
929 1248 1085 1314 fratribus
1110 1249 1254 1314 eiusdem

119 1354 259 1418 uterinis
276 1361 432 1422 eteorum
450 1355 621 1422 heredibus
639 1405 645 1419 .
663 1408 668 1420 .
693 1363 850 1438 perpetuo
867 1409 873 1424 .
891 1406 897 1419 .
921 1379 980 1439 pro
1003 1357 1148 1422 ducentis
1165 1353 1255 1422 flore-

119 1466 168 1528 nis
186 1516 192 1528 .
211 1514 218 1528 .
243 1463 406 1529 confessus
423 1471 472 1528 est
490 1515 494 1524 .
513 1515 519 1528 .
543 1465 745 1529 vendidisse.
764 1517 770 1528 .
795 1472 827 1530 et
843 1465 1104 1530 vendiditcoram
1121 1466 1230 1532 nobis.
1250 1515 1256 1530 .

118 1571 355 1653 possidendam,
373 1573 497 1636 nullum
514 1573 563 1637 ius
581 1626 588 1638 .
606 1625 612 1636 .
636 1574 667 1637 in
695 1573 806 1638 eadem
833 1573 894 1637 sibi
911 1573 959 1636 vel
976 1573 1042 1637 suis
1062 1571 1254 1637 successori-

117 1678 177 1742 bus
195 1729 202 1742 .
221 1731 227 1743 .
255 1680 454 1755 reservando,
471 1680 524 1744 sed
543 1679 574 1743 in
593 1671 677 1763 ipsos
695 1680 842 1746 Blasium
869 1688 898 1745 et
924 1681 1040 1746 fratres
1057 1681 1201 1746 eiusdem
1217 1701 1255 1745 ac

118 1807 318 1850 successores
335 1786 517 1850 eorumdem
545 1788 638 1868 pleno
664 1789 734 1852 iure
760 1787 1002 1867 transferend0;
1028 1787 1252 1852 assummendo

117 1894 328 1959 nihilominus
345 1896 504 1978 predictos
533 1895 679 1962 Blasium
706 1903 737 1960 et
764 1897 882 1964 fratres
908 1918 980 1960 suos
1007 1917 1044 1960 ac
1069 1895 1254 1960 eorumdem

117 2024 330 2081 successores,
341 2005 469 2068 racione
485 2004 628 2087 predicte
646 2005 853 2088 possessionis
871 2056 875 2067 .
894 2055 899 2066 .
917 2005 959 2070 ab
975 2005 1122 2069 omnibus
1139 2010 1172 2068 et
1187 2024 1256 2087 spe-

116 2111 246 2175 cialiter
264 2111 385 2176 abillis
402 2113 457 2192 qui
475 2119 548 2176 sunt
569 2112 617 2176 vel
649 2119 745 2176 erunt
770 2112 809 2176 de
835 2134 894 2176 sua
920 2111 1138 2194 generacione,
1158 2111 1253 2175 mole·

115 2227 252 2282 stare..
286 2219 466 2285 volentibus
483 2220 633 2304 expedire
650 2271 679 2284 ..
704 2221 843 2304 propriis
861 2272 890 2284 ..
924 2221 1089 2304 expensis3
1123 2221 1255 2302 insuper

115 2350 179 2392 sua
195 2329 337 2394 litoralia
354 2332 577 2407 instrumenta,
604 2352 666 2414 que
692 2353 788 2414 super
814 2332 898 2395 facto
923 2332 1025 2414 ipsius
1045 2331 1254 2413 possessionis

114 2436 210 2500 Keer
226 2443 336 2502 vocate
362 2437 530 2514 habentur,
557 2438 597 2504 ad
623 2460 736 2502 manus
762 2440 903 2521 ipsorum
928 2437 1031 2502 Blasii
1057 2443 1089 2502 et
1115 2437 1253 2502 fratrum

114 2565 250 2607 suorum
268 2595 297 2610 ..
323 2547 502 2628 assignavit
518 2567 625 2610 coram
652 2545 750 2623 nobis,
776 2551 809 2608 et
835 2564 896 2625 que
922 2543 1132 2628 pereundam
1150 2564 1249 2608 reser-

113 2661 193 2718 vata
210 2660 326 2730 essent,
344 2653 457 2718 frivola
474 2661 505 2718 et
521 2655 631 2718 inania
647 2660 753 2718 essent
769 2704 775 2716 .
794 2705 799 2716 .
825 2653 949 2724 Datum
971 2674 1028 2737 per
1054 2673 1166 2718 manus
1181 2673 1247 2716 ma·

113 2763 213 2844 gistri
231 2761 372 2826 Dionisii
389 2762 519 2827 lectoris
536 2763 668 2826 ecclesie
686 2768 803 2838 nostre,
820 2768 910 2826 sexta
926 2761 1007 2825 feria
1023 2762 1170 2844 proxima
1179 2766 1253 2844 post

113 2872 237 2935 festum
270 2871 484 2935 conversionis
514 2871 599 2936 beati
632 2871 727 2935 Pauli
754 2870 901 2954 apostoli,
922 2890 1006 2933 anno
1032 2869 1153 2933 domini
1178 2870 1253 2934 ΜῙιὶο

111 2979 241 3046 OCOffl‘*
258 2979 525 3062 quinquagesimo
537 2979 693 3058 secundo;
709 2981 913 3062 presentibus
931 3027 938 3041 .
956 3031 962 3044 .
987 2979 1142 3061 magistro
1152 2977 1253 3042 Petro

112 3095 260 3163 cantore,
276 3086 427 3151 Johanne
445 3088 583 3165 custode,
607 3087 770 3168 Ladislao,
796 3087 955 3162 Emeriou
981 3085 1135 3152 Ladislao
1152 3084 1253 3148 fratre

110 3196 247 3278 Vgrini‚
264 3197 371 3274 Petro,
390 3196 559 3272 Michaele,
576 3197 736 3275 Johanne,
763 3195 880 3261 Oosma
897 3203 929 3260 et
945 3195 1017 3259 aliis
1034 3193 1196 3258 canonicis
1220 3193 1253 3255 in

111 3304 231 3368 eadem
248 3305 383 3369 ecclesia
399 3313 510 3369 nostra
527 3305 586 3369 deo
603 3305 714 3369 devote
736 3303 976 3369 famulantibus

226 3467 252 3516 A
266 3467 358 3530 pecset
380 3483 457 3517 veros
482 3469 562 3532 carga
585 3467 820 3530 selyenrsodraton
833 3468 908 3532 fdgg,
932 3482 948 3515 a
974 3465 1251 3530 chyrographumaz

110 3560 226 3610 oklevel
240 3563 308 3609 lelsd
321 3561 412 3610 ezelen
426 3575 496 3624 van,
516 3559 646 3622 eredetije
668 3574 699 3608 az
726 3573 794 3607 orsz.
808 3560 840 3607 lt.
853 3559 951 3607 kinost.
966 3561 1033 3607 oszt.
1047 3557 1080 3604 N.
1095 3558 1127 3606 R.
1141 3557 1173 3604 A.
1188 3557 1248 3602 482.

109 3657 136 3700 4.
153 3651 223 3712 dipl.
238 3655 305 3699 oszt.
320 3655 398 3700 4252.
413 3651 497 3700 Garsi
509 3648 610 3698 Mikros
624 3649 710 3697 nador
727 3647 836 3697 1405-ki
849 3646 997 3696 lteleteben
1009 3647 1033 3694 is
1047 3659 1108 3710 meg
1122 3659 1175 3693 van
1186 3658 1212 3692 u.
1225 3656 1248 3688 0.

109 3741 183 3803 dipl.
208 3747 278 3790 oszt.
304 3745 382 3790 4253.
412 3741 445 3790 V.
472 3743 496 3789 ὃ.
519 3755 551 3789 az
574 3740 666 3788 alabbi
693 3742 769 3787 1352.
792 3743 859 3798 sept.
895 3737 991 3786 ll-lien
1015 3735 1073 3784 kelt
1097 3731 1252 3782 oklevellel·

107 3831 216 3879 Kozri:
237 3831 346 3880 Koraos
360 3831 393 3879 N.

642 4085 714 4143 337.

109 4227 215 4288 1352.
233 4225 425 4310 Buda,jaa.
442 4227 494 4286 31.
513 4225 539 4287 Ι.
559 4223 661 4310 Lajoa
680 4223 790 4306 hardly
808 4221 906 4284 Detre
925 4221 1046 4300 fiduak
1071 4218 1250 4283 Jatobuak

107 4342 143 4399 e's
160 4335 372 4398 »rokonainak
397 4334 566 4420 Volcbeuye
592 4341 672 4395 aeaut
698 4331 811 4416 Saepes
836 4333 1019 4414 udrureypei
1044 4327 1185 4390 birtolro't
1200 4325 1248 4386 bo-

515 4445 715 4527 ue'pesa'ttetna'
729 4437 858 4501 reudela'.

226 4605 296 4670 Nos
322 4603 501 4670 Lodovicus
519 4653 548 4668 ..
573 4625 629 4668 rex
647 4653 676 4668 ..
701 4601 965 4683 significamus..
989 4620 1060 4662 oum
1092 4616 1150 4660 nos
1181 4615 1251 4678 pos.

105 4717 291 4782 sessionem
314 4713 505 4795 Welcheuye
523 4717 666 4775 creatam
682 4710 714 4773 in
733 4709 886 4772 comitatu
906 4707 1085 4790 Scepsieusi
1110 4707 1251 4770 existen-

1090 4829 1142 4884 35*
