3180 5466
379 471 443 530 518
728 483 916 528 auronuom
934 470 1147 527 oizulnmrn.

379 655 411 712 et
426 651 587 730 paratum,
605 667 663 727 pro
680 666 717 708 eo
734 644 913 709 addictam
930 645 1214 726 congregacionem
1232 653 1377 709 nostrum
1393 647 1423 708 in
1440 645 1497 726 ipso

381 753 538 819 comitatu
555 753 753 838 Scyrmiensi
770 750 1005 829 celebrandam,
1031 752 1073 815 ad
1098 753 1326 836 peremtoriam
1353 755 1497 836 responsi·

380 883 472 929 onem
490 869 602 928 contra
618 863 779 946 predictos
795 860 920 925 nobiles
938 867 970 924 et
994 859 1075 925 alios
1091 861 1190 925 trium
1207 863 1419 926 comitatuum
1437 883 1497 944 prc-

379 972 539 1036 dictorum
557 971 736 1036 faciendam
754 969 904 1034 duximus
920 969 1168 1052 prorogandam.
1195 967 1270 1050 Qua
1295 969 1424 1052 quidem
1439 993 1497 1034 eon·

381 1079 572 1162 gregacione
588 1083 698 1142 nostra
715 1076 800 1141 dicte
816 1076 1020 1142 universitati
1050 1076 1214 1140 nobilium
1229 1077 1402 1143 comitatus
1419 1077 1498 1162 Scyr-

379 1186 509 1251 miensis
526 1186 610 1252 dicto
628 1185 680 1250 die
696 1184 889 1250 celebranda
916 1189 1111 1263 occurrente,
1129 1185 1282 1267 legitimis
1299 1187 1499 1266 procuratori-

380 1294 440 1360 bus
457 1294 613 1359 nobilium
629 1293 849 1377 predictorum
864 1292 964 1356 trium
989 1292 1201 1356 comitatuum
1227 1293 1269 1356 ad
1285 1295 1440 1375 premissa
1455 1316 1501 1376 per

380 1405 485 1488 ipsum
504 1402 683 1485 capitulum
701 1402 941 1484 responsionem
967 1399 1005 1464 de
1031 1400 1252 1483 predictarum
1267 1401 1436 1466 literarum
1454 1401 1500 1464 da·

381 1512 471 1576 cione
487 1509 549 1576 sibi
565 1509 636 1574 dari
652 1509 788 1574 iuridice
805 1506 1055 1592 postulantibus,
1080 1508 1252 1572 iamdictus
1276 1509 1432 1590 magister
1446 1509 1500 1573 La·

380 1619 503 1684 dislaus
535 1619 707 1684 canonicus
734 1623 764 1681 et
790 1617 952 1700 legitimus
983 1621 1174 1700 procurator
1205 1616 1285 1681 dicti
1318 1617 1449 1700 capituli
1469 1617 1501 1680 de

380 1725 466 1791 Kew
483 1775 514 1790 ..
537 1749 596 1810 pro
621 1727 731 1791 eodem
756 1724 898 1808 capitulo
921 1725 1021 1789 talem
1047 1723 1137 1790 dedit
1152 1724 1405 1807 responsionem,
1430 1725 1501 1808 qnod

381 1855 492 1898 verum
509 1834 678 1917 siquidem,
694 1834 771 1898 licet
787 1833 866 1899 dicti
887 1832 1018 1897 'nobiles
1044 1834 1165 1914 aliique
1190 1834 1330 1898 cuiusvis
1348 1832 1501 1914 dignitatis

383 1946 417 2005 et
432 1947 537 2006 status
552 1941 698 2008 homines
714 1943 873 2008 dictorum
883 1943 983 2007 trium
994 1943 1206 2007 comitatuum
1227 1962 1286 2006 nec
1302 1941 1503 2024 personaliter

384 2052 634 2133 comparuerint,
651 2073 709 2116 nec
724 2056 965 2134 procuratorem
977 2071 1086 2116 eorum
1106 2049 1147 2114 ad
1162 2049 1321 2134 premissa
1338 2048 1502 2114 confitenda

380 2159 636 2238 transmiserunt,
652 2165 798 2225 attamen
813 2161 920 2242 ipsum
936 2158 1114 2243 capitulum
1130 2157 1205 2222 visis
1221 2157 1327 2222 literis
1338 2158 1499 2241 regalibus,

382 2268 471 2350 regio
488 2267 591 2332 edicto
608 2276 785 2348 exortante,
802 2267 923 2333 homini
939 2268 1027 2350 regio
1044 2267 1086 2331 ad
1102 2266 1292 2348 exigendum
1319 2267 1443 2332 lucrum
1458 2289 1503 2329 oa·

382 2397 469 2440 mere
485 2397 544 2460 per
559 2378 682 2460 regiam
698 2375 933 2460 benignitatem
950 2378 1123 2459 assignato,
1141 2375 1315 2441 discretum
1332 2378 1434 2441 virum
1450 2377 1504 2440 Pe-

384 2489 470 2548 trum
487 2486 685 2567 prepositum
710 2485 812 2568 ipsius
840 2484 972 2549 ecclesie
989 2505 1047 2567 pro
1063 2483 1177 2548 idoneo
1204 2484 1386 2548 testimonio
1410 2485 1503 2565 ipsum

383 2593 562 2675 capitulum
579 2594 785 2676 assignasset,
801 2594 857 2659 sed
873 2600 983 2660 utrum
1009 2594 1077 2676 ipsc
1103 2594 1286 2676 prepositus
1303 2593 1505 2676 personaliter

384 2701 548 2784 adipsum
567 2699 580 2784 (
583 2750 708 2767 ......
711 2701 724 2786 )
741 2703 961 2786 peragendum
977 2703 1157 2778 accesserit,
1173 2701 1222 2765 vel
1239 2702 1340 2766 alium
1355 2701 1388 2765 in
1405 2702 1450 2766 sui
1460 2725 1506 2764 no·

385 2809 470 2873 mine
487 2811 713 2888 transmiserit,
730 2811 902 2894 ignoraret,
919 2811 975 2876 sed
991 2833 1048 2895 per
1064 2811 1277 2876 assercionem
1293 2816 1326 2874 et
1349 2809 1506 2876 affirmari·

389 2938 482 2981 onem
498 2917 638 2983 hominis
654 2919 735 3001 regii
753 2925 784 2983 et
801 2920 976 2985 testimonii
992 2920 1145 3002 ipsorum,
1154 2924 1252 3003 prout
1269 2914 1283 3000 (
1286 2967 1409 2982 ......
1412 2914 1506 3000 liegii

387 3032 421 3092 et
437 3047 547 3092 eorum
563 3029 783 3094 testimonium
808 3029 850 3095 ad
867 3031 1010 3113 ipsorum
1027 3031 1228 3113 presenciam
1243 3031 1363 3095 reversi
1381 3027 1506 3095 confessi

387 3133 532 3214 fuissent,
546 3135 658 3201 literas
674 3136 817 3219 ipsorum
843 3137 928 3201 idem
945 3137 1122 3220 capitulum
1147 3137 1186 3202 de
1212 3137 1297 3202 Kew
1317 3146 1429 3204 contra
1443 3138 1508 3201 uni·

385 3263 492 3307 versos
509 3241 630 3307 nobiles
648 3248 679 3308 et
696 3244 775 3310 alios
801 3246 941 3310 cuiusvis
967 3246 1160 3310 condicionis
1187 3253 1219 3310 et
1251 3253 1357 3310 status
1373 3245 1508 3311 homines

385 3352 600 3434 possessiones
617 3351 772 3418 habentes
798 3355 1010 3418 comitatuum
1033 3353 1224 3418 Bnohiensis
1245 3360 1277 3418 et
1294 3353 1508 3437 Scyrimiensis

384 3456 603 3540 predictorum
628 3459 777 3525 fecissent
802 3481 952 3526 emanare
979 3469 1011 3526 et
1036 3461 1274 3538 concessissent
1291 3481 1329 3524 eo
1354 3460 1452 3532 modo,
1476 3467 1509 3524 nt

385 3566 531 3648 predicta
563 3569 755 3633 universitas
782 3569 937 3635 nobilium
963 3575 995 3634 et
1020 3571 1077 3635 alii
1102 3570 1241 3635 cuiusvis
1266 3569 1459 3636 condicionis
1483 3577 1509 3632 ef

385 3679 490 3738 status
505 3674 650 3741 homines
666 3678 876 3741 comitatuum
902 3677 1091 3741 Bachiensis
1118 3683 1150 3742 et
1170 3675 1398 3760 Scyrimiensis
1415 3675 1510 3758 predi·

386 3788 518 3861 ntorum,
543 3784 757 3866 possessiones
791 3784 948 3849 habentes
980 3807 1052 3849 cum
1092 3783 1203 3848 eodem
1242 3785 1361 3848 comite
1393 3804 1510 3848 camere

384 3889 471 3972 regie
487 3889 526 3953 de
542 3889 675 3972 singulis
692 3891 909 3956 mansionibus
920 3913 976 3957 seu
986 3893 1084 3957 curiis
1101 3891 1308 3974 iobagionum
1325 3912 1455 3956 suorum
1470 3890 1506 3954 ad

387 3998 473 4079 ipsos
490 3998 733 4080 pertinencium,
743 4001 776 4064 in
788 4000 1004 4082 quadraginta
1019 4001 1161 4064 denariis
1176 3999 1350 4064 banalibus
1367 4001 1415 4064 vel
1431 4000 1511 4063 rien·

387 4104 539 4170 neusibus
565 4127 623 4189 pro
649 4107 738 4170 luero
770 4128 895 4171 camere
920 4108 983 4190 ipsi
999 4107 1108 4172 comiti
1124 4127 1249 4172 camere
1274 4129 1336 4190 pro
1361 4107 1513 4172 solvende·

386 4213 606 4279 convenissent
622 4219 655 4278 et
670 4214 831 4297 pactando
847 4215 969 4282 soluere
986 4215 1222 4292 assumsissent‚
1234 4215 1290 4280 sed
1307 4215 1448 4280 universi
1465 4237 1512 4278 no-

386 4319 467 4385 biles
484 4327 516 4386 et
531 4321 588 4386 alii
605 4321 743 4386 cuiusvis
759 4322 927 4405 dignitatis
944 4327 976 4386 et
993 4327 1097 4387 status
1122 4323 1267 4387 homines
1284 4323 1457 4388 comitatus
1480 4323 1514 4386 de

387 4427 681 4506 warmundum
697 4429 942 4494 convencionem
958 4449 1015 4493 seu
1031 4429 1234 4494 concordiam
1244 4429 1386 4495 deluoro
1396 4453 1517 4496 camere

387 4535 597 4617 persolvendo
622 4557 694 4601 cum
721 4536 831 4600 eodem
857 4537 972 4601 comite
998 4557 1123 4602 camere
1149 4537 1235 4620 regie
1265 4540 1466 4621 peregissent
1489 4545 1515 4601 et

388 4641 537 4707 fecissent
561 4643 648 4708 ultra
679 4644 939 4710 convencionales
965 4645 1076 4709 literas
1103 4665 1199 4728 super
1230 4644 1316 4711 facto
1349 4646 1518 4712 looacionis
