<?xml version="1.0" encoding="UTF-8"?>
<!DOCTYPE html PUBLIC "-//W3C//DTD XHTML 1.0 Transitional//EN"
    "http://www.w3.org/TR/xhtml1/DTD/xhtml1-transitional.dtd">
<html xmlns="http://www.w3.org/1999/xhtml" xml:lang="en" lang="en">
 <head>
  <title>
</title>
<meta http-equiv="Content-Type" content="text/html;charset=utf-8" />
  <meta name='ocr-system' content='tesseract 3.04.00' />
  <meta name='ocr-capabilities' content='ocr_page ocr_carea ocr_par ocr_line ocrx_word'/>
</head>
<body>
  <div class='ocr_page' id='page_1' title='image "./codexdiplomatic06nagygoog_0021.png"; bbox 0 0 3226 5462; ppageno 0'>
   <div class='ocr_carea' id='block_1_1' title="bbox 356 503 1131 586">
    <p class='ocr_par' dir='ltr' id='par_1_1' title="bbox 356 503 1131 586">
     <span class='ocr_line' id='line_1_1' title="bbox 356 503 1131 586; baseline -0.004 0"><span class='ocrx_word' id='word_1_1' title='bbox 356 527 375 586; x_wconf 86' lang='lat'><em>8</em></span> <span class='ocrx_word' id='word_1_2' title='bbox 478 503 486 580; x_wconf 62' lang='lat' dir='ltr'>J</span> <span class='ocrx_word' id='word_1_3' title='bbox 714 537 900 585; x_wconf 78' lang='lat' dir='ltr'>arrourrosr</span> <span class='ocrx_word' id='word_1_4' title='bbox 917 523 1131 584; x_wconf 69' lang='lat' dir='ltr'>cantarida.</span> 
     </span>
    </p>
   </div>
   <div class='ocr_carea' id='block_1_2' title="bbox 271 689 1503 4802">
    <p class='ocr_par' dir='ltr' id='par_1_2' title="bbox 271 689 1503 4802">
     <span class='ocr_line' id='line_1_2' title="bbox 353 689 1489 783; baseline -0.004 -15"><span class='ocrx_word' id='word_1_5' title='bbox 353 702 482 770; x_wconf 86' lang='lat' dir='ltr'>Nicolai</span> <span class='ocrx_word' id='word_1_6' title='bbox 499 702 557 768; x_wconf 91' lang='lat' dir='ltr'>filii</span> <span class='ocrx_word' id='word_1_7' title='bbox 574 689 748 768; x_wconf 74' lang='lat' dir='ltr'>&#39;Dominioi</span> <span class='ocrx_word' id='word_1_8' title='bbox 774 698 924 766; x_wconf 89' lang='lat' dir='ltr'>similiter</span> <span class='ocrx_word' id='word_1_9' title='bbox 950 698 1108 781; x_wconf 88' lang='lat' dir='ltr'>quasdam</span> <span class='ocrx_word' id='word_1_10' title='bbox 1133 699 1350 783; x_wconf 86' lang='lat' dir='ltr'>privilegiales</span> <span class='ocrx_word' id='word_1_11' title='bbox 1375 699 1489 766; x_wconf 78' lang='lat' dir='ltr'>literas</span> 
     </span>
     <span class='ocr_line' id='line_1_3' title="bbox 353 807 1491 896; baseline -0.003 -19"><span class='ocrx_word' id='word_1_12' title='bbox 353 811 525 877; x_wconf 88' lang='lat' dir='ltr'>memorati</span> <span class='ocrx_word' id='word_1_13' title='bbox 551 809 687 896; x_wconf 86' lang='lat' dir='ltr'>capituli</span> <span class='ocrx_word' id='word_1_14' title='bbox 713 807 947 892; x_wconf 84' lang='lat' dir='ltr'>Strigoniensis</span> <span class='ocrx_word' id='word_1_15' title='bbox 963 809 997 872; x_wconf 91' lang='lat' dir='ltr'>in</span> <span class='ocrx_word' id='word_1_16' title='bbox 1012 807 1094 874; x_wconf 90' lang='lat' dir='ltr'>festo</span> <span class='ocrx_word' id='word_1_17' title='bbox 1109 807 1279 881; x_wconf 88' lang='lat' dir='ltr'>beatorum</span> <span class='ocrx_word' id='word_1_18' title='bbox 1295 807 1441 894; x_wconf 90' lang='lat' dir='ltr'>Philippi</span> <span class='ocrx_word' id='word_1_19' title='bbox 1458 815 1491 874; x_wconf 89' lang='lat' dir='ltr'>et</span> 
     </span>
     <span class='ocr_line' id='line_1_4' title="bbox 354 917 1489 1004; baseline -0.003 -17"><span class='ocrx_word' id='word_1_20' title='bbox 354 920 472 987; x_wconf 83' lang='lat' dir='ltr'>Jacobi</span> <span class='ocrx_word' id='word_1_21' title='bbox 489 919 709 1004; x_wconf 88' lang='lat' dir='ltr'>apostolorum</span> <span class='ocrx_word' id='word_1_22' title='bbox 730 917 824 984; x_wconf 93' lang='lat' dir='ltr'>modo</span> <span class='ocrx_word' id='word_1_23' title='bbox 842 917 941 982; x_wconf 84' lang='lat' dir='ltr'>simili</span> <span class='ocrx_word' id='word_1_24' title='bbox 965 937 1050 982; x_wconf 90' lang='lat' dir='ltr'>anuo</span> <span class='ocrx_word' id='word_1_25' title='bbox 1075 918 1221 1001; x_wconf 85' lang='lat' dir='ltr'>proxime</span> <span class='ocrx_word' id='word_1_26' title='bbox 1245 918 1402 1002; x_wconf 90' lang='lat' dir='ltr'>preterito</span> <span class='ocrx_word' id='word_1_27' title='bbox 1417 939 1489 985; x_wconf 91' lang='lat' dir='ltr'>con·</span> 
     </span>
     <span class='ocr_line' id='line_1_5' title="bbox 356 1026 1485 1118; baseline -0.003 -22"><span class='ocrx_word' id='word_1_28' title='bbox 356 1029 467 1108; x_wconf 86' lang='lat' dir='ltr'>factas,</span> <span class='ocrx_word' id='word_1_29' title='bbox 492 1034 602 1093; x_wconf 87' lang='lat' dir='ltr'>nostro</span> <span class='ocrx_word' id='word_1_30' title='bbox 617 1027 789 1094; x_wconf 89' lang='lat' dir='ltr'>iudiciario</span> <span class='ocrx_word' id='word_1_31' title='bbox 815 1027 954 1118; x_wconf 79' lang='lat' dir='ltr'>erramini</span> <span class='ocrx_word' id='word_1_32' title='bbox 980 1026 1228 1106; x_wconf 89' lang='lat' dir='ltr'>demonstrarat,</span> <span class='ocrx_word' id='word_1_33' title='bbox 1259 1048 1318 1111; x_wconf 91' lang='lat' dir='ltr'>per</span> <span class='ocrx_word' id='word_1_34' title='bbox 1342 1047 1485 1110; x_wconf 91' lang='lat' dir='ltr'>quarum</span> 
     </span>
     <span class='ocr_line' id='line_1_6' title="bbox 357 1109 1486 1220; baseline -0.004 -16"><span class='ocrx_word' id='word_1_35' title='bbox 357 1136 455 1204; x_wconf 90' lang='lat' dir='ltr'>series</span> <span class='ocrx_word' id='word_1_36' title='bbox 472 1133 685 1202; x_wconf 88' lang='lat' dir='ltr'>edocebamur</span> <span class='ocrx_word' id='word_1_37' title='bbox 700 1133 761 1201; x_wconf 89' lang='lat' dir='ltr'>sub</span> <span class='ocrx_word' id='word_1_38' title='bbox 777 1135 837 1201; x_wconf 92' lang='lat' dir='ltr'>hoc</span> <span class='ocrx_word' id='word_1_39' title='bbox 852 1134 965 1218; x_wconf 85' lang='lat' dir='ltr'>forma,</span> <span class='ocrx_word' id='word_1_40' title='bbox 990 1109 1077 1216; x_wconf 85' lang='lat' dir='ltr'>qbod</span> <span class='ocrx_word' id='word_1_41' title='bbox 1100 1134 1274 1220; x_wconf 79' lang='lat' dir='ltr'>Ladislaus</span> <span class='ocrx_word' id='word_1_42' title='bbox 1289 1134 1377 1202; x_wconf 89' lang='lat' dir='ltr'>filius</span> <span class='ocrx_word' id='word_1_43' title='bbox 1392 1136 1486 1202; x_wconf 89' lang='lat' dir='ltr'>Petri</span> 
     </span>
     <span class='ocr_line' id='line_1_7' title="bbox 355 1244 1490 1332; baseline 0 -21"><span class='ocrx_word' id='word_1_44' title='bbox 355 1245 414 1311; x_wconf 89' lang='lat' dir='ltr'>filii</span> <span class='ocrx_word' id='word_1_45' title='bbox 430 1245 555 1312; x_wconf 84' lang='lat' dir='ltr'>Iranlra</span> <span class='ocrx_word' id='word_1_46' title='bbox 581 1245 621 1311; x_wconf 92' lang='lat' dir='ltr'>de</span> <span class='ocrx_word' id='word_1_47' title='bbox 636 1245 776 1331; x_wconf 82' lang='lat' dir='ltr'>Magyar</span> <span class='ocrx_word' id='word_1_48' title='bbox 792 1245 831 1310; x_wconf 91' lang='lat' dir='ltr'>de</span> <span class='ocrx_word' id='word_1_49' title='bbox 848 1245 1005 1310; x_wconf 88' lang='lat' dir='ltr'>comitatu</span> <span class='ocrx_word' id='word_1_50' title='bbox 1029 1244 1219 1311; x_wconf 90' lang='lat' dir='ltr'>Posoniensi</span> <span class='ocrx_word' id='word_1_51' title='bbox 1235 1245 1269 1309; x_wconf 89' lang='lat' dir='ltr'>in</span> <span class='ocrx_word' id='word_1_52' title='bbox 1285 1245 1388 1330; x_wconf 90' lang='lat' dir='ltr'>ipsius</span> <span class='ocrx_word' id='word_1_53' title='bbox 1404 1246 1490 1332; x_wconf 92' lang='lat' dir='ltr'>oapi·</span> 
     </span>
     <span class='ocr_line' id='line_1_8' title="bbox 355 1351 1489 1437; baseline 0.001 -18"><span class='ocrx_word' id='word_1_54' title='bbox 355 1353 417 1419; x_wconf 92' lang='lat' dir='ltr'>tuli</span> <span class='ocrx_word' id='word_1_55' title='bbox 450 1351 683 1436; x_wconf 85' lang='lat' dir='ltr'>Strigoniensis</span> <span class='ocrx_word' id='word_1_56' title='bbox 715 1353 947 1437; x_wconf 89' lang='lat' dir='ltr'>presencia..</span> <span class='ocrx_word' id='word_1_57' title='bbox 974 1352 1197 1436; x_wconf 84' lang='lat' dir='ltr'>comparando,</span> <span class='ocrx_word' id='word_1_58' title='bbox 1229 1353 1396 1418; x_wconf 78' lang='lat' dir='ltr'>retulisset</span> <span class='ocrx_word' id='word_1_59' title='bbox 1427 1355 1489 1437; x_wconf 86' lang='lat' dir='ltr'>ipsi</span> 
     </span>
     <span class='ocr_line' id='line_1_9' title="bbox 292 1459 1492 1546; baseline 0 -18"><span class='ocrx_word' id='word_1_60' title='bbox 292 1489 295 1495; x_wconf 95' lang='lat'>·</span> <span class='ocrx_word' id='word_1_61' title='bbox 357 1461 503 1546; x_wconf 88' lang='lat' dir='ltr'>capitulo</span> <span class='ocrx_word' id='word_1_62' title='bbox 518 1463 553 1526; x_wconf 90' lang='lat' dir='ltr'>iu</span> <span class='ocrx_word' id='word_1_63' title='bbox 566 1461 654 1527; x_wconf 61' lang='lat' dir='ltr'>,hunc</span> <span class='ocrx_word' id='word_1_64' title='bbox 671 1461 811 1544; x_wconf 91' lang='lat' dir='ltr'>modum,</span> <span class='ocrx_word' id='word_1_65' title='bbox 827 1461 914 1544; x_wconf 91' lang='lat' dir='ltr'>quod</span> <span class='ocrx_word' id='word_1_66' title='bbox 930 1459 1009 1542; x_wconf 90' lang='lat' dir='ltr'>quia</span> <span class='ocrx_word' id='word_1_67' title='bbox 1034 1459 1190 1526; x_wconf 87' lang='lat' dir='ltr'>Nicolaus</span> <span class='ocrx_word' id='word_1_68' title='bbox 1216 1459 1302 1527; x_wconf 83' lang='lat' dir='ltr'>filius</span> <span class='ocrx_word' id='word_1_69' title='bbox 1327 1461 1492 1528; x_wconf 89' lang='lat' dir='ltr'>Dominioi</span> 
     </span>
     <span class='ocr_line' id='line_1_10' title="bbox 356 1567 1490 1652; baseline 0.002 -17"><span class='ocrx_word' id='word_1_70' title='bbox 356 1569 417 1635; x_wconf 86' lang='lat' dir='ltr'>filii</span> <span class='ocrx_word' id='word_1_71' title='bbox 433 1571 526 1636; x_wconf 88' lang='lat' dir='ltr'>Petri</span> <span class='ocrx_word' id='word_1_72' title='bbox 542 1569 581 1634; x_wconf 93' lang='lat' dir='ltr'>de</span> <span class='ocrx_word' id='word_1_73' title='bbox 597 1569 623 1634; x_wconf 88' lang='lat' dir='ltr'><strong>J</strong></span> <span class='ocrx_word' id='word_1_74' title='bbox 624 1569 711 1635; x_wconf 87' lang='lat' dir='ltr'>anulr</span> <span class='ocrx_word' id='word_1_75' title='bbox 722 1569 761 1635; x_wconf 93' lang='lat' dir='ltr'>de</span> <span class='ocrx_word' id='word_1_76' title='bbox 771 1567 857 1635; x_wconf 91' lang='lat' dir='ltr'>dioto</span> <span class='ocrx_word' id='word_1_77' title='bbox 866 1569 1023 1634; x_wconf 90' lang='lat' dir='ltr'>comitatu</span> <span class='ocrx_word' id='word_1_78' title='bbox 1038 1569 1204 1651; x_wconf 84' lang='lat' dir='ltr'>proximus</span> <span class='ocrx_word' id='word_1_79' title='bbox 1220 1589 1306 1652; x_wconf 86' lang='lat' dir='ltr'>suus,</span> <span class='ocrx_word' id='word_1_80' title='bbox 1323 1571 1490 1637; x_wconf 84' lang='lat' dir='ltr'>universas</span> 
     </span>
     <span class='ocr_line' id='line_1_11' title="bbox 357 1675 1496 1764; baseline 0.001 -20"><span class='ocrx_word' id='word_1_81' title='bbox 357 1679 574 1763; x_wconf 87' lang='lat' dir='ltr'>possessiones</span> <span class='ocrx_word' id='word_1_82' title='bbox 590 1698 675 1761; x_wconf 89' lang='lat' dir='ltr'>suas,</span> <span class='ocrx_word' id='word_1_83' title='bbox 692 1683 725 1742; x_wconf 92' lang='lat' dir='ltr'>et</span> <span class='ocrx_word' id='word_1_84' title='bbox 741 1676 926 1764; x_wconf 72' lang='lat' dir='ltr'>specialiter</span> <span class='ocrx_word' id='word_1_85' title='bbox 942 1676 968 1741; x_wconf 88' lang='lat' dir='ltr'><strong>J</strong></span> <span class='ocrx_word' id='word_1_86' title='bbox 969 1675 1057 1742; x_wconf 82' lang='lat' dir='ltr'>anulr</span> <span class='ocrx_word' id='word_1_87' title='bbox 1075 1681 1205 1742; x_wconf 84' lang='lat' dir='ltr'>vocatas</span> <span class='ocrx_word' id='word_1_88' title='bbox 1231 1677 1264 1740; x_wconf 90' lang='lat' dir='ltr'>iu</span> <span class='ocrx_word' id='word_1_89' title='bbox 1290 1677 1376 1743; x_wconf 89' lang='lat' dir='ltr'>dioto</span> <span class='ocrx_word' id='word_1_90' title='bbox 1392 1677 1496 1746; x_wconf 90' lang='lat' dir='ltr'>Poso-</span> 
     </span>
     <span class='ocr_line' id='line_1_12' title="bbox 357 1785 1494 1870; baseline -0.003 -15"><span class='ocrx_word' id='word_1_91' title='bbox 357 1789 462 1855; x_wconf 88' lang='lat' dir='ltr'>niensi</span> <span class='ocrx_word' id='word_1_92' title='bbox 479 1791 635 1856; x_wconf 88' lang='lat' dir='ltr'>comitatu</span> <span class='ocrx_word' id='word_1_93' title='bbox 652 1787 835 1870; x_wconf 85' lang='lat' dir='ltr'>existentes,</span> <span class='ocrx_word' id='word_1_94' title='bbox 851 1785 955 1852; x_wconf 91' lang='lat' dir='ltr'>eidem</span> <span class='ocrx_word' id='word_1_95' title='bbox 964 1785 1121 1852; x_wconf 88' lang='lat' dir='ltr'>Ladislao</span> <span class='ocrx_word' id='word_1_96' title='bbox 1132 1836 1139 1850; x_wconf 92' lang='lat'><strong>.</strong></span> <span class='ocrx_word' id='word_1_97' title='bbox 1151 1835 1157 1849; x_wconf 92' lang='lat'><strong>.</strong></span> <span class='ocrx_word' id='word_1_98' title='bbox 1169 1785 1367 1867; x_wconf 88' lang='lat' dir='ltr'>contulisset,</span> <span class='ocrx_word' id='word_1_99' title='bbox 1378 1789 1419 1853; x_wconf 95' lang='lat' dir='ltr'>ob</span> <span class='ocrx_word' id='word_1_100' title='bbox 1430 1789 1494 1854; x_wconf 92' lang='lat' dir='ltr'>boc</span> 
     </span>
     <span class='ocr_line' id='line_1_13' title="bbox 358 1893 1494 1980; baseline -0.002 -16"><span class='ocrx_word' id='word_1_101' title='bbox 358 1899 443 1964; x_wconf 90' lang='lat' dir='ltr'>idem</span> <span class='ocrx_word' id='word_1_102' title='bbox 458 1895 633 1963; x_wconf 87' lang='lat' dir='ltr'>Ladislaus</span> <span class='ocrx_word' id='word_1_103' title='bbox 659 1895 835 1980; x_wconf 81' lang='lat' dir='ltr'>obligasset</span> <span class='ocrx_word' id='word_1_104' title='bbox 851 1916 885 1960; x_wconf 90' lang='lat' dir='ltr'>se</span> <span class='ocrx_word' id='word_1_105' title='bbox 901 1944 908 1960; x_wconf 94' lang='lat'><strong>.</strong></span> <span class='ocrx_word' id='word_1_106' title='bbox 926 1943 933 1959; x_wconf 93' lang='lat'><strong>.</strong></span> <span class='ocrx_word' id='word_1_107' title='bbox 950 1894 1037 1976; x_wconf 92' lang='lat' dir='ltr'>quod</span> <span class='ocrx_word' id='word_1_108' title='bbox 1061 1900 1260 1961; x_wconf 90' lang='lat' dir='ltr'>memoratus</span> <span class='ocrx_word' id='word_1_109' title='bbox 1285 1893 1443 1962; x_wconf 86' lang='lat' dir='ltr'>Nicolaus</span> <span class='ocrx_word' id='word_1_110' title='bbox 1460 1903 1494 1962; x_wconf 91' lang='lat' dir='ltr'>et</span> 
     </span>
     <span class='ocr_line' id='line_1_14' title="bbox 359 1997 1491 2091; baseline -0.002 -19"><span class='ocrx_word' id='word_1_111' title='bbox 359 1997 409 2072; x_wconf 90' lang='lat' dir='ltr'>sui</span> <span class='ocrx_word' id='word_1_112' title='bbox 419 2003 1375 2091; x_wconf 76' lang='lat' dir='ltr'>posteri..possessioneseomodo..possidereutquomodc</span> <span class='ocrx_word' id='word_1_113' title='bbox 1387 2025 1491 2087; x_wconf 88' lang='lat' dir='ltr'>usque</span> 
     </span>
     <span class='ocr_line' id='line_1_15' title="bbox 360 2111 1493 2192; baseline -0.001 -12"><span class='ocrx_word' id='word_1_114' title='bbox 360 2121 438 2181; x_wconf 89' lang='lat' dir='ltr'>tunc</span> <span class='ocrx_word' id='word_1_115' title='bbox 454 2135 532 2180; x_wconf 90' lang='lat' dir='ltr'>usus</span> <span class='ocrx_word' id='word_1_116' title='bbox 548 2115 726 2179; x_wconf 84' lang='lat' dir='ltr'>exstitisset</span> <span class='ocrx_word' id='word_1_117' title='bbox 751 2112 888 2192; x_wconf 90' lang='lat' dir='ltr'>easdem,</span> <span class='ocrx_word' id='word_1_118' title='bbox 911 2111 1038 2178; x_wconf 90' lang='lat' dir='ltr'>nullam</span> <span class='ocrx_word' id='word_1_119' title='bbox 1062 2113 1327 2178; x_wconf 79' lang='lat' dir='ltr'>contrarietatem</span> <span class='ocrx_word' id='word_1_120' title='bbox 1352 2115 1493 2181; x_wconf 89' lang='lat' dir='ltr'>nullam-</span> 
     </span>
     <span class='ocr_line' id='line_1_16' title="bbox 361 2219 1492 2306; baseline 0.001 -17"><span class='ocrx_word' id='word_1_121' title='bbox 361 2245 425 2306; x_wconf 89' lang='lat' dir='ltr'>que</span> <span class='ocrx_word' id='word_1_122' title='bbox 440 2223 654 2289; x_wconf 90' lang='lat' dir='ltr'>obieooionem</span> <span class='ocrx_word' id='word_1_123' title='bbox 670 2271 677 2287; x_wconf 88' lang='lat'><em>.</em></span> <span class='ocrx_word' id='word_1_124' title='bbox 694 2271 701 2286; x_wconf 91' lang='lat'>.</span> <span class='ocrx_word' id='word_1_125' title='bbox 719 2221 822 2288; x_wconf 88' lang='lat' dir='ltr'>eidem</span> <span class='ocrx_word' id='word_1_126' title='bbox 838 2220 975 2288; x_wconf 88' lang='lat' dir='ltr'>Nicolao</span> <span class='ocrx_word' id='word_1_127' title='bbox 1001 2219 1069 2286; x_wconf 91' lang='lat' dir='ltr'>ullo</span> <span class='ocrx_word' id='word_1_128' title='bbox 1086 2241 1230 2302; x_wconf 88' lang='lat' dir='ltr'>unquam</span> <span class='ocrx_word' id='word_1_129' title='bbox 1246 2227 1390 2306; x_wconf 89' lang='lat' dir='ltr'>tempore</span> <span class='ocrx_word' id='word_1_130' title='bbox 1406 2223 1492 2290; x_wconf 87' lang='lat' dir='ltr'>iacto</span> 
     </span>
     <span class='ocr_line' id='line_1_17' title="bbox 361 2319 1493 2412; baseline 0.002 -16"><span class='ocrx_word' id='word_1_131' title='bbox 361 2333 410 2398; x_wconf 87' lang='lat' dir='ltr'>vel</span> <span class='ocrx_word' id='word_1_132' title='bbox 435 2333 567 2398; x_wconf 92' lang='lat' dir='ltr'>oonsilio</span> <span class='ocrx_word' id='word_1_133' title='bbox 592 2332 728 2399; x_wconf 87' lang='lat' dir='ltr'>inferret</span> <span class='ocrx_word' id='word_1_134' title='bbox 754 2381 761 2396; x_wconf 88' lang='lat'><strong>.</strong></span> <span class='ocrx_word' id='word_1_135' title='bbox 787 2383 793 2396; x_wconf 94' lang='lat'><strong>.</strong></span> <span class='ocrx_word' id='word_1_136' title='bbox 819 2319 886 2397; x_wconf 63' lang='lat' dir='ltr'>sed&#39;</span> <span class='ocrx_word' id='word_1_137' title='bbox 910 2330 1199 2412; x_wconf 80' lang='lat' dir='ltr'>quomodocunque</span> <span class='ocrx_word' id='word_1_138' title='bbox 1224 2331 1328 2396; x_wconf 90' lang='lat' dir='ltr'>eidem</span> <span class='ocrx_word' id='word_1_139' title='bbox 1354 2331 1493 2398; x_wconf 89' lang='lat' dir='ltr'>Nicolao</span> 
     </span>
     <span class='ocr_line' id='line_1_18' title="bbox 361 2437 1491 2524; baseline 0 -18"><span class='ocrx_word' id='word_1_140' title='bbox 361 2440 495 2524; x_wconf 88' lang='lat' dir='ltr'>deipsis</span> <span class='ocrx_word' id='word_1_141' title='bbox 511 2439 766 2522; x_wconf 82' lang='lat' dir='ltr'>possessionibus</span> <span class='ocrx_word' id='word_1_142' title='bbox 782 2439 816 2504; x_wconf 94' lang='lat' dir='ltr'>iu</span> <span class='ocrx_word' id='word_1_143' title='bbox 832 2438 899 2504; x_wconf 84' lang='lat' dir='ltr'>vita</span> <span class='ocrx_word' id='word_1_144' title='bbox 914 2437 964 2503; x_wconf 84' lang='lat' dir='ltr'>vel</span> <span class='ocrx_word' id='word_1_145' title='bbox 980 2439 1015 2503; x_wconf 92' lang='lat' dir='ltr'>in</span> <span class='ocrx_word' id='word_1_146' title='bbox 1030 2443 1133 2504; x_wconf 87' lang='lat' dir='ltr'>morte</span> <span class='ocrx_word' id='word_1_147' title='bbox 1152 2437 1322 2523; x_wconf 89' lang='lat' dir='ltr'>disponere</span> <span class='ocrx_word' id='word_1_148' title='bbox 1338 2439 1491 2523; x_wconf 85' lang='lat' dir='ltr'>placeret,</span> 
     </span>
     <span class='ocr_line' id='line_1_19' title="bbox 362 2545 1491 2630; baseline 0.001 -17"><span class='ocrx_word' id='word_1_149' title='bbox 362 2549 401 2614; x_wconf 92' lang='lat' dir='ltr'>de</span> <span class='ocrx_word' id='word_1_150' title='bbox 417 2546 552 2612; x_wconf 85' lang='lat' dir='ltr'>licencia</span> <span class='ocrx_word' id='word_1_151' title='bbox 561 2551 595 2611; x_wconf 92' lang='lat' dir='ltr'>et</span> <span class='ocrx_word' id='word_1_152' title='bbox 603 2547 812 2630; x_wconf 89' lang='lat' dir='ltr'>permissione</span> <span class='ocrx_word' id='word_1_153' title='bbox 828 2547 971 2614; x_wconf 89' lang='lat' dir='ltr'>eiusdem</span> <span class='ocrx_word' id='word_1_154' title='bbox 988 2546 1135 2613; x_wconf 87' lang='lat' dir='ltr'>Ladislai</span> <span class='ocrx_word' id='word_1_155' title='bbox 1151 2553 1229 2612; x_wconf 90' lang='lat' dir='ltr'>tuno</span> <span class='ocrx_word' id='word_1_156' title='bbox 1244 2545 1338 2626; x_wconf 88' lang='lat' dir='ltr'>facta,</span> <span class='ocrx_word' id='word_1_157' title='bbox 1354 2547 1491 2614; x_wconf 85' lang='lat' dir='ltr'>liberam</span> 
     </span>
     <span class='ocr_line' id='line_1_20' title="bbox 361 2653 1492 2739; baseline 0.002 -18"><span class='ocrx_word' id='word_1_158' title='bbox 361 2654 497 2722; x_wconf 90' lang='lat' dir='ltr'>haberet</span> <span class='ocrx_word' id='word_1_159' title='bbox 522 2653 660 2720; x_wconf 89' lang='lat' dir='ltr'>faciendi</span> <span class='ocrx_word' id='word_1_160' title='bbox 684 2654 881 2739; x_wconf 86' lang='lat' dir='ltr'>facultatem,</span> <span class='ocrx_word' id='word_1_161' title='bbox 907 2659 940 2720; x_wconf 88' lang='lat' dir='ltr'>et</span> <span class='ocrx_word' id='word_1_162' title='bbox 964 2653 992 2719; x_wconf 91' lang='lat' dir='ltr'>si</span> <span class='ocrx_word' id='word_1_163' title='bbox 1008 2674 1137 2720; x_wconf 87' lang='lat' dir='ltr'>necesse</span> <span class='ocrx_word' id='word_1_164' title='bbox 1169 2653 1261 2719; x_wconf 90' lang='lat' dir='ltr'>fieret</span> <span class='ocrx_word' id='word_1_165' title='bbox 1285 2655 1492 2723; x_wconf 86' lang='lat' dir='ltr'>vendendi..</span> 
     </span>
     <span class='ocr_line' id='line_1_21' title="bbox 363 2761 1494 2846; baseline 0.002 -17"><span class='ocrx_word' id='word_1_166' title='bbox 363 2763 402 2829; x_wconf 90' lang='lat' dir='ltr'>dc</span> <span class='ocrx_word' id='word_1_167' title='bbox 418 2762 539 2828; x_wconf 90' lang='lat' dir='ltr'>eisdem</span> <span class='ocrx_word' id='word_1_168' title='bbox 554 2762 807 2846; x_wconf 85' lang='lat' dir='ltr'>possessionibus</span> <span class='ocrx_word' id='word_1_169' title='bbox 824 2763 887 2846; x_wconf 90' lang='lat' dir='ltr'>ipsi</span> <span class='ocrx_word' id='word_1_170' title='bbox 902 2761 1040 2829; x_wconf 84' lang='lat' dir='ltr'>Nicolao</span> <span class='ocrx_word' id='word_1_171' title='bbox 1061 2767 1094 2827; x_wconf 92' lang='lat' dir='ltr'>et</span> <span class='ocrx_word' id='word_1_172' title='bbox 1113 2763 1179 2828; x_wconf 88' lang='lat' dir='ltr'>suis</span> <span class='ocrx_word' id='word_1_173' title='bbox 1198 2763 1336 2846; x_wconf 86' lang='lat' dir='ltr'>posteris</span> <span class='ocrx_word' id='word_1_174' title='bbox 1362 2813 1367 2828; x_wconf 93' lang='lat'>.</span> <span class='ocrx_word' id='word_1_175' title='bbox 1386 2815 1393 2828; x_wconf 93' lang='lat'>.</span> <span class='ocrx_word' id='word_1_176' title='bbox 1419 2787 1494 2831; x_wconf 90' lang='lat' dir='ltr'>eau-</span> 
     </span>
     <span class='ocr_line' id='line_1_22' title="bbox 362 2869 1496 2960; baseline 0.004 -24"><span class='ocrx_word' id='word_1_177' title='bbox 362 2871 435 2937; x_wconf 90' lang='lat' dir='ltr'>dem</span> <span class='ocrx_word' id='word_1_178' title='bbox 465 2870 624 2937; x_wconf 79' lang='lat' dir='ltr'>tribueret</span> <span class='ocrx_word' id='word_1_179' title='bbox 656 2870 854 2954; x_wconf 83' lang='lat' dir='ltr'>facultatem,</span> <span class='ocrx_word' id='word_1_180' title='bbox 886 2871 912 2936; x_wconf 91' lang='lat' dir='ltr'>si</span> <span class='ocrx_word' id='word_1_181' title='bbox 943 2891 1018 2936; x_wconf 82' lang='lat' dir='ltr'>vero</span> <span class='ocrx_word' id='word_1_182' title='bbox 1050 2869 1237 2953; x_wconf 87' lang='lat' dir='ltr'>aliqualiter</span> <span class='ocrx_word' id='word_1_183' title='bbox 1270 2872 1399 2938; x_wconf 87' lang='lat' dir='ltr'>racione</span> <span class='ocrx_word' id='word_1_184' title='bbox 1424 2895 1496 2960; x_wconf 88' lang='lat' dir='ltr'>pre·</span> 
     </span>
     <span class='ocr_line' id='line_1_23' title="bbox 271 2965 1498 3069; baseline 0.001 -23"><span class='ocrx_word' id='word_1_185' title='bbox 271 3063 275 3069; x_wconf 73' lang='lat'>,</span> <span class='ocrx_word' id='word_1_186' title='bbox 363 2980 535 3046; x_wconf 90' lang='lat' dir='ltr'>missorum</span> <span class='ocrx_word' id='word_1_187' title='bbox 553 2977 616 3060; x_wconf 90' lang='lat' dir='ltr'>ipsi</span> <span class='ocrx_word' id='word_1_188' title='bbox 632 2977 768 3044; x_wconf 85' lang='lat' dir='ltr'>Nicolao</span> <span class='ocrx_word' id='word_1_189' title='bbox 793 2977 843 3043; x_wconf 90' lang='lat' dir='ltr'>vel</span> <span class='ocrx_word' id='word_1_190' title='bbox 869 2977 936 3044; x_wconf 92' lang='lat' dir='ltr'>suis</span> <span class='ocrx_word' id='word_1_191' title='bbox 961 2965 1133 3044; x_wconf 82' lang='lat' dir='ltr'>heredibus</span> <span class='ocrx_word' id='word_1_192' title='bbox 1159 3027 1189 3042; x_wconf 91' lang='lat'>..</span> <span class='ocrx_word' id='word_1_193' title='bbox 1214 2978 1299 3043; x_wconf 92' lang='lat' dir='ltr'>idem</span> <span class='ocrx_word' id='word_1_194' title='bbox 1324 2979 1498 3047; x_wconf 85' lang='lat' dir='ltr'>Ladislaus</span> 
     </span>
     <span class='ocr_line' id='line_1_24' title="bbox 364 3085 1498 3172; baseline 0.002 -18"><span class='ocrx_word' id='word_1_195' title='bbox 364 3087 454 3154; x_wconf 91' lang='lat' dir='ltr'>aliud</span> <span class='ocrx_word' id='word_1_196' title='bbox 465 3085 611 3152; x_wconf 85' lang='lat' dir='ltr'>iaciendo</span> <span class='ocrx_word' id='word_1_197' title='bbox 622 3105 656 3151; x_wconf 91' lang='lat' dir='ltr'>se</span> <span class='ocrx_word' id='word_1_198' title='bbox 666 3091 851 3171; x_wconf 86' lang='lat' dir='ltr'>opponeret,</span> <span class='ocrx_word' id='word_1_199' title='bbox 869 3092 947 3151; x_wconf 90' lang='lat' dir='ltr'>tuno</span> <span class='ocrx_word' id='word_1_200' title='bbox 956 3085 1091 3150; x_wconf 90' lang='lat' dir='ltr'>donacio</span> <span class='ocrx_word' id='word_1_201' title='bbox 1106 3086 1251 3170; x_wconf 87' lang='lat' dir='ltr'>ipsarum</span> <span class='ocrx_word' id='word_1_202' title='bbox 1261 3089 1498 3172; x_wconf 88' lang='lat' dir='ltr'>possessionum</span> 
     </span>
     <span class='ocr_line' id='line_1_25' title="bbox 365 3193 1497 3281; baseline 0.003 -20"><span class='ocrx_word' id='word_1_203' title='bbox 365 3217 424 3281; x_wconf 90' lang='lat' dir='ltr'>per</span> <span class='ocrx_word' id='word_1_204' title='bbox 449 3193 530 3260; x_wconf 90' lang='lat' dir='ltr'>alias</span> <span class='ocrx_word' id='word_1_205' title='bbox 555 3196 658 3278; x_wconf 90' lang='lat' dir='ltr'>ipsius</span> <span class='ocrx_word' id='word_1_206' title='bbox 689 3193 823 3278; x_wconf 87' lang='lat' dir='ltr'>capituli</span> <span class='ocrx_word' id='word_1_207' title='bbox 855 3193 1087 3278; x_wconf 69' lang='lat' dir='ltr'>strigoniensis</span> <span class='ocrx_word' id='word_1_208' title='bbox 1116 3194 1229 3260; x_wconf 86' lang='lat' dir='ltr'>literas</span> <span class='ocrx_word' id='word_1_209' title='bbox 1254 3195 1317 3279; x_wconf 89' lang='lat' dir='ltr'>ipsi</span> <span class='ocrx_word' id='word_1_210' title='bbox 1342 3197 1497 3264; x_wconf 83' lang='lat' dir='ltr'>Ladislao</span> 
     </span>
     <span class='ocr_line' id='line_1_26' title="bbox 364 3301 1497 3389; baseline 0.004 -19"><span class='ocrx_word' id='word_1_211' title='bbox 364 3305 451 3370; x_wconf 82' lang='lat' dir='ltr'>iacta</span> <span class='ocrx_word' id='word_1_212' title='bbox 476 3323 514 3368; x_wconf 91' lang='lat' dir='ltr'>eo</span> <span class='ocrx_word' id='word_1_213' title='bbox 533 3301 618 3368; x_wconf 88' lang='lat' dir='ltr'>facto</span> <span class='ocrx_word' id='word_1_214' title='bbox 649 3308 864 3382; x_wconf 88' lang='lat' dir='ltr'>revocaretur,</span> <span class='ocrx_word' id='word_1_215' title='bbox 894 3323 955 3369; x_wconf 86' lang='lat' dir='ltr'>nec</span> <span class='ocrx_word' id='word_1_216' title='bbox 983 3303 1154 3387; x_wconf 90' lang='lat' dir='ltr'>pecuniam</span> <span class='ocrx_word' id='word_1_217' title='bbox 1186 3304 1497 3389; x_wconf 88' lang='lat' dir='ltr'>quadringentarum</span> 
     </span>
     <span class='ocr_line' id='line_1_27' title="bbox 364 3411 1494 3497; baseline 0.002 -17"><span class='ocrx_word' id='word_1_218' title='bbox 364 3433 548 3480; x_wconf 88' lang='lat' dir='ltr'>marcarum</span> <span class='ocrx_word' id='word_1_219' title='bbox 563 3411 697 3478; x_wconf 90' lang='lat' dir='ltr'>reddere</span> <span class='ocrx_word' id='word_1_220' title='bbox 722 3418 888 3479; x_wconf 89' lang='lat' dir='ltr'>teneretur</span> <span class='ocrx_word' id='word_1_221' title='bbox 903 3413 965 3478; x_wconf 90' lang='lat' dir='ltr'>nisi</span> <span class='ocrx_word' id='word_1_222' title='bbox 980 3412 1014 3477; x_wconf 91' lang='lat' dir='ltr'>iu</span> <span class='ocrx_word' id='word_1_223' title='bbox 1029 3413 1130 3478; x_wconf 89' lang='lat' dir='ltr'>tercia</span> <span class='ocrx_word' id='word_1_224' title='bbox 1144 3419 1257 3497; x_wconf 88' lang='lat' dir='ltr'>parte;</span> <span class='ocrx_word' id='word_1_225' title='bbox 1273 3414 1315 3478; x_wconf 90' lang='lat' dir='ltr'>ad</span> <span class='ocrx_word' id='word_1_226' title='bbox 1332 3433 1394 3496; x_wconf 86' lang='lat' dir='ltr'>que</span> <span class='ocrx_word' id='word_1_227' title='bbox 1410 3415 1494 3482; x_wconf 87' lang='lat' dir='ltr'>idem</span> 
     </span>
     <span class='ocr_line' id='line_1_28' title="bbox 365 3517 1500 3606; baseline 0.004 -20"><span class='ocrx_word' id='word_1_228' title='bbox 365 3519 540 3586; x_wconf 84' lang='lat' dir='ltr'>Ladislaus</span> <span class='ocrx_word' id='word_1_229' title='bbox 565 3541 599 3586; x_wconf 89' lang='lat' dir='ltr'>se</span> <span class='ocrx_word' id='word_1_230' title='bbox 625 3541 733 3586; x_wconf 87' lang='lat' dir='ltr'>coram</span> <span class='ocrx_word' id='word_1_231' title='bbox 759 3519 869 3586; x_wconf 91' lang='lat' dir='ltr'>codem</span> <span class='ocrx_word' id='word_1_232' title='bbox 895 3517 1037 3604; x_wconf 87' lang='lat' dir='ltr'>capitulo</span> <span class='ocrx_word' id='word_1_233' title='bbox 1054 3518 1267 3604; x_wconf 83' lang='lat' dir='ltr'>Strigoniensi</span> <span class='ocrx_word' id='word_1_234' title='bbox 1292 3529 1406 3606; x_wconf 89' lang='lat' dir='ltr'>sponte</span> <span class='ocrx_word' id='word_1_235' title='bbox 1421 3524 1500 3591; x_wconf 92' lang='lat' dir='ltr'>obli·</span> 
     </span>
     <span class='ocr_line' id='line_1_29' title="bbox 367 3627 1499 3714; baseline 0.004 -20"><span class='ocrx_word' id='word_1_236' title='bbox 367 3634 483 3713; x_wconf 89' lang='lat' dir='ltr'>gasset.</span> <span class='ocrx_word' id='word_1_237' title='bbox 498 3627 529 3693; x_wconf 84' lang='lat' dir='ltr'><strong>E</strong></span> <span class='ocrx_word' id='word_1_238' title='bbox 546 3649 697 3694; x_wconf 84' lang='lat' dir='ltr'>converso</span> <span class='ocrx_word' id='word_1_239' title='bbox 714 3629 798 3694; x_wconf 91' lang='lat' dir='ltr'>enim</span> <span class='ocrx_word' id='word_1_240' title='bbox 814 3633 1004 3714; x_wconf 89' lang='lat' dir='ltr'>procurator</span> <span class='ocrx_word' id='word_1_241' title='bbox 1019 3627 1155 3713; x_wconf 86' lang='lat' dir='ltr'>predicti</span> <span class='ocrx_word' id='word_1_242' title='bbox 1171 3629 1317 3696; x_wconf 83' lang='lat' dir='ltr'>Ladislai</span> <span class='ocrx_word' id='word_1_243' title='bbox 1334 3631 1391 3697; x_wconf 90' lang='lat' dir='ltr'>filii</span> <span class='ocrx_word' id='word_1_244' title='bbox 1407 3632 1499 3698; x_wconf 88' lang='lat' dir='ltr'>Petri</span> 
     </span>
     <span class='ocr_line' id='line_1_30' title="bbox 367 3735 1500 3820; baseline 0.004 -18"><span class='ocrx_word' id='word_1_245' title='bbox 367 3735 526 3818; x_wconf 88' lang='lat' dir='ltr'>quasdam</span> <span class='ocrx_word' id='word_1_246' title='bbox 542 3736 623 3802; x_wconf 87' lang='lat' dir='ltr'>duas</span> <span class='ocrx_word' id='word_1_247' title='bbox 639 3735 856 3820; x_wconf 87' lang='lat' dir='ltr'>privilegiales</span> <span class='ocrx_word' id='word_1_248' title='bbox 871 3736 985 3802; x_wconf 87' lang='lat' dir='ltr'>literas</span> <span class='ocrx_word' id='word_1_249' title='bbox 1001 3735 1041 3800; x_wconf 90' lang='lat' dir='ltr'>de</span> <span class='ocrx_word' id='word_1_250' title='bbox 1056 3737 1159 3819; x_wconf 88' lang='lat' dir='ltr'>ipsius</span> <span class='ocrx_word' id='word_1_251' title='bbox 1175 3735 1307 3802; x_wconf 87' lang='lat' dir='ltr'>ecclesie</span> <span class='ocrx_word' id='word_1_252' title='bbox 1315 3737 1341 3803; x_wconf 87' lang='lat' dir='ltr'><strong>J</strong></span> <span class='ocrx_word' id='word_1_253' title='bbox 1342 3741 1500 3808; x_wconf 89' lang='lat' dir='ltr'>auriensis</span> 
     </span>
     <span class='ocr_line' id='line_1_31' title="bbox 367 3843 1500 3930; baseline 0.004 -20"><span class='ocrx_word' id='word_1_254' title='bbox 367 3843 509 3930; x_wconf 87' lang='lat' dir='ltr'>capitulo</span> <span class='ocrx_word' id='word_1_255' title='bbox 525 3844 704 3930; x_wconf 90' lang='lat' dir='ltr'>loquentes,</span> <span class='ocrx_word' id='word_1_256' title='bbox 714 3867 811 3912; x_wconf 90' lang='lat' dir='ltr'>unam</span> <span class='ocrx_word' id='word_1_257' title='bbox 828 3846 967 3912; x_wconf 90' lang='lat' dir='ltr'>secundo</span> <span class='ocrx_word' id='word_1_258' title='bbox 981 3843 1148 3929; x_wconf 90' lang='lat' dir='ltr'>idusMaji</span> <span class='ocrx_word' id='word_1_259' title='bbox 1165 3865 1249 3910; x_wconf 88' lang='lat' dir='ltr'>anno</span> <span class='ocrx_word' id='word_1_260' title='bbox 1265 3846 1500 3914; x_wconf 84' lang='lat' dir='ltr'>incarnacionis</span> 
     </span>
     <span class='ocr_line' id='line_1_32' title="bbox 367 3951 1496 4042; baseline 0.006 -25"><span class='ocrx_word' id='word_1_261' title='bbox 367 3953 523 4018; x_wconf 90' lang='lat' dir='ltr'>dominice</span> <span class='ocrx_word' id='word_1_262' title='bbox 545 3953 598 4020; x_wconf 90' lang='lat' dir='ltr'>M⁰</span> <span class='ocrx_word' id='word_1_263' title='bbox 623 3951 743 4020; x_wconf 72' lang='grc' dir='ltr'>000ῐῃο</span> <span class='ocrx_word' id='word_1_264' title='bbox 768 3953 874 4020; x_wconf 83' lang='lat' dir='ltr'>XL¹²¹⁰</span> <span class='ocrx_word' id='word_1_265' title='bbox 898 3955 1003 4038; x_wconf 89' lang='lat' dir='ltr'>primo</span> <span class='ocrx_word' id='word_1_266' title='bbox 1027 3955 1183 4039; x_wconf 89' lang='lat' dir='ltr'>preterito</span> <span class='ocrx_word' id='word_1_267' title='bbox 1208 3955 1287 4020; x_wconf 87' lang='lat' dir='ltr'>satis</span> <span class='ocrx_word' id='word_1_268' title='bbox 1313 3977 1393 4022; x_wconf 86' lang='lat' dir='ltr'>nove</span> <span class='ocrx_word' id='word_1_269' title='bbox 1409 3958 1496 4042; x_wconf 89' lang='lat' dir='ltr'>sigil-</span> 
     </span>
     <span class='ocr_line' id='line_1_33' title="bbox 367 4060 1494 4156; baseline 0.004 -31"><span class='ocrx_word' id='word_1_270' title='bbox 367 4060 501 4126; x_wconf 89' lang='lat' dir='ltr'>lacionis</span> <span class='ocrx_word' id='word_1_271' title='bbox 517 4060 672 4127; x_wconf 90' lang='lat' dir='ltr'>indicium</span> <span class='ocrx_word' id='word_1_272' title='bbox 688 4062 721 4126; x_wconf 93' lang='lat' dir='ltr'>iu</span> <span class='ocrx_word' id='word_1_273' title='bbox 738 4083 814 4127; x_wconf 88' lang='lat' dir='ltr'>cera</span> <span class='ocrx_word' id='word_1_274' title='bbox 829 4063 879 4128; x_wconf 91' lang='lat' dir='ltr'>sui</span> <span class='ocrx_word' id='word_1_275' title='bbox 895 4061 994 4156; x_wconf 82' lang='lat' dir='ltr'>sigilli</span> <span class='ocrx_word' id='word_1_276' title='bbox 1010 4069 1230 4146; x_wconf 87' lang='lat' dir='ltr'>apparentem,</span> <span class='ocrx_word' id='word_1_277' title='bbox 1247 4069 1280 4128; x_wconf 89' lang='lat' dir='ltr'>et</span> <span class='ocrx_word' id='word_1_278' title='bbox 1297 4061 1395 4129; x_wconf 89' lang='lat' dir='ltr'>aliam</span> <span class='ocrx_word' id='word_1_279' title='bbox 1411 4065 1494 4132; x_wconf 89' lang='lat' dir='ltr'>deci·</span> 
     </span>
     <span class='ocr_line' id='line_1_34' title="bbox 368 4167 1500 4255; baseline 0.007 -21"><span class='ocrx_word' id='word_1_280' title='bbox 368 4189 421 4234; x_wconf 91' lang='lat' dir='ltr'>mo</span> <span class='ocrx_word' id='word_1_281' title='bbox 436 4167 591 4236; x_wconf 85' lang='lat' dir='ltr'>kalendas</span> <span class='ocrx_word' id='word_1_282' title='bbox 602 4167 627 4236; x_wconf 85' lang='lat' dir='ltr'>J</span> <span class='ocrx_word' id='word_1_283' title='bbox 628 4172 696 4237; x_wconf 89' lang='lat' dir='ltr'>unii</span> <span class='ocrx_word' id='word_1_284' title='bbox 706 4171 799 4236; x_wconf 90' lang='lat' dir='ltr'>modo</span> <span class='ocrx_word' id='word_1_285' title='bbox 809 4171 965 4255; x_wconf 87' lang='lat' dir='ltr'>premisso</span> <span class='ocrx_word' id='word_1_286' title='bbox 982 4192 1066 4237; x_wconf 91' lang='lat' dir='ltr'>anno</span> <span class='ocrx_word' id='word_1_287' title='bbox 1078 4173 1317 4255; x_wconf 87' lang='lat' dir='ltr'>nuncproxime</span> <span class='ocrx_word' id='word_1_288' title='bbox 1334 4179 1500 4242; x_wconf 87' lang='lat' dir='ltr'>transacto</span> 
     </span>
     <span class='ocr_line' id='line_1_35' title="bbox 372 4281 1501 4366; baseline 0.004 -23"><span class='ocrx_word' id='word_1_289' title='bbox 372 4285 539 4346; x_wconf 88' lang='lat' dir='ltr'>emanatas</span> <span class='ocrx_word' id='word_1_290' title='bbox 565 4287 598 4347; x_wconf 88' lang='lat' dir='ltr'>et</span> <span class='ocrx_word' id='word_1_291' title='bbox 626 4281 799 4366; x_wconf 90' lang='lat' dir='ltr'>alphabeto</span> <span class='ocrx_word' id='word_1_292' title='bbox 823 4282 991 4348; x_wconf 89' lang='lat' dir='ltr'>intercisas</span> <span class='ocrx_word' id='word_1_293' title='bbox 1016 4289 1148 4348; x_wconf 86' lang='lat' dir='ltr'>curarat</span> <span class='ocrx_word' id='word_1_294' title='bbox 1163 4282 1255 4348; x_wconf 87' lang='lat' dir='ltr'>nobie</span> <span class='ocrx_word' id='word_1_295' title='bbox 1271 4282 1501 4363; x_wconf 88' lang='lat' dir='ltr'>demonstrare,</span> 
     </span>
     <span class='ocr_line' id='line_1_36' title="bbox 368 4387 1503 4475; baseline 0.005 -23"><span class='ocrx_word' id='word_1_296' title='bbox 368 4387 402 4452; x_wconf 90' lang='lat' dir='ltr'>iu</span> <span class='ocrx_word' id='word_1_297' title='bbox 428 4409 565 4472; x_wconf 90' lang='lat' dir='ltr'>quarum</span> <span class='ocrx_word' id='word_1_298' title='bbox 581 4390 676 4456; x_wconf 90' lang='lat' dir='ltr'>unius</span> <span class='ocrx_word' id='word_1_299' title='bbox 701 4389 791 4475; x_wconf 90' lang='lat' dir='ltr'>prius</span> <span class='ocrx_word' id='word_1_300' title='bbox 822 4390 945 4456; x_wconf 89' lang='lat' dir='ltr'>scilicet</span> <span class='ocrx_word' id='word_1_301' title='bbox 976 4389 1116 4457; x_wconf 85' lang='lat' dir='ltr'>exhibite</span> <span class='ocrx_word' id='word_1_302' title='bbox 1142 4397 1254 4456; x_wconf 88' lang='lat' dir='ltr'>tenore</span> <span class='ocrx_word' id='word_1_303' title='bbox 1278 4391 1503 4474; x_wconf 89' lang='lat' dir='ltr'>reperiebatur</span> 
     </span>
     <span class='ocr_line' id='line_1_37' title="bbox 370 4493 1502 4583; baseline 0.004 -24"><span class='ocrx_word' id='word_1_304' title='bbox 370 4493 533 4562; x_wconf 87' lang='lat' dir='ltr'>evidenter</span> <span class='ocrx_word' id='word_1_305' title='bbox 558 4500 725 4578; x_wconf 88' lang='lat' dir='ltr'>contineri,</span> <span class='ocrx_word' id='word_1_306' title='bbox 751 4499 838 4583; x_wconf 91' lang='lat' dir='ltr'>quod</span> <span class='ocrx_word' id='word_1_307' title='bbox 862 4497 1020 4565; x_wconf 87' lang='lat' dir='ltr'>Nicolaus</span> <span class='ocrx_word' id='word_1_308' title='bbox 1046 4499 1132 4566; x_wconf 89' lang='lat' dir='ltr'>filius</span> <span class='ocrx_word' id='word_1_309' title='bbox 1147 4499 1311 4566; x_wconf 89' lang='lat' dir='ltr'>Dominioi</span> <span class='ocrx_word' id='word_1_310' title='bbox 1335 4498 1394 4564; x_wconf 89' lang='lat' dir='ltr'>filii</span> <span class='ocrx_word' id='word_1_311' title='bbox 1410 4499 1502 4566; x_wconf 90' lang='lat' dir='ltr'>Petri</span> 
     </span>
     <span class='ocr_line' id='line_1_38' title="bbox 370 4602 1503 4693; baseline 0.005 -26"><span class='ocrx_word' id='word_1_312' title='bbox 370 4603 410 4668; x_wconf 91' lang='lat' dir='ltr'>de</span> <span class='ocrx_word' id='word_1_313' title='bbox 426 4602 451 4667; x_wconf 86' lang='lat' dir='ltr'>J</span> <span class='ocrx_word' id='word_1_314' title='bbox 453 4605 539 4670; x_wconf 73' lang='lat' dir='ltr'>anuli</span> <span class='ocrx_word' id='word_1_315' title='bbox 554 4606 725 4672; x_wconf 88' lang='lat' dir='ltr'>comitatus</span> <span class='ocrx_word' id='word_1_316' title='bbox 741 4606 947 4672; x_wconf 86' lang='lat' dir='ltr'>Posoniensis</span> <span class='ocrx_word' id='word_1_317' title='bbox 973 4627 1081 4673; x_wconf 89' lang='lat' dir='ltr'>coram</span> <span class='ocrx_word' id='word_1_318' title='bbox 1106 4607 1217 4673; x_wconf 90' lang='lat' dir='ltr'>eodem</span> <span class='ocrx_word' id='word_1_319' title='bbox 1233 4607 1375 4693; x_wconf 89' lang='lat' dir='ltr'>capitulo</span> <span class='ocrx_word' id='word_1_320' title='bbox 1391 4608 1416 4673; x_wconf 85' lang='lat' dir='ltr'>J</span> <span class='ocrx_word' id='word_1_321' title='bbox 1417 4609 1503 4673; x_wconf 91' lang='lat' dir='ltr'>auri-</span> 
     </span>
     <span class='ocr_line' id='line_1_39' title="bbox 370 4711 1502 4802; baseline 0.004 -27"><span class='ocrx_word' id='word_1_322' title='bbox 370 4711 438 4776; x_wconf 88' lang='lat' dir='ltr'>ensi</span> <span class='ocrx_word' id='word_1_323' title='bbox 455 4713 669 4800; x_wconf 85' lang='lat' dir='ltr'>personaliter</span> <span class='ocrx_word' id='word_1_324' title='bbox 684 4715 880 4782; x_wconf 85' lang='lat' dir='ltr'>constitutus</span> <span class='ocrx_word' id='word_1_325' title='bbox 905 4713 1068 4781; x_wconf 87' lang='lat' dir='ltr'>coufessus</span> <span class='ocrx_word' id='word_1_326' title='bbox 1093 4715 1314 4782; x_wconf 84' lang='lat' dir='ltr'>exstitisset..</span> <span class='ocrx_word' id='word_1_327' title='bbox 1332 4716 1417 4801; x_wconf 91' lang='lat' dir='ltr'>quod</span> <span class='ocrx_word' id='word_1_328' title='bbox 1432 4713 1502 4802; x_wconf 90' lang='lat' dir='ltr'>ipse</span> 
     </span>
    </p>
   </div>
   <div class='ocr_carea' id='block_1_3' title="bbox 0 0 1641 5460">
    <p class='ocr_par' dir='ltr' id='par_1_3' title="bbox 0 0 1641 5460">
     <span class='ocr_line' id='line_1_40' title="bbox 0 0 1641 5460; baseline 0 0"><span class='ocrx_word' id='word_1_329' title='bbox 0 0 1641 5460; x_wconf 95' lang='lat' dir='ltr'> </span> 
     </span>
    </p>
   </div>
  </div>
 </body>
</html>
