3188 5476
584 561 677 622 1352.
696 563 766 621 udJ.
786 562 812 620 l.
1184 561 1247 620 583

112 749 216 806 strum
233 741 418 805 Johannem
443 739 544 804 filium
577 739 669 803 Petri
695 740 734 803 de
762 737 891 805 Ohahul
907 739 955 802 vel
982 739 1050 803 eius
1068 737 1201 804 heredes
1219 781 1250 801 ..

110 871 174 914 uon
206 855 384 934 possent..
420 855 535 914 extunc
566 849 605 913 de
637 849 709 912 aliis
744 846 1004 930 possessionariis
1037 845 1245 930 porcionibus

110 959 258 1040 ipsorum
273 957 479 1021 hereditariis
496 957 529 1021 in
540 954 651 1022 eadem
662 957 860 1040 possessione
871 956 1076 1022 Zarazberek
1087 954 1238 1020 existenti
1264 1042 1270 1054 Ι

110 1067 180 1141 bus,
197 1071 325 1130 tautam
353 1067 536 1149 porcionem
552 1066 845 1150 possessionariam,
871 1073 992 1149 quanta
1018 1065 1163 1150 predicta
1184 1083 1248 1127 me·

110 1175 216 1238 dietas
242 1173 352 1238 totalis
377 1175 560 1239 medietatis
586 1174 710 1257 prefate
737 1174 947 1258 possessionis
973 1172 1180 1239 Zarazberelr
1196 1193 1249 1237 vo·

111 1289 182 1347 cate
209 1284 271 1365 ipsi
288 1283 443 1365 magistro
468 1283 613 1348 Johanni
641 1282 789 1348 devoluta
806 1285 958 1347 existeret
975 1335 1004 1347 ..
1029 1303 1087 1346 nec
1112 1281 1248 1364 aliquali

111 1391 298 1474 pecuniaria
314 1391 473 1456 solucione
491 1391 612 1474 absque
623 1393 874 1476 possessionaria
884 1393 1017 1458 dacione
1029 1391 1094 1457 ullo
1104 1410 1248 1472 unquam

113 1507 259 1584 tempore
288 1521 321 1564 se
344 1500 488 1564 valerent
505 1501 674 1582 expedire,
699 1502 741 1566 ad
766 1502 852 1584 quod
884 1521 916 1564 se
942 1500 1080 1584 predicti
1104 1497 1249 1563 Michael

111 1608 195 1672 filius
213 1609 322 1672 Deseu
339 1615 370 1672 et
387 1607 412 1672 J
413 1609 557 1674 ohannes
573 1607 660 1672 filius
677 1608 824 1673 Ladislai
841 1608 965 1673 nobiles
986 1608 1025 1672 de
1042 1605 1247 1672 Zarazberel(

110 1717 324 1800 personaliter
341 1721 458 1800 sponte
475 1716 661 1800 obligarunt
686 1738 793 1782 coram
819 1716 919 1794 nobis,
939 1722 1084 1799 petentes
1101 1736 1158 1779 nos
1174 1734 1248 1796 par·

110 1832 161 1890 tes
176 1825 320 1908 predicte
338 1874 343 1886 .
362 1874 367 1886 .
391 1829 428 1888 ut
445 1826 634 1909 premissam
647 1827 911 1910 composicionem
929 1819 1039 1888 eorum
1054 1824 1145 1888 nobis
1161 1823 1247 1906 pari·

111 1940 185 1998 voto
201 1939 231 1998 et
248 1933 392 1997 unanimi
409 1934 575 1997 voluntate
587 1934 755 1998 recitatam
773 1983 779 1998 .
796 1986 802 2000 .
827 1933 1016 1998 confirmare
1028 1931 1245 2015 dignaremur.

109 2041 182 2106 Nos
197 2043 317 2124 igitur.
339 2095 344 2105 .
367 2043 521 2124 legitimis
548 2043 762 2126 peticionibus
788 2045 930 2126 ipsorum
956 2039 1112 2116 inclinati,
1139 2039 1244 2122 predi·

110 2157 200 2216 ctam
215 2148 449 2214 concordialem
462 2157 493 2214 et
509 2151 826 2234 composiciouariam
839 2149 1069 2214 confessionem
1086 2169 1196 2211 eorum
1212 2149 1245 2211 in

110 2259 200 2322 sacto
231 2258 447 2339 predictarum
479 2261 805 2342 possessionariarum
837 2260 1025 2342 porcionum
1050 2263 1082 2321 et
1107 2256 1246 2320 aliarum

112 2385 282 2431 causarum
299 2372 336 2429 ut
351 2368 554 2449 premittitur
564 2389 672 2432 coram
683 2368 774 2432 nobis
791 2367 909 2433 factam
928 2373 960 2432 et
976 2365 1128 2443 habitam,
1155 2385 1241 2428 aocc-

110 2479 245 2557 ptamus
261 2473 454 2538 ratificamus
476 2475 692 2559 approbamus
712 2483 743 2540 et
760 2476 960 2559 presencium
986 2474 1158 2539 literarum
1173 2493 1244 2537 nos·

113 2591 241 2646 trarum
258 2581 503 2664 privilegialium
530 2585 711 2665 patrocinio
727 2584 768 2647 ad
785 2589 976 2666 perpetuam
1001 2581 1244 2645 durabilitatem
1290 2669 1292 2674 ,

111 2691 222 2756 valere
240 2691 334 2755 nostri
352 2690 552 2773 palatinatus
569 2694 763 2757 auctoritate
780 2690 1014 2756 confirmamus
1031 2690 1072 2753 In
1089 2689 1181 2753 cuius
1196 2690 1244 2752 rei

113 2799 322 2864 memoriam.
343 2850 346 2859 .
372 2807 537 2882 presentes
562 2802 708 2884 utrisque
727 2799 874 2884 partibus
901 2797 1115 2862 concessimus
1131 2796 1244 2860 literas

112 2915 244 2972 nostras
260 2909 469 2990 privilegiales
486 2910 654 2992 pendentis
671 2909 769 2992 sigilli
780 2909 881 2972 nostri
898 2906 1050 2971 autentici
1067 2905 1244 2970 munimine

111 3015 294 3081 roboratas.
320 3016 443 3080 Datum
475 3017 576 3098 Bude,
605 3016 740 3082 sabbato
771 3017 917 3099 proximo
943 3023 1018 3080 ante
1050 3014 1243 3078 dominicam

111 3122 415 3205 Ramispalmarum,
432 3147 515 3190 anno
532 3125 651 3189 domini
677 3126 751 3189 Mm⁰
768 3122 887 3191 000ῐῃο
915 3122 1180 3204 quinquagesimo
1197 3141 1243 3186 se·

110 3231 227 3297 cundo.
239 3229 272 3294 N
274 3251 308 3294 os
319 3231 411 3312 igitur
427 3234 521 3297 iustis
532 3232 744 3314 peticionibus
757 3231 943 3296 carumdem
954 3231 1098 3314 parcium
1110 3235 1239 3313 gratum

113 3340 289 3424 prebentes
306 3359 472 3419 assensum,
489 3342 617 3406 easdem
636 3341 747 3405 literas
765 3341 803 3404 de
823 3340 918 3406 verbo
935 3340 975 3404 ad
992 3338 1123 3402 verbum
1140 3338 1241 3421 perle-

111 3455 234 3532 gentes,
251 3447 337 3511 omni
349 3450 520 3532 sispicione
531 3457 676 3513 carentes
688 3449 887 3532 reperiendo,
900 3447 1089 3515 transscribi
1100 3447 1244 3528 fecimus,

111 3563 147 3621 et
164 3555 301 3620 eandem
317 3553 570 3622 relomaoionem
587 3559 676 3640 pacis
703 3559 886 3622 testimonio
906 3561 1107 3640 presencium
1126 3579 1241 3642 appro-

111 3667 247 3742 bamus3
272 3669 304 3726 et
329 3663 396 3744 quir
421 3667 454 3730 in
480 3666 599 3730 eisdem
625 3667 728 3730 literis
755 3665 876 3729 domini
894 3665 1030 3749 palatini
1051 3667 1178 3731 metalis
1194 3667 1240 3730 di-

112 3771 250 3838 stiuccio
267 3775 584 3854 posscssonariarum
602 3777 790 3858 porcionum
817 3775 1035 3858 predictarum
1062 3796 1125 3838 non
1142 3779 1240 3843 conti·

113 3880 264 3956 uebatur,
280 3878 352 3942 ideo
369 3881 468 3946 celem
485 3888 594 3964 partes
610 3884 681 3965 pari
697 3882 861 3946 voluntate
886 3881 1088 3964 presentibus
1105 3882 1240 3947 homini·

112 3991 175 4054 bus
193 3987 337 4052 eiusdem
354 3987 463 4054 domni
480 3990 625 4073 palatini,
637 3991 786 4054 videlicet
801 3989 956 4072 magistro
973 3988 1085 4054 Ohaak
1101 3989 1167 4056 filio
1178 3991 1240 4056 Mi-

115 4098 240 4164 chaelis
257 4098 296 4161 de
313 4096 467 4162 Darahet
483 4107 601 4177 nostro,
619 4099 741 4164 scilicet
758 4148 764 4160 .
782 4151 788 4162 .
814 4097 939 4162 Thema
964 4099 1131 4162 sacerdote
1151 4100 1239 4164 chori

113 4206 249 4270 ecclesie
266 4209 374 4268 nostre
392 4210 424 4268 ct
439 4215 550 4270 rectore
570 4207 683 4272 altaris
700 4207 787 4270 beati
805 4204 957 4288 Gregorii
973 4227 1064 4290 pape,
1081 4227 1153 4271 oum
1170 4207 1239 4272 lite·

113 4315 160 4379 ris
175 4312 320 4377 eiusdem
337 4312 456 4376 domini
472 4315 610 4399 palatini
637 4316 792 4379 universis
817 4315 929 4378 vicinis
956 4321 988 4377 et
1012 4317 1239 4380 commetaneis

114 4420 304 4486 earumdem
321 4423 499 4502 convocais,
515 4429 663 4508 presente
690 4422 789 4487 eciam
806 4421 961 4488 Ladislao
985 4421 1052 4488 filio
1068 4423 1239 4489 Michaelis

115 4531 157 4593 de
174 4527 306 4612 Myoola
322 4528 424 4593 fratre
441 4533 575 4611 paruele
592 4532 733 4596 eiusdem
749 4528 920 4596 Michaelis
936 4529 994 4594 filii
1005 4529 1113 4594 Deseu
1124 4537 1156 4595 et
1166 4552 1238 4596 con·

115 4638 291 4714 senciente,
317 4638 444 4701 easdem
474 4649 619 4720 (paritum
645 4641 686 4704 ad
712 4640 783 4703 loca
808 4637 1067 4703 sessionaliahoc
1082 4641 1175 4704 modo
1192 4641 1238 4705 di-

114 4744 323 4810 stinxissent:
349 4766 422 4810 nam
455 4747 529 4812 vius
556 4747 710 4832 simplicis
736 4745 858 4809 ordinis
882 4747 915 4809 iu
945 4745 1090 4829 predicta
1116 4769 1238 4829 posses·
