3180 5470
518 558 612 618 1350.
631 574 736 618 isnin.
754 557 806 617 27.
1161 561 1222 620 371

88 731 151 797 due
176 732 272 798 litere
298 731 418 797 domini
443 731 591 798 Lsdislai
623 733 758 798 condem
790 735 875 818 regis
906 734 1077 818 Hungsrie
1102 736 1135 800 in
1161 735 1227 804 suis

89 839 205 923 figuris
222 840 406 906 literalibus
423 861 491 906 esse
508 841 573 906 vise
589 841 734 920 luissent,
750 847 857 906 tamen
879 863 943 908 nna
969 843 1154 910 earumdem
1170 844 1227 910 dn·

87 969 181 1014 arum
199 949 367 1014 literarum
384 949 524 1032 sigillum
551 970 589 1014 ex
613 949 700 1014 omni
725 956 817 1033 parto
836 950 983 1028 fructum,
1000 957 1032 1016 et
1048 952 1081 1016 in
1097 957 1226 1017 tantum

87 1057 290 1124 destructum
318 1063 357 1123 ut
381 1059 509 1140 penitus
535 1057 657 1123 nullam
682 1058 816 1124 haberet
842 1059 1170 1126 circumferencislem
1194 1067 1227 1126 et

88 1165 214 1230 nullam
241 1166 376 1232 formam
393 1167 542 1250 imaginis
563 1165 709 1248 alicuius,
734 1167 798 1232 imo
824 1165 945 1232 nullam
965 1169 1094 1234 omnino
1116 1169 1225 1234 cuius·

89 1275 135 1340 ris
153 1275 320 1358 sculpture
337 1295 393 1340 sue
410 1273 545 1358 figuram
558 1280 690 1358 propter
705 1274 884 1359 predictam
901 1277 951 1342 sui
973 1276 1227 1342 confracoionem

88 1389 118 1448 et
137 1383 273 1448 totalem
284 1383 548 1458 destruccionem,
564 1383 627 1446 nisi
642 1382 744 1447 solam
760 1382 895 1448 sormam
913 1385 1018 1450 crucis
1035 1385 1184 1450 similiter
1193 1386 1227 1450 in

87 1490 205 1555 maiori
220 1493 272 1556 sui
288 1492 471 1575 quantitate
506 1491 618 1573 utique
643 1490 805 1556 confracte
830 1498 863 1557 et
888 1492 1049 1556 exinanite
1072 1515 1169 1577 super
1192 1513 1226 1558 se

88 1597 220 1676 babens,
237 1599 271 1662 in
288 1599 357 1664 loco
374 1597 427 1663 nbi
447 1598 468 1662 d
484 1594 506 1681 (.
525 1651 531 1664 .
549 1648 556 1662 .
572 1595 597 1680 .)
620 1619 640 1662 a
656 1599 825 1664 manifeste
842 1598 951 1664 abcisa
967 1599 1035 1664 visa
1060 1601 1172 1666 fuisset
1195 1607 1228 1666 et

89 1706 161 1772 radi
178 1703 359 1790 neg(lecta)
375 1706 508 1772 inferior
535 1707 638 1772 cauda
654 1706 748 1771 litere
764 1707 842 1772 illuc
857 1707 972 1772 sbrssc
996 1708 1113 1774 ibidem
1130 1710 1225 1774 exsti·

87 1815 188 1893 tisset,
206 1836 264 1878 nec
280 1835 343 1880 non
360 1835 475 1879 nomen
492 1813 576 1879 dicte
593 1820 678 1880 terre
696 1814 873 1880 Scrouicha
888 1815 956 1880 illio
972 1837 1069 1899 super
1085 1816 1142 1881 illo
1152 1817 1222 1882 loco

88 1921 206 1987 abraso
223 1923 415 2005 inscriptum
432 1921 603 1998 exstitisse,
620 1943 679 1987 nec
694 1921 758 1987 alio
774 1923 844 1988 loco
870 1923 984 1988 eadem
1009 1923 1111 1988 diccio
1128 1923 1222 1990 Soro-

88 2030 185 2094 uicha
219 2029 460 2094 interlinialiter
494 2031 678 2112 nequicicse
708 2032 813 2115 posita
849 2037 978 2113 reperta
1004 2032 1226 2113 continuisset,

87 2137 174 2220 quod
201 2138 288 2202 idem
329 2137 504 2204 Ladislaus
536 2158 593 2202 rex
627 2139 824 2222 precepisset
859 2137 981 2206 Thome
999 2187 1029 2204 ..
1054 2139 1163 2204 comiti
1187 2139 1226 2204 de

85 2246 215 2328 Zolum,
231 2251 269 2310 ut
284 2245 444 2329 prioribus
460 2245 562 2310 literis
578 2243 666 2330 (visis
683 2243 729 2330 et)
747 2245 909 2330 inspectis,
934 2247 961 2312 si
981 2247 1106 2312 videret
1120 2247 1225 2330 ipsam

85 2355 282 2437 particulam
298 2359 386 2420 terre
402 2355 563 2419 Damione
579 2355 721 2436 legitimo
732 2369 801 2421 esse
818 2355 978 2433 collatam,
988 2361 1105 2420 extunc
1119 2356 1224 2440 ipsum

85 2463 256 2528 occtsione
273 2463 357 2529 dicte
374 2469 461 2528 terre
477 2460 540 2528 non
557 2463 811 2528 molestaretneo
821 2463 1024 2547 permitteret
1040 2483 1098 2546 per
1116 2485 1226 2546 quem·

85 2571 172 2652 piem
189 2572 371 2638 molestare.
388 2571 428 2636 In
445 2571 510 2636 alia
526 2591 600 2635 vero
616 2572 759 2654 ipsarum
781 2571 918 2636 duarum
945 2571 1114 2636 literarum
1135 2571 1225 2638 cuius

84 2679 231 2762 sigillum
258 2701 332 2744 cum
357 2700 431 2744 cera
453 2679 552 2744 rubra
577 2679 733 2744 annulare
753 2701 821 2744 esse
847 2681 1051 2764 apparuisset
1076 2686 1109 2745 et
1134 2681 1219 2746 circu

83 2784 101 2873 (
102 2838 234 2854 ......
236 2787 250 2872 )
266 2789 511 2872 perfractursm
522 2809 634 2854 carens
645 2784 842 2869 nonullam(
847 2837 970 2854 ......
972 2785 986 2873 )
1003 2787 1140 2872 figuram
1155 2788 1225 2853 lite-

84 2896 186 2962 ralem
202 2918 264 2981 per
281 2897 465 2981 quempiam
483 2893 497 2980 (
498 2945 599 2962 .....
600 2893 614 2980 )
625 2896 740 2961 noticie
752 2897 891 2962 cuiusvis
911 2917 1046 2979 persone
1062 2894 1085 2981 (.
1101 2945 1107 2960 .
1125 2946 1131 2962 .
1148 2893 1170 2980 .)
1192 2896 1225 2960 in

80 3005 128 3071 sui
145 2987 318 3090 sculptura
333 3005 499 3070 continens
510 3004 687 3069 exstitisset
703 3001 725 3088 (.
743 3054 749 3067 .
767 3055 773 3070 .
791 3002 812 3089 .)
824 3004 997 3070 [ladislaus
1018 3001 1039 3088 (.
1057 3056 1063 3070 .
1081 3057 1087 3068 .
1106 3002 1127 3087 .)
1168 3024 1225 3068 rex

84 3112 260 3197 Hungarie
280 3113 367 3178 fideli
392 3135 449 3178 sno
478 3113 586 3178 comiti
606 3113 645 3176 de
662 3112 778 3176 Zolum
795 3109 816 3196 (.
835 3165 841 3178 .
860 3163 865 3174 .
884 3110 907 3197 .)
931 3113 1127 3195 inscriptum
1160 3133 1225 3176 non

84 3222 275 3302 exstitisset,
303 3221 412 3286 taliter
428 3223 632 3306 precepisset,
648 3225 685 3284 ut
701 3217 722 3304 (.
740 3270 746 3284 .
763 3271 770 3285 .
787 3219 808 3304 .)
825 3242 924 3304 quam
943 3221 1008 3302 ipsi
1025 3241 1122 3303 super
1140 3219 1224 3285 facto

80 3334 170 3393 terre
187 3326 209 3412 (.
228 3379 235 3393 .
253 3326 276 3413 .)
287 3328 355 3394 illic
370 3329 555 3414 impositum
567 3349 630 3393 non
649 3329 810 3393 extitisset
826 3328 1108 3394 contraMatbism
1123 3326 1225 3392 filium

79 3435 218 3501 Andree
228 3435 403 3502 secundnm
415 3439 632 3502 iuramentum
643 3435 963 3520 probornmvirorum
975 3435 1132 3500 dixissent
1142 3455 1225 3513 esse,

79 3547 112 3609 in
130 3566 201 3630 quo
217 3544 305 3610 idem
320 3545 466 3610 Mathias
482 3544 675 3610 intendisset
690 3543 872 3626 procedere,
889 3549 1002 3608 contro
1018 3544 1089 3626 ipsa
1105 3542 1225 3608 faceret

80 3653 217 3718 finalem
234 3651 437 3719 decisionem.
467 3653 553 3719 Item
569 3653 670 3718 tercia
686 3651 887 3736 prefatorum
898 3658 1038 3733 quatuor
1054 3651 1224 3716 literarum

78 3769 200 3844 patens
227 3768 260 3826 et
282 3761 450 3826 Demetrio
481 3760 590 3825 comiti
610 3759 649 3825 de
674 3760 792 3826 Zolum
818 3761 962 3843 loquens,
987 3765 1057 3824 tam'
1080 3758 1222 3842 sigillum

81 3870 190 3954 ipsius
208 3870 382 3952 imaginem
399 3868 515 3952 capitis
532 3867 626 3949 qussi
651 3867 739 3934 bovis
765 3867 892 3934 cornuti
917 3867 966 3932 vel
990 3865 1100 3931 bubali
1121 3868 1221 3932 conti-

78 4001 160 4045 nens
179 3999 221 4044 ao
236 3981 270 4042 in
287 3978 353 4041 suis
379 3974 728 4042 circumferencialibus
744 3975 848 4040 literis
873 3995 938 4040 una
962 3975 1106 4039 diccione
1122 3973 1224 4038 nullo-

76 4087 176 4152 modo
195 4106 359 4169 apparens
374 4085 407 4148 in
423 4085 496 4148 aliis
511 4103 585 4148 vero
610 4082 714 4148 literis
729 4083 802 4148 suis
827 4081 921 4147 modo
941 4081 1038 4146 simili
1058 4079 1194 4147 circumi
1211 4115 1223 4128 ·

78 4194 281 4260 rencialibus
297 4193 396 4258 veluti
412 4192 554 4276 sigillum
571 4191 662 4256 Petri
678 4189 848 4255 manifeste
859 4190 1019 4274 sculptum
1036 4189 1224 4266 exstitisset,

81 4305 170 4370 diem
190 4324 305 4369 revera
321 4323 377 4368 sue
388 4299 603 4366 emanacionis
612 4300 645 4364 in
662 4305 802 4382 quatuor
813 4299 878 4364 suis
888 4297 1095 4377 diccionibus,
1106 4296 1223 4380 quibus

77 4415 149 4479 cius
167 4413 250 4478 data
266 4410 393 4476 inclusa
408 4409 522 4474 fuisset
546 4429 625 4492 pure
651 4429 747 4492 super
772 4407 844 4472 loca
870 4408 995 4485 abrasa,
1024 4405 1081 4470 sed
1100 4426 1221 4470 annum

77 4545 134 4587 sne
152 4519 370 4586 confcccionis
401 4517 544 4584 nondum
569 4519 603 4582 in
628 4537 662 4582 se
687 4515 791 4581 literis
817 4513 1037 4591 continuisset,
1053 4519 1091 4578 ut
1105 4512 1222 4577 Deme·

19 4687 20 4692 ,
78 4631 162 4696 trius
191 4649 301 4694 comes
326 4627 366 4692 de
383 4627 500 4692 Zolum
524 4631 646 4690 terram
671 4624 831 4692 Demetrii
857 4622 1011 4688 Damiani
1035 4619 1173 4686 Martini
1191 4628 1224 4685 et

20 4789 22 4824 ÷
76 4739 183 4824 Zelyn
215 4736 357 4802 filiorum
373 4735 517 4820 Woyteh
543 4734 582 4798 de
610 4733 762 4800 Thurocb
787 4733 976 4797 existentem
1003 4731 1095 4795 iuxta
1120 4728 1222 4794 Zoro·
1272 4767 1277 4774 ·

1058 4855 1109 4906 24*
