3226 5462
376 453 416 514 78
727 466 912 512 insonnem
928 453 1143 513 onulrrrlu.

364 627 518 694 Albensis
535 629 626 694 nobis
643 649 739 712 super
754 628 918 714 premissis
945 629 1240 712 rescripcionalium
1265 649 1323 713 per
1347 649 1500 713 procure-

364 745 467 804 torem
492 738 710 821 predictarum
735 743 946 820 utrarumque
971 737 1118 822 parcium
1144 739 1177 804 in
1201 756 1265 804 uno
1290 759 1385 804 sensu
1407 716 1501 802 nobis

366 846 584 912 exhibitarum
601 845 774 928 tenoribus,
800 867 838 911 ac
862 833 981 910 eisdem
1006 868 1064 910 suo
1080 847 1175 912 modo
1190 846 1341 931 perlectis
1358 852 1390 911 et
1405 867 1501 930 expo-

366 955 445 1035 sitis,
461 975 534 1018 cum
551 974 607 1019 nos
625 954 751 1018 eosdem
777 959 989 1038 utrarumque
1015 955 1161 1036 parcium
1185 961 1421 1039 procuratores,
1445 953 1501 1036 qui

365 1083 423 1144 pro
440 1061 560 1127 eisdem
577 1062 726 1146 partibus
742 1061 935 1126 auctoritate
946 1063 1130 1128 earumdem
1146 1063 1351 1146 propriarum
1367 1083 1500 1126 suarum

364 1171 532 1236 literarum
551 1171 849 1254 procuratoriarum
874 1155 982 1234 coram
998 1170 1089 1235 nobis
1105 1169 1268 1249 astabant,
1284 1171 1316 1236 in
1334 1191 1378 1252 eo,
1390 1176 1500 1234 utrum

364 1280 474 1343 eedem
484 1285 593 1363 partes
604 1299 699 1360 super
709 1278 867 1361 premissa
882 1277 1141 1344 reambulacione
1156 1286 1315 1345 metarum
1335 1278 1499 1346 erectione

366 1391 398 1451 et
414 1387 595 1452 statucione
611 1386 644 1450 in
660 1385 813 1470 predictis
832 1385 937 1450 literis
963 1385 1097 1469 capituli
1123 1385 1255 1452 ecclesie
1271 1384 1428 1451 Albensis
1444 1385 1499 1449 ha-

364 1495 440 1560 bitis
457 1501 489 1561 et
505 1495 662 1578 expressis
679 1500 943 1560 contentarentur
959 1501 1075 1574 autne,
1088 1495 1178 1560 'trina
1195 1495 1260 1560 vice
1276 1501 1373 1577 prout
1388 1499 1499 1559 nostro

364 1603 523 1668 incumbit
553 1601 657 1668 officio
688 1602 860 1686 requisitos
891 1601 1124 1684 habuissemus,
1156 1603 1253 1668 iidem
1273 1608 1499 1686 procuratores

364 1717 578 1794 utrarumque
588 1711 734 1795 parcium
745 1711 975 1795 premissarum
992 1716 1197 1794 prenotatam
1208 1711 1499 1776 reambulacionem

368 1825 527 1884 metarum
544 1821 740 1884 creceioncm
756 1825 789 1883 ct
805 1819 1019 1884 statucionem
1035 1818 1310 1902 preallegatarum
1326 1819 1499 1902 possessio-

364 1949 442 1993 num
453 1949 592 2004 suarum,
607 1927 699 1992 iuxta
710 1927 894 1992 earumdem
908 1925 1077 1992 literarum
1087 1927 1188 2010 ipsius
1198 1927 1334 2011 capituli
1344 1925 1499 1992 Albensis

365 2036 499 2101 ecclesie
524 2036 820 2118 rescripcionalium
841 2035 990 2131 ¹formam
1017 2041 1049 2100 et
1075 2036 1309 2101 continenciam
1335 2035 1438 2100 factas
1466 2042 1497 2100 et

365 2144 493 2208 habitas
510 2143 655 2208 benivole
671 2165 708 2207 ac
724 2142 809 2208 bona
833 2136 976 2227 ipsorum
1001 2143 1168 2208 voluntate
1194 2163 1400 2221 aasummera
1428 2164 1498 2226 per-

296 2313 301 2320 .
365 2257 528 2335 petuoque
544 2249 675 2336 pacifice
701 2251 807 2333 quiete
823 2257 856 2316 et
871 2250 1125 2316 irrevocabiliter
1150 2271 1340 2336 conservare
1360 2271 1498 2334 spopon-

365 2359 483 2424 derunt
508 2379 616 2424 coram
642 2357 742 2436 nobis,
767 2363 914 2442 petentes
940 2381 998 2426 nos
1023 2381 1096 2425 cum
1126 2360 1295 2438 instancia,
1326 2365 1364 2424 ut
1393 2360 1498 2443 ipsam

364 2466 654 2531 reambulacionem
671 2471 830 2531 metarum
847 2469 1043 2533 creceionem
1069 2473 1101 2532 et
1126 2467 1338 2533 statucionem
1354 2467 1497 2551 ipsarum

365 2574 600 2660 possessionum
616 2573 802 2639 earumdem
818 2576 963 2657 parcium
972 2575 1057 2640 inter
1067 2575 1155 2658 ipsas
1170 2575 1310 2652 habitas,
1327 2573 1369 2639 ari
1384 2596 1498 2660 perpe·

312 2677 315 2684 ’
364 2689 454 2747 tuam
470 2682 518 2746 rei
533 2680 694 2747 cautelam
710 2687 895 2746 nostrarum
920 2682 1088 2749 literarum
1113 2682 1364 2766 privilegialium
1390 2689 1499 2767 patro-

364 2792 448 2858 cinio
473 2789 662 2856 confirmare
678 2790 893 2874 dignaremur.
918 2791 988 2856 Nos
1013 2791 1113 2874 igitur
1139 2790 1324 2855 earumdem
1351 2791 1497 2874 parcium

364 2899 456 2964 iustis
482 2905 515 2962 et
539 2898 691 2981 legitimis
718 2898 928 2981 peticionibus
949 2899 1105 2977 inclinati,
1131 2897 1263 2963 insertis
1288 2897 1367 2980 ipsis
1393 2897 1497 2962 literis

364 3005 442 3070 dicti
458 3006 592 3089 capituli
608 3006 740 3070 ecclesie
756 3004 911 3072 Albensis
928 3007 966 3071 de
977 3005 1073 3070 verbo
1090 3004 1280 3070 adverbum
1296 3005 1497 3089 presentibus

365 3115 483 3179 nostris
499 3113 602 3178 literis
619 3113 882 3198 privilegialibus,
898 3109 1111 3200 prescriptam
1127 3115 1419 3182 reambulacionem
1435 3137 1498 3181 me-

365 3227 473 3286 tarum
503 3222 700 3287 ereccionem
730 3244 769 3287 ac
798 3223 1012 3289 etatucionem
1042 3225 1279 3308 possessionum
1310 3225 1496 3292 earumdem

287 3343 289 3350 ’
363 3316 517 3413 parcium,
533 3335 629 3413 prout
650 3331 683 3394 in
707 3330 809 3394 literis
834 3331 979 3398 iamdicti
1004 3332 1138 3415 capituli
1154 3332 1338 3399 continetur
1363 3332 1497 3426 factam,

364 3443 568 3522 acceptamus
593 3436 809 3521 approbamus
826 3445 858 3504 et
873 3441 1066 3505 auctoritate
1082 3440 1184 3504 nostri
1203 3441 1404 3523 palatinatus
1422 3461 1493 3506 con-

363 3547 538 3624 firmamus,
549 3547 617 3610 sine
633 3545 809 3628 preiudicio
825 3547 905 3612 iuris
921 3547 1018 3612 alieni
1034 3596 1041 3612 .
1058 3597 1065 3611 .
1082 3547 1206 3612 Datum
1221 3549 1324 3624 Bude,
1341 3549 1495 3632 vigesimo

363 3655 415 3720 die
430 3661 616 3720 octavarum
631 3654 705 3720 festi
720 3654 806 3720 beati
823 3653 958 3738 Georgii
983 3656 1126 3721 martiris
1152 3657 1381 3739 predictarum,
1411 3677 1496 3722 anno

364 3761 485 3827 domini
501 3761 554 3827 Μ0
578 3759 698 3827 OOCmo
714 3761 820 3828 XL¹¹¹⁰
836 3763 980 3846 septimo.

470 3926 495 3975 A
507 3924 598 3988 pecset
610 3925 759 3988 hitnyzik3
773 3925 901 3989 ererletije
914 3941 946 3975 az
966 3943 1033 3976 orsa.
1047 3929 1078 3977 lt.
1089 3929 1188 3978 kincst.
1199 3933 1265 3977 oszt.
1280 3927 1394 3980 Mouial.
1415 3928 1447 3978 V.
1464 3929 1496 3978 B.

365 4021 390 4066 4.
407 4021 448 4066 17.
461 4017 529 4078 dipl.
543 4021 609 4066 oszt.
626 4019 703 4065 3861.
726 4015 828 4065 Miklbs
853 4015 996 4066 ntdornak
1025 4023 1100 4067 1346.
1114 4033 1176 4068 nov.
1192 4019 1256 4066 8-an
1281 4019 1378 4067 hozott
1404 4018 1495 4066 elttbbi

363 4103 457 4154 ltelete
493 4111 629 4170 ugyanott
662 4105 820 4154 ererletiben
854 4106 877 4154 is
913 4121 1030 4171 megvan
1065 4112 1143 4158 3863.
1171 4107 1245 4156 sztm
1280 4109 1360 4158 alatt.
1391 4107 1495 4158 szli:

365 4194 471 4243 Koraos
485 4195 518 4244 N.
566 4187 567 4195 ’
