3138 5462
356 445 420 506 100
730 459 917 507 anroouonr
933 447 1148 506 camlurrln.

354 622 507 688 sessionis
524 621 752 706 Stephanhaza
768 627 895 702 vocate,
920 621 1036 685 deinde
1053 619 1156 685 eundo
1172 621 1292 685 transit
1318 621 1480 702 quendam

353 731 493 794 rivulum
508 731 688 815 Bozzyaser
704 736 851 795 vocatum
868 729 909 794 ad
925 736 1052 812 partem
1068 728 1311 806 occidentalem,
1329 735 1361 792 ct
1377 729 1482 792 veniet

353 837 394 902 ad
410 837 654 922 Boazyasteluk‚
671 843 704 902 et
719 837 793 902 inde
810 837 851 902 ad
868 837 1032 920 quandam
1048 838 1142 916 viam,
1168 858 1235 919 per
1246 857 1344 917 quam
1360 837 1429 901 itur
1447 835 1482 900 de

353 946 451 1011 Tune
467 946 508 1011 ad
526 947 688 1027 quandam
704 947 936 1030 possessionem
956 941 1133 1022 Gumnlch,
1150 965 1213 1026 que
1230 945 1332 1010 eciam
1349 950 1398 1010 est
1412 964 1482 1027 pre-

357 1055 518 1119 dictarum
535 1055 746 1132 dominarum,
757 1061 789 1119 et
799 1053 842 1118 ibi
854 1055 941 1120 circa
957 1053 1090 1118 eandem
1101 1055 1318 1136 viamaparte
1333 1051 1482 1146 orientali

350 1183 415 1226 una
425 1168 569 1228 mctaest
579 1163 617 1228 de
627 1184 707 1228 novo
718 1170 841 1243 erecta,
858 1146 973 1228 deinde
983 1161 1125 1228 flectitur
1135 1162 1178 1226 ad
1187 1167 1313 1245 partem
1328 1160 1477 1226 meridio-

350 1271 466 1348 nalem,
477 1271 582 1336 eundo
597 1272 683 1336 circa
699 1271 833 1334 eandem
849 1271 933 1335 viam
949 1290 1006 1334 seu
1016 1270 1050 1333 in
1060 1271 1130 1353 giro
1147 1269 1349 1334 eiusdemvie
1359 1291 1379 1333 a
1389 1274 1481 1353 parte

351 1379 502 1444 orientali
518 1381 626 1443 veniet
642 1380 684 1444 ad
700 1378 798 1443 aliam
814 1385 933 1443 metam
950 1386 1090 1443 terream
1109 1378 1196 1442 circa
1212 1378 1346 1443 eandem
1361 1378 1481 1440 vianna

351 1492 445 1570 parte
460 1487 611 1552 orientali
627 1487 666 1552 de
682 1509 762 1552 novo
777 1493 935 1566 erectam,
951 1487 1026 1555 inde
1042 1487 1147 1551 eundo
1158 1487 1200 1551 ad
1209 1485 1344 1550 eandem
1355 1491 1480 1570 partem

351 1595 596 1660 meridionalem
614 1598 720 1660 veniet
736 1596 778 1661 ad
794 1595 891 1660 aliam
906 1602 1026 1660 metam
1041 1602 1182 1660 terream
1198 1595 1237 1660 de
1247 1615 1327 1658 novo
1344 1601 1481 1659 erectam

352 1725 391 1768 ex
408 1703 520 1768 eadem
535 1709 630 1788 parte
645 1703 730 1768 dicte
745 1705 812 1783 vie3
836 1703 911 1768 inde
936 1703 978 1768 ad
1002 1704 1138 1768 eandem
1163 1707 1289 1786 partem
1314 1701 1356 1766 ad
1381 1702 1478 1766 aliam

350 1797 470 1875 metam
485 1817 625 1875 terream
641 1810 681 1874 de
697 1832 776 1876 novo
789 1816 937 1894 erectam,
954 1809 1069 1876 deinde
1085 1810 1127 1874 ad
1143 1809 1278 1874 eandem
1293 1811 1424 1893 plagam
1443 1808 1480 1874 ad

350 1918 449 1982 aliam
464 1923 586 1982 metam
600 1925 741 1984 terream
750 1917 789 1982 de
800 1938 878 1981 novo
889 1922 1029 1982 erectam
1040 1937 1079 1980 ex
1089 1916 1200 1980 eadem
1216 1916 1386 2000 parterie3
1405 1917 1478 1980 inde

351 2025 394 2090 ad
410 2026 544 2090 eandem
569 2033 697 2109 partem
713 2025 754 2090 ad
770 2025 868 2090 aliam
893 2031 1013 2090 metam
1033 2031 1172 2090 terream
1191 2025 1326 2089 donoro
1343 2031 1478 2090 erectam

351 2154 389 2197 ex
406 2133 518 2198 eadem
533 2139 637 2217 parte,
654 2134 769 2199 deinde
779 2134 821 2198 ad
832 2133 965 2197 eandem
980 2139 1107 2218 partem
1122 2131 1365 2197 meridionalem
1378 2133 1479 2196 eundo

351 2241 393 2306 ad
409 2240 508 2304 aliam
525 2247 645 2306 metam
660 2247 801 2306 terream
818 2242 851 2303 in
872 2241 941 2323 giro
961 2239 1104 2306 eiusdem
1122 2242 1172 2304 vie
1188 2261 1208 2304 a
1223 2247 1317 2325 parte
1332 2239 1478 2304 orientali

352 2348 391 2411 de
407 2368 487 2412 novo
504 2355 662 2429 erectam3
686 2348 760 2413 inde
776 2347 818 2412 ad
835 2347 967 2412 eandem
993 2354 1120 2430 partem
1136 2349 1178 2413 ad
1194 2348 1292 2414 aliam
1307 2355 1427 2414 metam
1443 2349 1479 2412 de

352 2477 433 2521 11010
449 2463 600 2540 erectam,
616 2458 731 2523 deinde
747 2458 790 2522 ad
806 2457 940 2522 eandem
964 2464 1092 2542 partem
1116 2458 1361 2524 meridionalem
1377 2459 1478 2523 eundo

354 2565 396 2629 ad
411 2565 510 2630 aliam
527 2567 651 2631 scilicet
666 2574 812 2632 octavam
827 2573 946 2631 metam
971 2571 1113 2631 terream
1129 2587 1168 2631 ex
1184 2565 1296 2632 eadem
1312 2573 1405 2650 parte
1421 2567 1478 2630 ori-

353 2673 454 2738 entali
471 2674 632 2757 sepedicto
648 2675 697 2738 vie
713 2673 752 2740 de
768 2695 850 2738 novo
866 2680 1016 2756 erectam,
1033 2679 1066 2738 et
1081 2673 1126 2739 ibi
1142 2675 1261 2739 transit
1275 2675 1379 2757 ipsam
1396 2675 1477 2739 viam

353 2781 395 2845 ad
410 2788 537 2865 partem
553 2783 782 2848 occidentalem
799 2789 831 2848 et
846 2782 936 2847 vadit
952 2783 994 2847 ad
1010 2783 1173 2864 quoddam
1197 2789 1329 2867 pratum
1345 2781 1479 2848 00111111·

355 2890 483 2972 chagtw
498 2896 654 2974 vocatum,
675 2891 730 2956 ubi
746 2912 846 2976 prope
872 2888 1007 2956 eandem
1032 2893 1118 2956 viam
1134 2913 1154 2956 a
1170 2897 1264 2975 parte
1287 2889 1478 2956 occidentali

348 3001 398 3060 est
414 3019 479 3063 una
494 3005 581 3063 meta
596 3005 704 3063 terrea
720 2999 759 3062 de
775 3019 856 3063 novo
872 3004 988 3078 erecta,
1005 2999 1093 3064 etsie
1103 2995 1247 3082 predicte
1263 2999 1477 3082 possessiones

351 3103 449 3170 Twne
476 3104 753 3188 etStephanhaza
785 3111 904 3184 vocate,
935 3126 992 3190 per
1018 3105 1121 3169 dictas
1152 3090 1255 3171 metas
1286 3106 1434 3170 distincte
1451 3155 1480 3169 ..

350 3217 384 3276 et
416 3219 573 3296 separate,
605 3234 625 3277 a
655 3219 748 3295 parte
778 3213 930 3277 orientali
954 3213 1050 3276 cessit
1074 3212 1228 3296 predictis
1255 3261 1287 3277 ..
1312 3215 1479 3279 sanctimo-

351 3319 501 3400 nialibus,
527 3342 547 3386 a
571 3327 665 3404 parte
689 3342 764 3386 vero
790 3321 980 3401 occidentali
1006 3320 1165 3386 nobilibus
1191 3321 1230 3386 de
1250 3320 1477 3404 Stephanhaza

349 3436 537 3494 remanente
554 3435 711 3513 perpetuo
727 3429 936 3513 possidende;
960 3429 1141 3513 predictam
1166 3435 1275 3494 antem
1300 3430 1391 3508 viam,
1416 3449 1479 3510 quc

350 3536 499 3618 procedit
514 3557 534 3601 a
550 3537 647 3602 Tune
668 3537 710 3601 ad
721 3533 894 3619 Gumnlch,
910 3537 1047 3618 predicti
1062 3535 1163 3602 irater
1179 3536 1351 3604 Ladislaus
1366 3557 1481 3622 procu-

355 3650 446 3708 rator
455 3645 675 3726 predictarum
692 3697 698 3709 .
715 3694 722 3709 .
739 3645 1032 3710 sanctimonialium
1042 3645 1481 3729 auctoritateprocuratoria,

352 3759 384 3817 et
400 3753 616 3836 prenominati
632 3752 755 3817 nobiles
773 3753 811 3817 de
828 3751 1057 3834 Stephanhaza
1073 3753 1297 3836 personaliter,
1314 3759 1380 3818 tam
1394 3751 1483 3816 ioba·

348 3859 497 3943 gionibus
513 3861 657 3942 ipsorum
674 3911 680 3925 .
698 3912 704 3926 .
721 3860 1014 3926 sanctimonialium
1040 3881 1138 3942 quarn
1149 3861 1309 3926 dictorum
1325 3860 1482 3924 nobilium

349 3989 550 4033 communem
569 3968 637 4033 lore
664 3971 905 4048 commisissent,
920 3970 976 4046 ita,
993 3968 1080 4049 quod
1096 3990 1254 4052 unapars
1270 3969 1367 4034 alteri
1382 3989 1481 4050 super

347 4076 451 4157 ipsam
475 4077 560 4140 viam
585 4078 771 4142 molesciam
795 4076 902 4142 facere
927 4097 991 4141 non
1016 4076 1158 4142 auderet.
1190 4077 1315 4142 Datum
1341 4076 1481 4141 secundo

347 4181 497 4248 dictasti
528 4185 708 4249 nativitatis
742 4185 829 4250 beati
854 4184 1016 4249 Johannis
1052 4184 1221 4268 Baptiste,
1252 4206 1338 4250 anno
1363 4185 1483 4249 domini

351 4289 404 4354 Μο
428 4289 526 4356 0000
550 4292 654 4358 ΧΙ11110
670 4293 815 4376 septimo.

454 4418 509 4466 Ka
519 4419 701 4485 peldanyban,
716 4420 795 4483 sarge
804 4419 832 4467 es
845 4418 909 4466 sold
922 4420 1157 4480 selyemszalakon
1167 4422 1251 4485 fdggr't
1262 4420 1399 4483 pensettel.
1409 4420 1481 4469 Ere-

347 4505 431 4569 detije
444 4523 476 4555 az
491 4523 559 4558 orsz.
572 4511 605 4558 lt.
624 4510 724 4560 kinost.
735 4514 803 4558 osut.
814 4511 889 4559 Mon.
909 4509 1011 4558 Poson.
1029 4514 1069 4558 16,
1081 4515 1149 4558 oszt.
1163 4510 1231 4572 dipl.
1245 4515 1265 4558 t.
1281 4516 1358 4562 3920.
1380 4509 1483 4558 Kozri:

347 4597 454 4645 Koraos
467 4599 501 4652 N.

834 4687 995 4696 --a—-an—-n
