3226 5462
349 466 390 528 74
699 483 887 528 nurounosr
904 467 1118 527 onnlurrla.

345 643 466 726 eadem,
483 643 547 708 sive
563 643 738 710 Ladislaus
754 643 840 708 tilius
856 643 964 709 Pousa
977 643 1016 708 de
1032 643 1140 708 Beren
1166 666 1225 726 pro
1241 651 1336 728 parte
1352 665 1476 708 earum-

346 753 418 818 dem
435 753 647 834 dominarum,
663 755 741 818 item
757 754 904 820 Mathias
929 753 1015 819 filius
1042 753 1210 834 Marouch‚
1226 755 1276 820 vel
1293 754 1477 838 Stephanus

346 859 430 926 lilius
447 861 537 926 Beke
553 861 593 927 dc
608 861 701 947 Boly,
717 868 775 928 aut
791 863 909 928 Petrus
935 861 1021 927 filius
1037 863 1156 944 Karul,
1183 865 1249 928 sire
1268 865 1347 948 ipsis
1364 864 1478 928 absen-

345 968 431 1034 tibus
447 968 602 1034 Nicolaus
619 970 658 1034 de
674 969 812 1053 Bogdan
837 993 896 1054 pro
912 975 1004 1054 parte
1021 971 1163 1036 eiusdem
1179 972 1316 1056 capituli
1331 973 1477 1038 homines

346 1078 458 1156 nostri,
484 1077 543 1143 sub
570 1078 762 1144 testimoniis
780 1129 786 1144 .
804 1131 810 1144 .
828 1079 964 1163 capituli
989 1078 1122 1145 ecclesie
1146 1077 1301 1146 Albensis
1327 1102 1389 1163 que
1415 1102 1479 1145 me·

345 1185 509 1252 diantibus
525 1188 644 1252 nostris
660 1187 765 1253 literis
781 1187 872 1253 adid
888 1210 946 1271 per
971 1189 1077 1272 ipsum
1098 1190 1275 1273 capitulum
1300 1191 1478 1256 transmitti

344 1294 592 1378 postularemus,
617 1297 782 1379 premissis
807 1296 954 1380 partibus
970 1297 1020 1361 vel
1036 1297 1188 1380 legitimis
1205 1299 1350 1382 parcium
1366 1320 1478 1384 procu-

345 1403 507 1469 ratoribus
524 1405 728 1488 presentibus
754 1405 943 1470 accederent
968 1404 1010 1470 ad
1035 1405 1149 1470 faeiem
1174 1406 1275 1489 ipsius
1301 1412 1388 1471 terre
1414 1407 1478 1472 liti·

346 1514 432 1596 giose
449 1518 482 1577 ct
496 1519 654 1578 metarum
680 1514 714 1577 in
731 1512 848 1578 eisdem
874 1513 976 1579 litoris
1002 1514 1163 1580 dictorum
1188 1514 1403 1597 capitulorum
1419 1515 1478 1580 Al·

345 1622 452 1686 bensis
477 1626 510 1686 et
534 1621 724 1688 Bachiensis
757 1622 965 1688 ecclesiarum
990 1615 1227 1688 ae'conveutus
1253 1622 1478 1690 Waradiensis

346 1731 499 1796 antedicti
524 1737 757 1808 contentarum,
791 1752 871 1814 quas
897 1729 1027 1814 quidem
1051 1731 1163 1796 literas
1189 1731 1273 1797 idem
1299 1733 1478 1816 capitulum

346 1836 688 1921 Quinqueecclesiense
708 1838 756 1902 vel
767 1839 835 1904 eius
846 1845 1036 1922 procurator
1051 1841 1215 1920 legitimus
1231 1842 1264 1905 in
1282 1839 1363 1906 facie
1379 1842 1478 1924 ipsios

347 1956 433 2012 terre
449 1946 589 2030 litigiose
600 1953 633 2012 et
641 1953 801 2013 metarum
811 1947 1030 2031 predictarum
1041 1948 1119 2012 inibi
1130 1949 1163 2012 in
1174 1949 1279 2033 specie
1289 1955 1479 2014 tenerentur
1517 1928 1521 1935 ’

346 2055 505 2137 exhibere,
521 2053 608 2141 ipsas
625 2061 727 2121 metas
737 2056 829 2121 iuxta
839 2062 982 2120 tenorem
993 2055 1179 2120 earumdem
1194 2057 1365 2121 literarum
1375 2079 1479 2122 ream·

345 2161 497 2227 bularent
513 2169 545 2228 et
561 2162 750 2228 abinvicem
767 2168 957 2246 separarent
967 2169 999 2227 et
1009 2163 1251 2248 distinguerent,
1268 2163 1422 2246 laetaque
1432 2185 1479 2228 re-

347 2271 568 2338 ambulacione
580 2279 611 2338 et
622 2271 804 2337 abinvicem
810 2271 1025 2354 distinccioue‚
1033 2272 1066 2335 in
1076 2293 1141 2337 una
1150 2272 1309 2336 dictarum
1321 2277 1479 2337 metarum

345 2378 438 2443 iuxta
454 2401 566 2445 cursus
582 2386 742 2445 metarum
759 2381 791 2444 in
799 2379 902 2445 dictis
920 2380 1024 2444 literis
1043 2383 1267 2444 contentarum
1285 2386 1317 2444 et
1333 2380 1479 2444 reambu·

345 2486 495 2565 latarum,
506 2487 596 2552 iuxta
606 2489 697 2570 regni
708 2486 970 2552 consuetudinem
980 2487 1021 2551 ab
1031 2487 1165 2569 antiquo
1182 2486 1404 2570 approbatam,
1417 2486 1479 2551 duo

346 2595 405 2658 riri
430 2595 535 2660 idonei
562 2595 711 2661 videlicet
734 2595 797 2660 duo
823 2615 861 2659 ex
887 2595 1048 2660 canonicis
1075 2595 1207 2660 ecclesie
1227 2593 1479 2679 Quinqueecole-

347 2704 460 2770 siensis
485 2706 534 2768 vel
560 2705 674 2770 maiori
700 2705 859 2788 dignitate
884 2703 1091 2770 canonicatus
1108 2704 1335 2788 prefulgentes‚
1354 2727 1419 2768 nno
1439 2727 1476 2768 ex

347 2813 527 2896 propinquo
542 2814 593 2878 vcl
610 2814 775 2878 remociori
796 2815 1023 2878 commetaneis
1049 2835 1111 2895 quo
1127 2819 1266 2896 possent,
1283 2821 1316 2878 et
1331 2813 1406 2878 aliis
1423 2835 1476 2878 no·

347 2920 465 2986 bilibus
482 2921 802 3005 comprovincialibus
819 2920 967 2985 videlicet
983 2922 1135 3004 vigesimo
1151 2929 1269 3004 quarto
1285 2943 1319 2986 se
1335 2921 1479 3002 inclusis

345 3034 442 3114 prout
466 3031 563 3095 moris
589 3037 638 3096 est
661 3031 769 3096 iurare
794 3036 1036 3114 superterram,
1061 3035 1297 3096 sacramentum
1330 3037 1477 3114 prestare

347 3145 534 3204 tenerentur
550 3162 646 3223 super
662 3161 708 3222 ec,
725 3139 811 3223 quod
827 3138 910 3203 dicte
927 3145 1012 3203 mete
1023 3141 1055 3203 in
1067 3139 1186 3204 eisdem
1202 3139 1305 3205 literis
1315 3140 1476 3204 dictorum

346 3247 560 3329 capitulorum
577 3255 609 3312 et
624 3252 798 3318 conuentus
815 3251 965 3311 contente
975 3251 1008 3310 et
1017 3267 1075 3329 per
1091 3248 1177 3329 ipsos
1189 3247 1334 3312 homines
1351 3253 1479 3312 nostros

351 3377 389 3419 ac
404 3357 588 3421 testimonia
604 3356 748 3439 ipsorum
764 3354 973 3432 reambulate‚
990 3360 1096 3419 essent
1111 3375 1185 3418 vere
1209 3361 1294 3419 mete
1320 3355 1479 3438 predicta·

350 3485 421 3528 rurn
437 3466 676 3547 possessionum
693 3463 836 3528 eiusdem
852 3462 985 3545 capituli
1011 3484 1030 3527 a
1046 3461 1199 3546 predictis
1224 3463 1478 3546 possessionibus

348 3572 532 3637 earumdem
549 3572 751 3637 dominarum
768 3571 989 3654 distinguntes,
1014 3576 1047 3634 et
1063 3570 1183 3634 suerint
1208 3570 1249 3636 ab
1277 3571 1431 3653 antiqu03
1454 3571 1481 3634 si
1582 3585 1583 3614 i

346 3699 421 3744 vero
437 3680 533 3744 iidem
550 3679 613 3744 duo
630 3679 775 3744 canonici
791 3699 888 3762 super
904 3677 1058 3761 predictis
1077 3679 1171 3743 metis
1187 3680 1221 3742 in
1238 3677 1358 3743 eisdem
1375 3679 1480 3744 literis

346 3787 505 3854 dictorum
536 3787 750 3873 capitulorum
775 3793 808 3852 et
832 3793 1004 3851 conventus
1025 3786 1183 3851 contentis
1208 3787 1316 3852 iurare
1342 3786 1482 3874 nollent,
1581 3827 1582 3844 2

348 3902 468 3960 extunc
482 3897 569 3962 intra
585 3895 748 3980 predictas
763 3901 867 3960 metas
883 3895 916 3958 in
927 3895 1044 3959 eisdem
1062 3893 1165 3959 literis
1182 3895 1479 3977 prenominatorum

351 4003 567 4086 capitulorum
599 4011 632 4068 et
664 4007 1019 4082 couventuscontentaS,
1050 4003 1092 4068 ad
1116 4008 1243 4086 partem
1268 4004 1479 4086 possessionis

348 4111 449 4195 ipsius
466 4113 601 4196 capituli
617 4119 650 4177 et
665 4133 728 4177 non
745 4117 837 4178 extra
853 4113 940 4195 ipsas
953 4116 1055 4176 metas
1065 4111 1107 4176 ad
1117 4117 1228 4194 partes
1244 4113 1481 4194 possessionum
1580 4169 1581 4178 ,

350 4221 534 4285 earumdem
551 4221 760 4304 dominarum,
770 4221 861 4306 prius
871 4221 976 4304 ipsam
992 4219 1186 4303 particulam
1204 4226 1289 4284 terre
1305 4240 1401 4302 super
1417 4241 1481 4303 qua

351 4329 438 4394 intra
453 4335 641 4412 prenotatas
651 4335 754 4394 metas
770 4351 809 4393 ex
826 4335 919 4412 parte
934 4329 1171 4412 possessionum
1187 4327 1330 4392 eiusdem
1346 4329 1481 4412 capituli

354 4439 462 4503 iurare
478 4436 606 4518 vellent,
627 4443 744 4502 extunc
760 4437 975 4502 ostensionem
995 4437 1215 4526 procuratoris
1232 4435 1310 4500 dicti
1327 4457 1365 4500 ae
1382 4436 1481 4500 dieto-

349 4567 422 4611 rum
449 4545 584 4610 duorum
616 4545 842 4611 canonicorum
875 4545 1024 4611 similiter
1054 4543 1297 4609 reambularent
1324 4550 1356 4609 et
1382 4543 1481 4626 signis

349 4652 519 4718 metalibus
535 4653 770 4735 consignarent,
786 4661 818 4718 et
834 4675 930 4736 super
947 4675 1010 4718 nno
1026 4653 1185 4718 dictorum
1201 4653 1365 4736 signorum
1381 4657 1480 4716 mcta-
