3138 5462
322 517 385 580 128
500 561 504 567 -
634 506 640 517 ’
667 532 854 578 uuroononr
871 517 1115 576 causamini

319 697 458 778 positam
475 696 642 776 reciperet,
659 692 731 757 aliis
748 692 872 758 duabus
888 692 1036 775 partibus
1052 715 1106 758 scu
1128 692 1210 757 alias
1227 691 1308 756 duas
1325 691 1452 774 porcio-

319 825 375 868 nes
391 803 539 884 superius
555 821 725 883 expressas
742 801 971 882 recipientibus
982 808 1111 865 centum
1127 821 1253 866 marcas
1263 801 1297 864 in
1311 800 1452 864 terminu

320 911 380 976 sibi
407 909 522 988 (lando,
555 908 704 974 videlicet
729 909 969 990 quinquaginta
994 929 1120 974 marcas
1151 910 1208 973 uni
1234 910 1393 991 parcium,
1421 913 1453 971 et

318 1019 399 1084 alias
425 1017 663 1101 quinquaginta
688 1037 813 1081 marcas
839 1017 934 1081 alteri
960 1018 1108 1099 parcium
1133 1017 1256 1081 solvere
1280 1023 1452 1080 teneretur

318 1133 451 1209 propter
466 1123 693 1189 melioritatem
708 1123 851 1205 predicte
875 1126 1086 1206 possessionis
1102 1123 1197 1189 Acha
1215 1145 1273 1189 seu
1289 1125 1452 1206 porcionis

319 1233 361 1298 ad
377 1232 496 1297 dictam
512 1238 638 1314 partem
653 1233 774 1314 posite;
789 1231 850 1296 hoc
866 1233 968 1296 eciam
984 1233 1203 1310 commisisset,
1219 1238 1251 1296 et
1261 1233 1330 1314 ipse
1340 1235 1452 1313 partes

319 1341 464 1407 benivole
481 1341 715 1418 assumsissent,
740 1339 828 1420 quod
852 1339 1032 1420 cuicunque
1059 1341 1205 1421 parcium
1230 1340 1451 1422 predictarum

320 1451 467 1534 predicta
484 1451 639 1534 possessio
655 1447 752 1514 Aelia
776 1455 890 1513 uocata
906 1469 979 1512 cum
994 1450 1061 1513 suis
1077 1451 1263 1514 attinenciis
1279 1457 1312 1514 et
1328 1449 1370 1513 ad
1386 1449 1452 1531 pri·

319 1578 405 1622 mam
421 1559 605 1640 porcionem
620 1557 726 1638 posita
742 1555 879 1632 cederet,
905 1555 967 1620 alie
993 1563 1103 1638 partes
1129 1557 1253 1621 scilicet
1278 1537 1361 1620 alias
1378 1577 1452 1638 por-

319 1667 426 1756 ciones
451 1664 532 1728 duas
563 1664 755 1747 recipientes
786 1665 820 1727 in
851 1665 955 1746 ipsam
987 1665 1219 1746 possessiouem
1247 1662 1342 1729 Ache
1359 1663 1449 1728 etad

319 1773 453 1837 eandem
469 1774 668 1855 pertinentes
684 1771 773 1836 nullo
788 1771 891 1849 moda,
916 1771 976 1836 hoc
992 1779 1049 1849 est,
1073 1794 1133 1836 nec
1157 1774 1237 1837 iuris
1259 1772 1451 1837 hereditarii

319 1881 416 1946 titulo
441 1901 501 1944 nec
525 1879 738 1962 pignoraticio
764 1900 823 1943 nec
839 1880 967 1944 emticio
992 1880 1138 1944 valerent
1163 1902 1197 1945 se
1223 1882 1450 1956 intromittere,

319 1989 383 2054 nisi
399 1990 504 2070 ipsum
520 1989 553 2050 in
569 1987 660 2052 cuius
685 1987 870 2070 porcionem
895 1966 984 2050 dicia
1009 1989 1166 2068 possessio
1181 1985 1277 2054 Acba
1294 2011 1367 2053 cum
1383 1991 1450 2052 suis

319 2100 504 2163 attinenciis
521 2099 652 2174 veniret,
678 2097 800 2178 absque
826 2097 982 2160 heredum
1006 2097 1124 2162 solacio
1150 2097 1303 2162 decedere
1328 2100 1450 2162 contin-

320 2216 410 2291 geret
434 2207 472 2271 de
499 2209 558 2272 hoc
583 2205 721 2286 mund0;
746 2211 778 2269 et
794 2213 871 2269 tuuc
886 2205 950 2268 alie
975 2205 1038 2270 due
1058 2213 1168 2289 partes
1183 2207 1233 2271 rel
1250 2229 1361 2271 earum
1379 2229 1450 2271 suc·

320 2335 468 2395 cessores,
484 2321 520 2379 ut
535 2315 615 2380 iuris
631 2312 708 2377 ordo
734 2313 963 2395 expostularet,
989 2314 1023 2378 iu
1039 2315 1144 2396 ipsam
1160 2335 1193 2378 se
1209 2314 1448 2379 intromittendi

318 2423 455 2488 liberam
480 2421 636 2488 habereut
659 2419 856 2485 facultatem.
880 2421 958 2485 Istis
983 2428 1092 2486 autem
1118 2421 1266 2486 omnibus
1292 2422 1387 2486 factis
1414 2429 1446 2486 et

318 2532 466 2613 peractis,
482 2551 520 2594 ac
537 2529 690 2593 divisione
706 2533 876 2610 prenotata
893 2534 927 2592 et
942 2529 1027 2593 dicto
1044 2529 1137 2594 modo
1153 2529 1247 2608 facts,
1265 2531 1358 2593 iuxta
1374 2549 1448 2593 con·

319 2639 492 2703 tineuciam
508 2635 727 2719 predictarum
747 2635 915 2699 literarum
941 2641 1127 2700 nostrarum
1153 2644 1187 2701 et
1212 2636 1361 2719 partibus
1378 2659 1449 2720 pre-

319 2746 413 2810 dictis
429 2744 572 2809 benivole
588 2741 839 2824 acceptantibus,
858 2743 995 2824 predicti
1013 2745 1160 2826 magistri
1171 2743 1302 2809 Bereud
1318 2751 1353 2808 et
1368 2742 1450 2810 Gre-

318 2856 426 2936 gorius
442 2852 500 2916 filii
516 2851 645 2916 Bereud
660 2849 757 2914 simul
773 2856 807 2914 et
821 2851 957 2915 invicem
974 2852 1141 2932 porciones
1157 2873 1277 2932 eorum,
1296 2853 1448 2917 videlicet

319 2961 401 3026 duas
418 2961 592 3043 porciones,
609 2957 731 3022 scilicet
745 2957 925 3041 predictam
942 2961 1173 3041 possessiouem
1184 2960 1279 3024 Ache
1291 2967 1448 3038 vocatam,

319 3070 351 3134 iu
369 3089 433 3149 qua
449 3075 532 3134 esset
548 3066 682 3161 ecclesia
696 3064 835 3147 lapidea,
851 3087 923 3131 cum
937 3067 1083 3131 omnibus
1100 3068 1172 3132 aliis
1188 3069 1449 3150 possessiouariis

318 3176 532 3260 porcionibus,
548 3175 671 3240 scilicet
686 3175 728 3239 ad
744 3176 882 3257 primam
898 3181 1025 3257 partem
1052 3195 1107 3239 seu
1132 3177 1317 3258 porcionem
1335 3178 1448 3258 positis

319 3293 352 3349 et
376 3285 550 3350 nominatis
575 3290 608 3347 et
634 3282 819 3347 earumdem
846 3281 1042 3347 utilitatibus
1067 3287 1101 3345 et
1125 3283 1343 3365 pertinenciis,
1370 3287 1447 3348 item

318 3392 602 3475 possessiouariam
628 3391 810 3472 porcionem
836 3389 869 3452 iu
893 3388 1092 3470 possessione
1117 3387 1214 3454 Raad
1229 3395 1343 3455 vocata
1358 3391 1450 3456 habi·

319 3508 396 3582 tam,
412 3507 508 3583 prout
523 3501 608 3582 ipsos
625 3500 834 3580 contingeret,
860 3519 933 3561 cum
958 3496 1032 3562 aliis
1058 3497 1313 3579 possessionibus
1330 3505 1363 3562 et
1379 3521 1449 3582 pos·

319 3607 519 3674 sessionariis
549 3605 763 3688 porcionibus,
794 3626 866 3668 cum
891 3603 1033 3669 ecclesiis
1063 3604 1210 3687 lapideis,
1241 3605 1393 3672 videlicet
1417 3609 1449 3670 in

319 3714 423 3793 Raad,
439 3722 535 3796 prout
551 3714 596 3778 eis
612 3713 802 3789 conveniret,
819 3713 852 3775 in
862 3711 980 3793 Rekas,
996 3713 1030 3775 in
1046 3711 1134 3776 Zaas
1144 3717 1177 3776 et
1186 3712 1294 3776 Bereu
1310 3715 1449 3778 existen-

318 3824 413 3902 tibus,
428 3831 461 3888 et
476 3825 548 3888 aliis
574 3821 825 3906 possessionibus
850 3821 1123 3904 pertinenciisque
1150 3821 1305 3886 universis
1322 3843 1449 3888 earum-

318 3931 400 4010 dem,
416 3931 458 3995 ad
474 3931 648 3996 secundam
663 3936 789 4012 partem
807 3951 864 3993 seu
879 3930 1061 4011 porcionem
1087 3930 1200 4013 positis
1217 3937 1250 3994 et
1266 3932 1450 4012 nominatis,

318 4060 377 4120 pro
394 4061 428 4104 se
444 4039 576 4123 pacifice
593 4044 626 4103 et
649 4037 794 4102 benivole
820 4057 858 4101 ac
884 4039 952 4101 sine
978 4037 1132 4102 divisione
1157 4037 1242 4101 iuter
1266 4038 1354 4120 ipsos
1383 4061 1450 4103 ma-

319 4148 435 4230 gistros
460 4147 590 4212 Bereud
614 4154 648 4212 et
672 4143 869 4229 Gregorium
894 4145 1050 4228 eligendo,
1082 4152 1115 4210 et
1146 4145 1259 4210 eodem
1291 4149 1450 4231 magistro

318 4256 463 4320 Martiuo
479 4257 684 4339 permittente
701 4261 733 4319 et
749 4256 969 4320 consenciente
987 4257 1200 4337 recepissent;
1217 4256 1263 4319 ita
1280 4256 1368 4336 quod
1386 4279 1450 4320 me-

319 4363 422 4429 dietas
439 4365 579 4428 omnium
596 4365 831 4446 possessionum
853 4369 885 4427 et
908 4365 1234 4446 possessiouariarum
1260 4365 1449 4445 porcionunr

318 4493 356 4536 ac
371 4473 513 4538 omnium
530 4473 708 4538 utilitatum
725 4481 757 4538 et
767 4479 988 4555 proventuum,
1005 4473 1046 4538 ad
1063 4473 1165 4536 dictas
1182 4473 1262 4536 duas
1279 4475 1449 4556 porciones

318 4603 480 4646 cessarum
496 4603 551 4645 seu
569 4582 755 4663 positarum,
773 4603 830 4644 nec
848 4603 907 4644 uun
924 4583 1066 4644 oninium
1077 4582 1310 4663 possessionum
1328 4588 1362 4645 et
1380 4586 1460 4665 pos?

319 4691 583 4776 sessionariarum
604 4691 798 4771 porciouum,
824 4709 881 4771 per
907 4677 1140 4770 quemcunque
1156 4689 1297 4769 ipsorum
1324 4690 1451 4770 aliquo·
