3188 5470
343 507 407 566 282
698 519 884 564 auuoouonr
900 506 1113 567 crassiana.

342 682 600 762 intromisissent,
618 680 705 746 nullo
722 683 849 764 penitus
866 705 904 746 ex
921 682 1039 748 eisdem
1065 682 1167 747 eidem
1185 684 1340 766 magistro
1356 682 1475 765 Philpe

342 789 737 858 contradictoreexistente
749 842 754 855 .
766 790 903 856 Datum
913 790 994 856 feria
1004 791 1106 856 tercia
1114 792 1262 876 proxima
1271 799 1346 858 ante
1355 792 1475 857 festum

343 895 553 964 Ascensionis
563 898 693 977 domini,
703 920 787 964 anno
798 900 939 966 eiusdem
951 899 1125 966 Millesimo
1136 899 1256 976 GCOm‘}
1267 900 1373 969 XL¹¹¹⁰
1382 921 1476 966 nono.

437 1063 603 1134 'Hdtlapjr‘en
616 1063 708 1126 penset
721 1063 925 1128 tdredtkeive13
950 1063 1081 1128 eredetije
1104 1081 1136 1114 az
1157 1080 1224 1114 orsz.
1247 1067 1279 1116 lt.
1293 1065 1395 1116 kinost.
1406 1071 1475 1115 oszt.

342 1155 376 1204 N.
391 1156 424 1206 a.
440 1153 471 1203 A.
488 1159 546 1205 333.
564 1159 604 1204 12.
618 1154 684 1218 dipl.
699 1157 766 1204 oszt.
781 1159 859 1204 4044.
873 1155 973 1204 Kozli:
995 1155 1103 1206 Kovdcs
1116 1156 1150 1205 N.

829 1355 929 1362 .-—-..
935 1355 990 1360 ...-..

873 1519 945 1581 149.

349 1699 443 1763 1349.
460 1699 558 1786 Epor,
576 1701 650 1782 rudj.
668 1699 720 1762 20.
737 1693 786 1762 Aa
802 1697 869 1784 apri
888 1697 1014 1783 pusptt·
1040 1698 1212 1778 vicarium,
1239 1700 1347 1764 Verczi
1372 1701 1477 1765 Ko'ce'r

345 1807 463 1874 Miletos
470 1807 586 1891 fidant
596 1808 627 1871 e‘s
638 1805 724 1872 dei
732 1807 890 1871 Domokos
905 1806 1085 1893 lectaydaak
1101 1807 1244 1894 bizonyos
1256 1807 1477 1895 &drap-oepyed

374 1919 461 1980 irdnt
477 1913 563 1980 La'di
571 1914 730 1980 Demoleos
740 1915 850 1980 otddai
859 1914 936 1979 eldea
938 1914 1026 2001 folyt
1039 1913 1197 2001 r'tpyb'kbea
1207 1915 1380 1980 haheatdat
1391 1915 1445 1982 ad.

380 2137 382 2142 ,
453 2095 522 2161 Nos
548 2096 701 2179 magister
725 2095 894 2161 Johannes
919 2095 1165 2161 archidiaconus
1190 2096 1418 2162 Borsodiensis
1434 2098 1474 2162 vi·

345 2206 564 2288 cariusque..
590 2201 748 2288 N(icolai)
776 2253 805 2268 ..
831 2203 972 2288 episcopi
997 2202 1169 2288 Agriensis
1194 2205 1227 2268 in
1253 2204 1475 2288 spiritualibus

346 2313 514 2396 generalis,
540 2313 654 2378 damus
670 2334 729 2396 pro
744 2314 908 2391 memoria,
935 2313 1021 2393 quod
1046 2333 1103 2376 nos
1126 2333 1256 2378 causam
1280 2313 1347 2377 imo
1372 2315 1475 2379 verins

346 2422 431 2486 idem
447 2421 594 2486 dominus
610 2427 719 2486 noster
745 2422 921 2504 episcopus,
947 2442 1008 2504 que
1034 2421 1119 2485 inter
1144 2423 1335 2505 magistrum
1353 2421 1380 2486 J
1382 2421 1475 2487 ohan-

345 2551 419 2594 uem
435 2528 538 2593 filium
555 2527 683 2594 Nicolai
699 2529 776 2594 dicti
801 2529 918 2594 Kuuer
934 2529 974 2594 de
990 2527 1094 2596 Verez
1111 2535 1144 2594 et
1158 2527 1299 2594 nobilem
1315 2530 1475 2595 dominam

346 2637 492 2702 relictam
509 2635 651 2702 Simonis
676 2636 734 2702 filii
750 2637 890 2702 Bethlem
908 2637 947 2702 de
963 2636 1073 2702 Numa
1090 2643 1122 2702 et
1137 2637 1238 2703 filiam
1253 2637 1420 2704 Dominici
1436 2639 1472 2703 de

346 2743 552 2828 LadMargit
570 2753 715 2812 vocatam
732 2751 769 2811 ut
779 2751 903 2811 actores
914 2765 951 2809 ex
962 2766 1036 2823 una,
1053 2744 1323 2810 etDonchfilinm
1334 2746 1475 2811 eiusdem

347 2853 511 2919 Dominioi
527 2875 565 2918 ac
581 2853 606 2918 J
607 2854 742 2918 acobum
758 2853 861 2918 filium
886 2853 912 2918 J
913 2853 1048 2918 ohannis
1067 2875 1202 2936 puerum
1219 2855 1258 2918 de
1275 2853 1390 2918 eadem
1405 2854 1474 2920 Led

347 2961 444 3026 veluti
462 2961 503 3026 ad
520 2983 650 3027 oausam
667 2967 824 3028 attractos
850 2969 943 3047 parte
960 2963 1001 3028 ab
1017 2964 1122 3029 altera
1147 2965 1227 3028 verti
1255 2964 1341 3046 cepit
1368 2985 1473 3029 coram

346 3071 447 3152 uobis,
472 3094 491 3136 a
507 3077 625 3154 puncto
641 3071 834 3156 peremtorie
860 3073 1075 3156 responsionis
1091 3071 1245 3150 faciende,
1271 3077 1408 3156 propter
1423 3093 1473 3137 ne·

348 3181 529 3245 cessitatem
546 3179 630 3243 infra
655 3180 892 3258 declarandam,
918 3187 950 3246 et
976 3181 1115 3262 quodam
1142 3181 1235 3245 modo
1253 3181 1355 3245 eciam
1373 3180 1412 3244 de
1427 3203 1476 3244 vo-

346 3290 474 3354 luntate
490 3290 644 3372 parcium,
670 3311 689 3354 a
715 3290 918 3373 presentibus
944 3290 1065 3355 octavis
1091 3289 1165 3354 festi
1191 3290 1295 3354 sancti
1320 3286 1475 3355 StanizL-si

347 3396 490 3460 martiris
506 3397 665 3480 usquead
681 3402 809 3462 octavas
825 3397 1005 3462 nativitatis
1025 3397 1127 3462 sancti
1143 3397 1168 3461 J
1169 3397 1306 3462 ohannis
1322 3396 1473 3480 Baptista

347 3505 412 3567 iam
428 3510 587 3585 venturas,
598 3503 744 3586 partibus
760 3505 877 3568 iterato
894 3503 935 3568 ad
950 3509 1094 3568 nostram
1109 3505 1308 3587 presenciam
1325 3504 1473 3570 duximus

348 3610 593 3695 prorogandam,
610 3612 672 3676 isto
689 3612 792 3690 modo,
803 3612 889 3694 quod
905 3613 983 3696 quia
996 3611 1216 3696 preallegatus
1231 3612 1257 3678 J
1258 3612 1377 3678 acobus
1393 3613 1475 3678 filius

349 3720 511 3785 Johannis
537 3719 569 3783 in
594 3727 706 3784 tenera
732 3725 820 3784 etate
854 3726 890 3784 ut
914 3720 1077 3804 prefertur
1110 3727 1160 3785 est
1186 3721 1388 3802 constitutus,
1421 3745 1477 3805 pro

349 3828 525 3909 codemque
549 3833 745 3892 memoratus
780 3827 898 3893 Donoh
930 3836 1064 3912 patruus
1091 3850 1168 3894 suus
1199 3829 1374 3894 secundum
1399 3829 1477 3894 iuris
1579 3875 1580 3886 ,

349 3936 461 4020 scripti
477 3937 631 4016 ordinem,
642 3942 678 4000 nt
687 3943 775 4001 tutor
787 3943 818 4001 et
828 3943 959 4002 curator
969 3937 1063 4002 debet
1078 3938 1272 4020 respondere
1288 3939 1477 4003 necessario.

349 4044 450 4128 igitur
465 4045 493 4109 si
508 4044 614 4108 medio
629 4051 773 4126 tempore
789 4045 933 4127 predicte
949 4051 1059 4128 partes
1075 4047 1107 4110 in
1125 4045 1220 4112 dictis
1237 4047 1351 4120 causis,
1369 4051 1477 4130 utpote

350 4172 447 4234 super
464 4156 582 4233 quarta
598 4149 689 4215 filiali
706 4151 848 4216 eiusdem
864 4151 980 4218 nobilis
1006 4153 1132 4234 domine
1158 4155 1270 4220 relicte
1287 4153 1430 4221 Simonis
1447 4160 1478 4218 et

350 4259 484 4326 condam
500 4260 633 4324 alterius
650 4259 777 4324 domine
793 4260 894 4343 ipsius
910 4262 1057 4344 magistri
1067 4262 1092 4327 J
1093 4262 1229 4328 ohannis
1239 4263 1302 4327 iam
1321 4262 1478 4344 defuncte,

350 4393 407 4454 per
423 4369 661 4436 ordinacionem
676 4369 848 4453 proborum
865 4369 1006 4436 virorum
1030 4371 1116 4436 inter
1131 4393 1165 4436 se
1181 4375 1336 4455 poterunt
1351 4392 1478 4436 concor·

351 4479 436 4560 dare,
452 4477 532 4543 bene
549 4477 687 4559 quidem,
703 4477 849 4560 alioquin
865 4478 1023 4562 prelibato
1047 4485 1156 4562 partes
1181 4480 1214 4544 in
1240 4479 1334 4545 dictis
1359 4471 1479 4545 octenis

351 4607 458 4652 coram
475 4585 566 4650 nobis
583 4607 776 4671 comparere,
800 4587 951 4671 idemque
966 4587 1081 4653 Donch
1098 4593 1165 4653 tam
1180 4609 1240 4671 pro
1256 4609 1290 4652 se
1306 4609 1406 4672 quam
1422 4608 1480 4673 pro

352 4694 462 4762 eodem
477 4714 577 4780 puero
601 4692 667 4760 filio
693 4692 803 4762 fratris
819 4695 878 4774 sui,
903 4693 944 4761 ad
971 4691 1096 4760 obiecta
1122 4695 1307 4761 eorumdem
1333 4700 1480 4760 actorum
