3138 5462
690 453 876 500 aurocroru
893 437 1107 499 ouulurrlu.

877 782 927 843 55.

339 961 434 1024 1347.
453 959 557 1036 Bada,
573 970 648 1044 cept.
670 961 717 1022 14.
745 959 808 1022 Pul
823 959 1011 1044 orazdpbiro',
1037 983 1074 1022 az
1091 959 1158 1044 apri
1174 959 1297 1044 pr'r'spo'lr
1314 961 1345 1022 c's
1365 933 1468 1022 (laedi

338 1071 449 1134 Iatrdu
465 1071 563 1134 ktzou
588 1071 668 1135 vitris
687 1069 919 1155 foldtorr'tlctel,
939 1069 1021 1154 prclp
1037 1093 1057 1132 a
1070 1067 1157 1153 fclelc
1175 1068 1299 1152 Hidre'p
1316 1070 1348 1133 ds
1379 1041 1468 1132 (laod

339 1187 418 1242 rrerr't
435 1178 558 1245 Borsod
577 1178 756 1264 cdrruepyei
770 1177 928 1243 birtolcailc
953 1176 1051 1240 lcd'zb'll
1060 1174 1191 1262 falcitati,
1221 1177 1343 1242 miracu
1364 1149 1468 1242 όηοᾶἰ

606 1286 717 1350 Irtvdo
733 1301 771 1350 az
787 1285 876 1352 eslere
892 1285 1000 1364 leura,
1018 1284 1113 1349 canelo
1132 1284 1203 1348 aeli.
1314 1285 1315 1288 ’

443 1485 512 1551 Nos
538 1505 643 1550 comes
669 1484 793 1548 Paulus
818 1481 916 1547 iudex
942 1483 1030 1548 curie
1047 1534 1053 1547 .
1070 1532 1077 1547 .
1094 1482 1313 1566 significamus
1330 1533 1336 1547 .
1354 1537 1360 1548 .
1377 1486 1464 1566 quod

339 1617 411 1660 cum
437 1595 613 1660 secundum
639 1593 872 1658 continenciam
903 1592 1047 1675 priorum
1078 1591 1247 1658 literarum
1272 1599 1466 1674 nostrarum,

335 1703 466 1768 modum
491 1703 659 1768 iudiciaria
684 1693 928 1766 deliberacionis
955 1705 1063 1765 nostre
1088 1701 1348 1783 exprimendum,
1372 1703 1466 1766 horno

335 1811 423 1894 regie
438 1811 618 1875 maiestatis
637 1803 791 1893 presente
810 1809 994 1874 testimonio
1020 1808 1155 1892 capituli
1181 1809 1315 1874 ecclesie
1331 1810 1466 1876 Waehi-

335 1921 428 2000 cusia,
460 1918 599 1985 secundo
631 1917 682 1981 die
713 1922 899 1981 octavarum
924 1917 987 1980 diei
1019 1917 1174 1984 Oinerum
1204 1939 1289 1982 nunc
1320 1919 1466 2000 proxime

333 2029 497 2113 preterito,
529 2025 569 2091 ad
602 2025 716 2092 faciem
736 2024 951 2108 quarumdam
966 2017 1216 2107 possessionarie
1247 2025 1408 2108 particule
1434 2035 1466 2092 et

335 2138 466 2219 piscine,
498 2155 580 2216 quas
605 2132 752 2198 dominus
778 2131 933 2197 Nicolaus
959 2134 1128 2216 episcopus
1144 2132 1276 2198 ecclesie
1293 2131 1466 2216 Agriensis

336 2246 383 2309 vel
399 2250 588 2327 procurator
609 2241 749 2306 eiusdem
766 2233 937 2324 legitimus,
964 2242 1091 2306 nomine
1117 2243 1197 2306 iuris
1222 2242 1308 2306 dicte
1333 2241 1467 2307 ecclesie

334 2353 505 2436 Agriensis
522 2351 563 2415 ad
580 2352 811 2432 possessionem
828 2349 970 2414 eiusdem
987 2349 1119 2416 ecclesie
1130 2349 1301 2434 Hydwegh
1317 2357 1465 2416 vocatam

290 2465 292 2471 ‘
334 2460 568 2544 pertinencium
585 2480 735 2542 recepere
752 2459 881 2539 diceret,
907 2459 1068 2540 accedere,
1095 2457 1287 2542 easdemque
1304 2459 1417 2524 vicinis
1435 2467 1467 2523 et

334 2569 560 2635 commetaneis
580 2589 691 2632 earum
708 2619 714 2632 .
732 2617 738 2630 .
756 2567 938 2650 specialiter
949 2566 1114 2650 Stephano
1125 2566 1190 2632 filio
1199 2568 1295 2632 Pauli
1307 2568 1345 2632 de
1357 2566 1466 2634 Olnad

333 2677 412 2740 inibi
430 2677 609 2741 convocatis
625 2675 1025 2758 legitime'reambulaudo
1051 2695 1210 2757 recepere,
1237 2677 1466 2760 recaptivatas-

334 2805 397 2865 que
414 2833 420 2847 .
438 2833 445 2847 .
462 2783 524 2866 ipsi
540 2783 670 2848 domino
687 2784 835 2866 episeopo
852 2789 884 2847 et
900 2804 956 2848 sue
975 2782 1107 2848 ecclesie
1127 2778 1295 2864 prenotate
1313 2833 1318 2848 .
1336 2832 1342 2847 .
1361 2789 1468 2848 statu-

334 2914 395 2970 ere,
412 2893 438 2956 si
455 2893 634 2975 peripsum
653 2891 855 2973 Stephanum
872 2890 974 2954 filium
991 2891 1089 2955 Pauli
1114 2891 1163 2954 vel
1180 2891 1260 2955 salios
1285 2913 1348 2956 non
1375 2891 1468 2958 lieret

333 2999 587 3080 contradictum,
620 2999 873 3065 contradictores
904 3019 988 3076 vero,
1019 2998 1046 3062 si
1073 2998 1129 3082 qui
1156 2999 1213 3063 alii
1238 3005 1371 3082 excepto
1396 3001 1467 3083 ipso

333 3109 497 3192 Stephano
514 3107 580 3172 filio
595 3107 693 3173 Pauli
710 3107 893 3188 existerent,
915 3113 1028 3171 contra
1053 3106 1192 3171 eundem
1219 3107 1383 3172 dominum
1400 3110 1466 3190 epi·

332 3237 462 3299 scopum
479 3216 520 3280 ad
536 3215 620 3280 diem
637 3215 734 3279 medii
751 3212 1005 3298 Quadragesime
1031 3213 1145 3278 seriam
1163 3213 1285 3280 scilieet
1311 3223 1463 3299 quartam

331 3325 364 3388 in
382 3323 504 3406 regiam
530 3323 737 3406 presenciam,
761 3323 924 3387 racionem
940 3320 1207 3386 contradiccionis
1225 3342 1334 3386 eorum
1360 3324 1467 3388 reddi-

331 3439 422 3496 turos
447 3431 556 3508 citare,
572 3431 678 3512 ipsum
695 3436 804 3494 autem
815 3427 1018 3522 Stephanum
1035 3427 1138 3492 filium
1159 3429 1258 3493 Pauli
1274 3430 1301 3494 si
1312 3430 1344 3494 in
1356 3430 1468 3512 aliquo

332 3538 566 3604 contradiceret
589 3538 690 3603 citare
717 3558 779 3601 uon
804 3535 1021 3615 incumberet,
1057 3537 1135 3618 quia
1160 3535 1282 3620 absque
1309 3540 1467 3604 citacione

332 3645 478 3726 aliquali,
503 3667 540 3710 eo
566 3645 652 3726 quod
678 3667 750 3710 eum
776 3644 845 3726 ipso
870 3643 999 3710 domino
1016 3645 1164 3727 episcopo
1181 3645 1215 3708 in
1231 3644 1289 3708 lite
1304 3647 1468 3726 existeret„

331 3755 364 3818 in
382 3753 503 3836 prefixa
520 3755 656 3818 termino
674 3753 835 3818 racionem
860 3773 915 3816 sue
942 3751 1208 3817 contradiccionis
1224 3752 1358 3819 reddere
1375 3775 1467 3838 opor-

332 3868 416 3926 teret
426 3883 533 3927 coram
544 3862 643 3939 nobis,
660 3861 855 3946 particulam
872 3861 956 3923 enim
973 3859 1257 3942 possessionariam
1268 3868 1301 3926 et
1310 3863 1468 3944 piscinam

330 3989 388 4050 per
405 3970 589 4051 quempiam
607 3968 801 4051 prohibitam
819 3967 919 4051 signis
936 3968 1099 4049 premetis
1115 3969 1230 4050 positis
1247 3971 1468 4054 consignando

331 4081 363 4140 et
373 4075 475 4158 regali
485 4097 636 4142 mensura
656 4077 682 4141 si
694 4076 873 4140 mensurari
884 4081 993 4157 posset
1012 4077 1298 4158 mensurandam]
1314 4080 1469 4145 visucon·

330 4182 501 4250 siderando
518 4235 524 4248 .
542 4236 548 4248 .
566 4185 725 4262 estimare,
740 4190 814 4268 post
829 4184 910 4248 hec.
930 4235 935 4248 .
953 4205 1025 4248 cum
1042 4184 1146 4250 tocius
1166 4185 1245 4250 facti
1261 4207 1415 4268 processu
1433 4190 1466 4252 in

329 4291 433 4356 literis
442 4293 544 4374 ipsius
555 4293 688 4376 capituli
712 4293 918 4357 Wachiensis
938 4297 1047 4374 partes
1067 4293 1153 4376 regie
1171 4293 1341 4360 serenitati
1357 4317 1467 4378 repor-

331 4402 401 4462 tare
417 4399 620 4482 debuissent3
643 4400 774 4466 tandem
794 4401 863 4483 ipso
888 4402 1026 4465 termino
1044 4452 1049 4464 .
1067 4449 1073 4466 .
1091 4407 1287 4484 occurrente,
1312 4403 1471 4486 magister

329 4508 446 4573 Petrus
457 4509 626 4574 canonicus
637 4508 769 4574 ecclesie
779 4507 950 4592 Agriensis
964 4530 1023 4591 pro
1033 4509 1177 4591 predicto
1188 4509 1315 4574 domino
1326 4508 1466 4576 Nicolao

331 4615 478 4700 episcopo
496 4614 648 4702 Agriensi
664 4665 671 4680 .
690 4665 696 4680 .
713 4617 754 4682 ab
775 4639 846 4699 una,
866 4622 897 4680 et
912 4617 1154 4700 prenominatus
1174 4616 1359 4702 Stephanus
1381 4619 1470 4686 iilius
