3226 5462
565 445 659 514 1347.
678 469 776 514 narrr.
797 447 847 515 21.
1232 451 1270 519 31

136 633 268 696 vocatas
284 625 479 713 ediscentes,
495 630 751 696 contradicoione
776 633 924 717 magistri
941 631 1037 698 Denk
1062 639 1095 698 et
1121 654 1272 716 quorum-

136 739 220 804 libet
242 761 306 804 non
331 738 491 817 obstante,
523 737 606 804 feria
630 745 724 805 sexta
739 746 774 805 et
789 740 928 806 sabbato
943 744 1090 825 proxime
1105 745 1270 827 preteritis

134 867 196 930 per
210 846 374 913 hominem
388 847 512 930 regium
529 853 563 912 et
586 853 733 913 nostrum
760 848 980 914 testimonium
1005 850 1065 916 sibi
1091 853 1193 918 statui
1209 853 1269 918 sub

134 963 302 1022 certarum
318 965 479 1023 metarum
493 956 747 1022 limitacionibus
772 958 806 1022 in
832 957 953 1024 eisdem
978 959 1081 1025 literis
1110 962 1269 1044 expressis

133 1071 374 1149 procurassent,
389 1064 474 1130 idem
489 1065 645 1148 magister
660 1066 779 1132 Petrus
792 1066 921 1132 eosdem
937 1066 1082 1133 homines
1098 1069 1223 1152 regium
1239 1075 1273 1134 et

132 1179 282 1240 nostrum
291 1196 312 1239 a
321 1175 500 1240 statucione
515 1157 752 1258 possessionum
767 1197 900 1240 suarum
919 1175 978 1242 sub
989 1177 1084 1243 metis
1099 1176 1184 1243 dicte
1199 1199 1271 1260 pos·

131 1281 286 1348 sessionis
310 1303 368 1347 sue
393 1281 493 1348 Sebes
517 1281 701 1346 habiturum
735 1281 833 1347 etad
858 1283 964 1366 ipsum
980 1285 1209 1368 spectancium‚
1237 1293 1270 1351 et

132 1391 265 1456 eosdem
280 1392 453 1474 magistros
463 1391 598 1456 Petrum
609 1397 642 1455 et
654 1390 844 1458 Ladislaum
861 1391 902 1458 ab
918 1393 1130 1476 occupacione
1147 1415 1272 1458 earum·

131 1498 208 1564 dem
231 1499 314 1564 facie
339 1498 381 1564 ad
406 1499 520 1564 faciem
536 1499 569 1564 in
584 1499 666 1565 facie
691 1500 878 1566 earumdem
902 1502 1140 1584 possessionum
1156 1501 1262 1585 prohi-

131 1605 258 1672 buisset
274 1657 281 1670 .
298 1657 305 1671 .
323 1627 432 1672 caram
447 1606 549 1673 nobis.
571 1607 697 1672 Datum
721 1607 804 1672 feria
829 1613 950 1688 quarta
964 1607 1113 1691 proxima
1127 1616 1201 1692 post
1217 1609 1271 1673 ‹lo-

132 1715 288 1780 minicam
303 1713 435 1792 Letum,
451 1721 536 1780 anno
551 1715 672 1780 domini
688 1715 740 1781 Μ0
765 1713 862 1784 000ο
887 1715 970 1781 XL⁰
993 1717 1138 1799 septimo.

244 1879 376 1928 zarlatan
389 1879 482 1941 pecset
496 1878 673 1942 nyomaival;
694 1878 824 1942 credetije
837 1895 854 1929 a
866 1880 900 1928 N.
914 1880 1108 1930 Muzeumban.

623 2077 781 2084 m

677 2243 727 2304 15.

135 2400 232 2464 1347.
256 2399 373 2480 lbrda,
389 2413 481 2466 mart
498 2403 550 2466 21.
567 2399 680 2466 Isinda
696 2401 816 2487 erdalyi
830 2401 927 2486 oajda
944 2397 971 2464 I.
983 2401 1079 2488 Lujos
1094 2401 1267 2489 kirdlyualc

131 2507 253 2592 jelsuti,
269 2511 350 2596 bopy
361 2511 493 2597 Popciny
509 2511 620 2575 Isleda
630 2503 766 2596 szolqrija
777 2535 797 2574 a
807 2509 1268 2598 kolosmonostora'apdtscipaab

319 2618 460 2704 Kojdato
474 2627 555 2684 accit
571 2618 746 2685 biretatol
762 2643 819 2707 aqy
834 2621 912 2684 re'szt
928 2620 1080 2706 elfoplsdt

241 2829 249 2844 .
268 2829 275 2843 .
291 2781 453 2847 Lodcvico
469 2831 476 2847 .
494 2831 501 2847 .
517 2782 586 2866 regi
602 2832 608 2846 .
626 2831 633 2846 .
651 2780 838 2865 Stephanus
863 2781 1007 2866 voyvoda
1027 2781 1262 2850 Transilvanus

130 2893 164 2951 ct
179 2907 284 2954 comes
299 2890 339 2954 de
356 2891 473 2977 Zonulr
490 2940 496 2955 .
514 2941 520 2954 .
536 2891 662 2956 noverit
679 2898 787 2956 vestra
811 2890 1004 2956 excellencia
1029 2892 1141 2956 literas
1157 2899 1262 2959 vestre

129 2999 315 3063 serenitatis
332 3047 339 3062 .
356 2999 538 3082 ‚recepisse
561 3001 595 3064 in
611 2999 670 3063 hec
685 2998 801 3063 verba:
826 2997 1006 3064 Lodovicus
1023 3047 1030 3063 .
1047 3048 1054 3064 .
1071 3020 1128 3064 rex
1145 3052 1151 3065 .
1169 3049 1176 3064 .
1193 2999 1262 3066 Ste-

129 3105 238 3186 phano
262 3108 401 3191 voyucdc
417 3107 632 3174 Transilvanc
656 3115 689 3173 ct
713 3108 822 3172 comiti
838 3107 878 3173 de
894 3108 1010 3174 Zonuk
1026 3157 1033 3172 .
1050 3159 1058 3173 .
1074 3109 1154 3174 dicit
1169 3109 1261 3174 nobis

130 3264 138 3277 .
157 3263 164 3277 .
180 3214 282 3278 frater
297 3213 324 3280 J
324 3215 465 3280 ordanns
481 3215 582 3282 abbas
597 3215 785 3282 monasterii
810 3214 904 3280 beate
931 3216 1039 3281 Marie
1065 3217 1202 3300 virginis
1218 3217 1262 3282 de

131 3319 388 3403 Olusmonustre,
404 3324 490 3406 quod
499 3323 603 3390 Deme
611 3321 754 3389 famulus
771 3322 928 3406 Stephani
942 3323 1021 3388 dicti
1030 3323 1145 3407 Pagan
1161 3344 1262 3405 quan·

131 3429 205 3494 dam
220 3429 416 3514 particulam
440 3436 528 3496 terre
553 3429 792 3516 Tyburcbtelke
815 3437 963 3496 vocatam
989 3431 1022 3496 in
1048 3431 1203 3496 comitatu
1220 3430 1260 3496 de

132 3536 211 3603 Olus
226 3538 427 3617 existentem,
442 3540 531 3604 intra
545 3545 648 3604 metas
664 3545 698 3603 et
712 3538 831 3604 limites
847 3538 1056 3622 possessionis
1080 3539 1180 3622 ipsius
1195 3559 1261 3602 mo·

133 3647 265 3712 nasterii
283 3646 438 3726 habitam,
453 3646 631 3731 Kayantho
647 3652 766 3726 vocate,
791 3667 937 3712 asserens
962 3644 1022 3711 sibi
1047 3645 1132 3710 idem
1156 3645 1261 3710 Deme

130 3754 263 3819 eandem
278 3755 473 3838 particulam
489 3760 576 3820 terre
592 3773 650 3837 per
674 3755 877 3820 maiestatem
902 3753 1022 3819 domini
1038 3753 1156 3819 Karcli
1173 3755 1259 3838 regis

129 3861 299 3946 Hungarie
324 3863 428 3946 patris
453 3863 555 3928 nostri
572 3911 579 3926 .
596 3913 603 3926 .
619 3862 747 3926 nomine
771 3867 858 3927 terre
882 3860 1021 3926 hominis
1047 3861 1115 3926 sine
1141 3860 1259 3925 herede

129 3968 309 4036 decedentis
324 3971 475 4037 collatam
491 3970 662 4048 exstitisse,
677 3975 866 4052 occupasset
889 3975 922 4034 et
947 3968 1106 4034 detineret
1121 3989 1257 4052 occupa-

129 4085 211 4160 tam3
236 4101 334 4164 super
361 4099 425 4160 quo
441 4128 448 4143 .
466 4130 473 4144 .
489 4078 603 4144 damus
627 4078 661 4142 in
686 4076 858 4156 mandatis,
883 4083 1042 4158 quatenns
1066 4077 1101 4141 in
1125 4095 1257 4158 cengre-

129 4187 259 4270 gacione
274 4193 382 4252 restra
399 4184 542 4269 generali
567 4185 713 4268 proxime
738 4183 931 4249 celebranda
947 4184 988 4248 ab
1004 4183 1151 4250 omnibus
1167 4183 1257 4249 nobi·

127 4295 212 4361 libus
228 4301 261 4360 et
276 4293 472 4379 ignobilibus
497 4291 820 4376 comprovincialibus
839 4299 872 4357 et
886 4292 1071 4376 specialiter
1095 4313 1115 4355 a
1140 4293 1253 4356 vicinis

128 4411 161 4468 et
175 4403 401 4468 commetaneis
409 4401 552 4486 predicte
562 4401 771 4484 possessionis
781 4399 968 4484 Kayantho,
978 4419 1076 4482 super
1086 4419 1131 4478 eo,
1142 4405 1253 4466 utrum

128 4512 238 4577 eadem
254 4511 418 4596 particula
433 4517 520 4576 terre
536 4510 578 4574 ad
594 4510 716 4575 dictum
732 4511 965 4575 monasterium
990 4508 1162 4592 pertineat,
1177 4515 1210 4573 et
1227 4509 1255 4573 si

128 4625 194 4704 ipse
210 4622 314 4686 Deme
340 4620 473 4685 eandem
499 4619 694 4704 particulam
719 4627 806 4684 terre
831 4619 987 4701 premisso
1012 4617 1106 4681 modo
1122 4637 1255 4700 occupa·
