<?xml version="1.0" encoding="UTF-8"?>
<!DOCTYPE html PUBLIC "-//W3C//DTD XHTML 1.0 Transitional//EN"
    "http://www.w3.org/TR/xhtml1/DTD/xhtml1-transitional.dtd">
<html xmlns="http://www.w3.org/1999/xhtml" xml:lang="en" lang="en">
 <head>
  <title>
</title>
<meta http-equiv="Content-Type" content="text/html;charset=utf-8" />
  <meta name='ocr-system' content='tesseract 3.04.00' />
  <meta name='ocr-capabilities' content='ocr_page ocr_carea ocr_par ocr_line ocrx_word'/>
</head>
<body>
  <div class='ocr_page' id='page_1' title='image "./codexdiplomatic06nagygoog_0360.png"; bbox 0 0 3188 5470; ppageno 0'>
   <div class='ocr_carea' id='block_1_1' title="bbox 576 499 826 562">
    <p class='ocr_par' dir='ltr' id='par_1_1' title="bbox 576 499 826 562">
     <span class='ocr_line' id='line_1_1' title="bbox 576 499 826 562; baseline 0.004 -3"><span class='ocrx_word' id='word_1_1' title='bbox 576 499 668 562; x_wconf 74' lang='lat' dir='ltr'><strong>rato.</strong></span> <span class='ocrx_word' id='word_1_2' title='bbox 688 515 757 558; x_wconf 75' lang='grc'>000.</span> <span class='ocrx_word' id='word_1_3' title='bbox 778 501 826 560; x_wconf 88' lang='grc'>19.</span> 
     </span>
    </p>
   </div>
   <div class='ocr_carea' id='block_1_2' title="bbox 659 775 732 834">
    <p class='ocr_par' dir='ltr' id='par_1_2' title="bbox 659 775 732 834">
     <span class='ocr_line' id='line_1_2' title="bbox 659 775 732 834; baseline -0.027 0"><span class='ocrx_word' id='word_1_4' title='bbox 659 775 732 834; x_wconf 86' lang='grc'>199.</span> 
     </span>
    </p>
   </div>
   <div class='ocr_carea' id='block_1_3' title="bbox 132 929 1263 1232">
    <p class='ocr_par' dir='ltr' id='par_1_3' title="bbox 132 929 1263 1232">
     <span class='ocr_line' id='line_1_3' title="bbox 137 929 1263 1018; baseline 0 -26"><span class='ocrx_word' id='word_1_5' title='bbox 137 933 226 1005; x_wconf 83' lang='grc'>1349,</span> <span class='ocrx_word' id='word_1_6' title='bbox 242 933 305 995; x_wconf 81' lang='lat' dir='ltr'><strong>dec.</strong></span> <span class='ocrx_word' id='word_1_7' title='bbox 324 931 716 1018; x_wconf 71' lang='lat' dir='ltr'><strong>1.0.Aszepesikoprotio</strong></span> <span class='ocrx_word' id='word_1_8' title='bbox 735 933 806 997; x_wconf 73' lang='lat' dir='ltr'><strong>stou</strong></span> <span class='ocrx_word' id='word_1_9' title='bbox 824 929 973 1016; x_wconf 69' lang='lat' dir='ltr'><strong>Seiauyei</strong></span> <span class='ocrx_word' id='word_1_10' title='bbox 990 931 1084 994; x_wconf 76' lang='lat' dir='ltr'><strong>Pe&#39;ter</strong></span> <span class='ocrx_word' id='word_1_11' title='bbox 1101 933 1131 992; x_wconf 71' lang='lat' dir='ltr'><strong>ds</strong></span> <span class='ocrx_word' id='word_1_12' title='bbox 1151 931 1263 1008; x_wconf 75' lang='lat' dir='ltr'><strong>Meroe,</strong></span> 
     </span>
     <span class='ocr_line' id='line_1_4' title="bbox 132 1039 1262 1125; baseline 0.003 -27"><span class='ocrx_word' id='word_1_13' title='bbox 132 1039 228 1122; x_wconf 69' lang='lat' dir='ltr'><strong>Zylw</strong></span> <span class='ocrx_word' id='word_1_14' title='bbox 253 1049 332 1103; x_wconf 82' lang='lat' dir='ltr'><strong>uevd&#39;</strong></span> <span class='ocrx_word' id='word_1_15' title='bbox 359 1043 440 1124; x_wconf 70' lang='lat' dir='ltr'><strong>epc&#39;sz</strong></span> <span class='ocrx_word' id='word_1_16' title='bbox 466 1041 597 1106; x_wconf 81' lang='lat' dir='ltr'><strong>birlolcot</strong></span> <span class='ocrx_word' id='word_1_17' title='bbox 622 1039 769 1104; x_wconf 72' lang='lat' dir='ltr'><strong>Atortroi</strong></span> <span class='ocrx_word' id='word_1_18' title='bbox 801 1039 923 1125; x_wconf 74' lang='lat' dir='ltr'><strong>Mttoly</strong></span> <span class='ocrx_word' id='word_1_19' title='bbox 939 1039 1035 1120; x_wconf 48' lang='grc' dir='ltr'>,0101ιὶ1</span> <span class='ocrx_word' id='word_1_20' title='bbox 1058 1039 1202 1104; x_wconf 74' lang='lat' dir='ltr'><strong>Jonosutl</strong></span> <span class='ocrx_word' id='word_1_21' title='bbox 1231 1042 1262 1101; x_wconf 75' lang='lat' dir='ltr'><strong>ds</strong></span> 
     </span>
     <span class='ocr_line' id='line_1_5' title="bbox 185 1145 1216 1232; baseline 0.004 -24"><span class='ocrx_word' id='word_1_22' title='bbox 185 1145 285 1208; x_wconf 77' lang='lat' dir='ltr'><strong>carrel·</strong></span> <span class='ocrx_word' id='word_1_23' title='bbox 293 1147 388 1230; x_wconf 80' lang='lat' dir='ltr'><strong>firito&#39;l</strong></span> <span class='ocrx_word' id='word_1_24' title='bbox 403 1147 563 1211; x_wconf 77' lang='lat' dir='ltr'><strong>Miklo&#39;sto&#39;l</strong></span> <span class='ocrx_word' id='word_1_25' title='bbox 578 1149 697 1212; x_wconf 59' lang='lat' dir='ltr'><strong>letania</strong></span> <span class='ocrx_word' id='word_1_26' title='bbox 718 1149 879 1212; x_wconf 79' lang='lat' dir='ltr'><strong>mdrlcc&#39;drt</strong></span> <span class='ocrx_word' id='word_1_27' title='bbox 896 1147 1068 1232; x_wconf 70' lang='lat' dir='ltr'><strong>occpuhhoz</strong></span> <span class='ocrx_word' id='word_1_28' title='bbox 1088 1145 1216 1230; x_wconf 45' lang='lat' dir='ltr'><strong>scalper.</strong></span> 
     </span>
    </p>
   </div>
   <div class='ocr_carea' id='block_1_4' title="bbox 119 1308 1262 4752">
    <p class='ocr_par' dir='ltr' id='par_1_4' title="bbox 119 1308 1262 4752">
     <span class='ocr_line' id='line_1_6' title="bbox 236 1308 1261 1394; baseline 0.001 -22"><span class='ocrx_word' id='word_1_29' title='bbox 236 1308 307 1374; x_wconf 81' lang='lat' dir='ltr'><strong>Nos</strong></span> <span class='ocrx_word' id='word_1_30' title='bbox 332 1311 512 1394; x_wconf 89' lang='lat' dir='ltr'><strong>capitulum</strong></span> <span class='ocrx_word' id='word_1_31' title='bbox 537 1311 670 1377; x_wconf 77' lang='lat' dir='ltr'>ecclesie</span> <span class='ocrx_word' id='word_1_32' title='bbox 697 1311 916 1394; x_wconf 85' lang='lat' dir='ltr'><strong>Scepusiensis</strong></span> <span class='ocrx_word' id='word_1_33' title='bbox 942 1359 972 1372; x_wconf 94' lang='lat'><strong>..</strong></span> <span class='ocrx_word' id='word_1_34' title='bbox 998 1308 1261 1392; x_wconf 88' lang='lat' dir='ltr'><strong>significamus..</strong></span> 
     </span>
     <span class='ocr_line' id='line_1_7' title="bbox 130 1417 1261 1502; baseline 0.001 -21"><span class='ocrx_word' id='word_1_35' title='bbox 130 1418 212 1500; x_wconf 78' lang='lat' dir='ltr'><strong>qirod</strong></span> <span class='ocrx_word' id='word_1_36' title='bbox 231 1421 387 1502; x_wconf 88' lang='lat' dir='ltr'><strong>magister</strong></span> <span class='ocrx_word' id='word_1_37' title='bbox 403 1419 558 1485; x_wconf 84' lang='lat' dir='ltr'><strong>Nicolaus</strong></span> <span class='ocrx_word' id='word_1_38' title='bbox 574 1419 660 1485; x_wconf 92' lang='lat' dir='ltr'><strong>filius</strong></span> <span class='ocrx_word' id='word_1_39' title='bbox 681 1420 843 1485; x_wconf 63' lang='lat' dir='ltr'><strong>«iohannis</strong></span> <span class='ocrx_word' id='word_1_40' title='bbox 868 1417 926 1483; x_wconf 92' lang='lat' dir='ltr'><strong>filii</strong></span> <span class='ocrx_word' id='word_1_41' title='bbox 952 1417 1124 1483; x_wconf 81' lang='lat' dir='ltr'><strong>Michaelis</strong></span> <span class='ocrx_word' id='word_1_42' title='bbox 1149 1417 1261 1484; x_wconf 82' lang='grc'>(1001-</span> 
     </span>
     <span class='ocr_line' id='line_1_8' title="bbox 129 1523 1261 1612; baseline -0.001 -22"><span class='ocrx_word' id='word_1_43' title='bbox 129 1549 216 1591; x_wconf 85' lang='lat' dir='ltr'><strong>mera</strong></span> <span class='ocrx_word' id='word_1_44' title='bbox 242 1528 282 1592; x_wconf 89' lang='lat' dir='ltr'><strong>dc</strong></span> <span class='ocrx_word' id='word_1_45' title='bbox 308 1528 463 1593; x_wconf 85' lang='lat' dir='ltr'><strong>comitatu</strong></span> <span class='ocrx_word' id='word_1_46' title='bbox 488 1527 616 1612; x_wconf 84' lang='lat' dir='ltr'><strong>Wyuar</strong></span> <span class='ocrx_word' id='word_1_47' title='bbox 641 1526 682 1592; x_wconf 92' lang='lat' dir='ltr'><strong>ab</strong></span> <span class='ocrx_word' id='word_1_48' title='bbox 707 1548 781 1604; x_wconf 92' lang='lat' dir='ltr'><strong>una,</strong></span> <span class='ocrx_word' id='word_1_49' title='bbox 813 1547 851 1590; x_wconf 89' lang='lat' dir='ltr'><strong>ac</strong></span> <span class='ocrx_word' id='word_1_50' title='bbox 875 1527 993 1590; x_wconf 89' lang='lat' dir='ltr'><strong>Petrus</strong></span> <span class='ocrx_word' id='word_1_51' title='bbox 1021 1531 1053 1588; x_wconf 91' lang='lat' dir='ltr'><strong>et</strong></span> <span class='ocrx_word' id='word_1_52' title='bbox 1078 1525 1187 1589; x_wconf 89' lang='lat' dir='ltr'><strong>Mersc</strong></span> <span class='ocrx_word' id='word_1_53' title='bbox 1204 1523 1261 1590; x_wconf 88' lang='lat' dir='ltr'><strong>lilii</strong></span> 
     </span>
     <span class='ocr_line' id='line_1_9' title="bbox 129 1631 1260 1720; baseline 0 -24"><span class='ocrx_word' id='word_1_54' title='bbox 129 1634 290 1713; x_wconf 80' lang='lat' dir='ltr'><strong>quondam</strong></span> <span class='ocrx_word' id='word_1_55' title='bbox 308 1635 455 1720; x_wconf 78' lang='lat' dir='ltr'><strong>magistri</strong></span> <span class='ocrx_word' id='word_1_56' title='bbox 472 1635 643 1702; x_wconf 76' lang='lat' dir='ltr'><strong>Benedicti</strong></span> <span class='ocrx_word' id='word_1_57' title='bbox 660 1634 717 1698; x_wconf 88' lang='lat' dir='ltr'><strong>filii</strong></span> <span class='ocrx_word' id='word_1_58' title='bbox 734 1633 844 1698; x_wconf 86' lang='lat' dir='ltr'><strong>Merse</strong></span> <span class='ocrx_word' id='word_1_59' title='bbox 870 1633 909 1697; x_wconf 93' lang='lat' dir='ltr'><strong>de</strong></span> <span class='ocrx_word' id='word_1_60' title='bbox 935 1631 1074 1715; x_wconf 84' lang='lat' dir='ltr'><strong>Scinnye</strong></span> <span class='ocrx_word' id='word_1_61' title='bbox 1101 1632 1139 1697; x_wconf 93' lang='lat' dir='ltr'><strong>de</strong></span> <span class='ocrx_word' id='word_1_62' title='bbox 1165 1633 1260 1698; x_wconf 82' lang='lat' dir='ltr'><strong>corni-</strong></span> 
     </span>
     <span class='ocr_line' id='line_1_10' title="bbox 129 1740 1262 1827; baseline -0.003 -21"><span class='ocrx_word' id='word_1_63' title='bbox 129 1750 197 1807; x_wconf 86' lang='lat' dir='ltr'><strong>tatu</strong></span> <span class='ocrx_word' id='word_1_64' title='bbox 216 1742 318 1807; x_wconf 83' lang='lat' dir='ltr'><strong>Saros</strong></span> <span class='ocrx_word' id='word_1_65' title='bbox 333 1749 427 1827; x_wconf 88' lang='lat' dir='ltr'><strong>parte</strong></span> <span class='ocrx_word' id='word_1_66' title='bbox 444 1743 485 1806; x_wconf 93' lang='lat' dir='ltr'><strong>ab</strong></span> <span class='ocrx_word' id='word_1_67' title='bbox 501 1744 605 1808; x_wconf 88' lang='lat' dir='ltr'><strong>altera</strong></span> <span class='ocrx_word' id='word_1_68' title='bbox 621 1763 730 1808; x_wconf 90' lang='lat' dir='ltr'><strong>coram</strong></span> <span class='ocrx_word' id='word_1_69' title='bbox 748 1741 838 1807; x_wconf 89' lang='lat' dir='ltr'><strong>nobis</strong></span> <span class='ocrx_word' id='word_1_70' title='bbox 854 1740 1067 1825; x_wconf 77' lang='lat' dir='ltr'><strong>personaliter</strong></span> <span class='ocrx_word' id='word_1_71' title='bbox 1084 1742 1262 1818; x_wconf 87' lang='lat' dir='ltr'><strong>constituti,</strong></span> 
     </span>
     <span class='ocr_line' id='line_1_11' title="bbox 128 1849 1262 1934; baseline 0 -20"><span class='ocrx_word' id='word_1_72' title='bbox 128 1851 238 1915; x_wconf 83' lang='lat' dir='ltr'><strong>literas</strong></span> <span class='ocrx_word' id='word_1_73' title='bbox 256 1903 261 1914; x_wconf 95' lang='lat'>.</span> <span class='ocrx_word' id='word_1_74' title='bbox 280 1903 286 1916; x_wconf 92' lang='lat'>.</span> <span class='ocrx_word' id='word_1_75' title='bbox 304 1851 466 1934; x_wconf 86' lang='lat' dir='ltr'><strong>quondam</strong></span> <span class='ocrx_word' id='word_1_76' title='bbox 487 1851 604 1916; x_wconf 84' lang='lat' dir='ltr'><strong>Karoli</strong></span> <span class='ocrx_word' id='word_1_77' title='bbox 623 1899 629 1913; x_wconf 91' lang='lat'><em>.</em></span> <span class='ocrx_word' id='word_1_78' title='bbox 647 1899 653 1912; x_wconf 93' lang='lat'>.</span> <span class='ocrx_word' id='word_1_79' title='bbox 671 1852 755 1934; x_wconf 88' lang='lat' dir='ltr'><strong>regis</strong></span> <span class='ocrx_word' id='word_1_80' title='bbox 773 1901 779 1913; x_wconf 94' lang='lat'><strong>.</strong></span> <span class='ocrx_word' id='word_1_81' title='bbox 797 1901 803 1914; x_wconf 92' lang='lat'><strong>.</strong></span> <span class='ocrx_word' id='word_1_82' title='bbox 821 1850 879 1914; x_wconf 91' lang='lat' dir='ltr'><strong>sub</strong></span> <span class='ocrx_word' id='word_1_83' title='bbox 905 1849 1011 1931; x_wconf 91' lang='lat' dir='ltr'><strong>sigillo</strong></span> <span class='ocrx_word' id='word_1_84' title='bbox 1038 1871 1095 1914; x_wconf 90' lang='lat' dir='ltr'><strong>suo</strong></span> <span class='ocrx_word' id='word_1_85' title='bbox 1112 1851 1212 1934; x_wconf 82' lang='lat' dir='ltr'><strong>priori</strong></span> <span class='ocrx_word' id='word_1_86' title='bbox 1230 1857 1262 1914; x_wconf 93' lang='lat' dir='ltr'><strong>et</strong></span> 
     </span>
     <span class='ocr_line' id='line_1_12' title="bbox 127 1957 1261 2042; baseline 0.002 -22"><span class='ocrx_word' id='word_1_87' title='bbox 127 1959 302 2040; x_wconf 86' lang='lat' dir='ltr'><strong>antiquiori</strong></span> <span class='ocrx_word' id='word_1_88' title='bbox 321 1980 417 2042; x_wconf 87' lang='lat' dir='ltr'><strong>super</strong></span> <span class='ocrx_word' id='word_1_89' title='bbox 433 1959 663 2042; x_wconf 78' lang='lat' dir='ltr'><strong>composicione</strong></span> <span class='ocrx_word' id='word_1_90' title='bbox 680 1960 763 2022; x_wconf 88' lang='lat' dir='ltr'><strong>inter</strong></span> <span class='ocrx_word' id='word_1_91' title='bbox 773 1958 959 2023; x_wconf 73' lang='lat' dir='ltr'><strong>lohannem</strong></span> <span class='ocrx_word' id='word_1_92' title='bbox 974 1957 1077 2022; x_wconf 91' lang='lat' dir='ltr'><strong>filium</strong></span> <span class='ocrx_word' id='word_1_93' title='bbox 1089 1957 1261 2022; x_wconf 80' lang='lat' dir='ltr'><strong>Michaelis</strong></span> 
     </span>
     <span class='ocr_line' id='line_1_13' title="bbox 127 2065 1259 2150; baseline 0.001 -21"><span class='ocrx_word' id='word_1_94' title='bbox 127 2075 158 2130; x_wconf 81' lang='lat' dir='ltr'><strong>ct</strong></span> <span class='ocrx_word' id='word_1_95' title='bbox 168 2065 254 2132; x_wconf 90' lang='lat' dir='ltr'><strong>lilios</strong></span> <span class='ocrx_word' id='word_1_96' title='bbox 265 2069 413 2150; x_wconf 88' lang='lat' dir='ltr'><strong>magistri</strong></span> <span class='ocrx_word' id='word_1_97' title='bbox 423 2067 591 2132; x_wconf 90' lang='lat' dir='ltr'><strong>Benedicti</strong></span> <span class='ocrx_word' id='word_1_98' title='bbox 609 2067 779 2150; x_wconf 88' lang='lat' dir='ltr'><strong>predictos,</strong></span> <span class='ocrx_word' id='word_1_99' title='bbox 797 2065 925 2132; x_wconf 87' lang='lat' dir='ltr'><strong>racione</strong></span> <span class='ocrx_word' id='word_1_100' title='bbox 935 2066 1143 2150; x_wconf 87' lang='lat' dir='ltr'><strong>possessionis</strong></span> <span class='ocrx_word' id='word_1_101' title='bbox 1154 2066 1259 2149; x_wconf 85' lang='lat' dir='ltr'><strong>Zylua</strong></span> 
     </span>
     <span class='ocr_line' id='line_1_14' title="bbox 126 2173 1259 2258; baseline -0.002 -20"><span class='ocrx_word' id='word_1_102' title='bbox 126 2181 239 2241; x_wconf 78' lang='lat' dir='ltr'><strong>vocate</strong></span> <span class='ocrx_word' id='word_1_103' title='bbox 266 2177 298 2240; x_wconf 90' lang='lat' dir='ltr'><strong>in</strong></span> <span class='ocrx_word' id='word_1_104' title='bbox 315 2176 460 2258; x_wconf 89' lang='lat' dir='ltr'><strong>predicto</strong></span> <span class='ocrx_word' id='word_1_105' title='bbox 478 2177 634 2241; x_wconf 82' lang='lat' dir='ltr'><strong>comitutu</strong></span> <span class='ocrx_word' id='word_1_106' title='bbox 651 2175 751 2240; x_wconf 79' lang='lat' dir='ltr'><strong>Sanus</strong></span> <span class='ocrx_word' id='word_1_107' title='bbox 768 2176 945 2254; x_wconf 86' lang='lat' dir='ltr'><strong>existentis,</strong></span> <span class='ocrx_word' id='word_1_108' title='bbox 965 2173 1024 2238; x_wconf 89' lang='lat' dir='ltr'><strong>sub</strong></span> <span class='ocrx_word' id='word_1_109' title='bbox 1040 2195 1124 2238; x_wconf 90' lang='lat' dir='ltr'><strong>auno</strong></span> <span class='ocrx_word' id='word_1_110' title='bbox 1141 2174 1259 2238; x_wconf 91' lang='lat' dir='ltr'><strong>domini</strong></span> 
     </span>
     <span class='ocr_line' id='line_1_15' title="bbox 127 2282 1257 2367; baseline -0.003 -20"><span class='ocrx_word' id='word_1_111' title='bbox 127 2283 178 2347; x_wconf 84' lang='lat' dir='ltr'><strong>M⁰</strong></span> <span class='ocrx_word' id='word_1_112' title='bbox 202 2282 326 2351; x_wconf 70' lang='lat' dir='ltr'><strong>OOGffl⁰</strong></span> <span class='ocrx_word' id='word_1_113' title='bbox 351 2283 463 2349; x_wconf 64' lang='grc' dir='ltr'><strong>ΧΧ1110</strong></span> <span class='ocrx_word' id='word_1_114' title='bbox 489 2284 522 2348; x_wconf 92' lang='lat' dir='ltr'><strong>in</strong></span> <span class='ocrx_word' id='word_1_115' title='bbox 539 2283 660 2348; x_wconf 83' lang='lat' dir='ltr'><strong>octavis</strong></span> <span class='ocrx_word' id='word_1_116' title='bbox 676 2283 749 2348; x_wconf 84' lang='lat' dir='ltr'><strong>festi</strong></span> <span class='ocrx_word' id='word_1_117' title='bbox 767 2284 893 2348; x_wconf 84' lang='lat' dir='ltr'><strong>Pascha</strong></span> <span class='ocrx_word' id='word_1_118' title='bbox 923 2289 1072 2367; x_wconf 89' lang='lat' dir='ltr'><strong>patenter</strong></span> <span class='ocrx_word' id='word_1_119' title='bbox 1097 2283 1257 2347; x_wconf 88' lang='lat' dir='ltr'><strong>confectas</strong></span> 
     </span>
     <span class='ocr_line' id='line_1_16' title="bbox 127 2392 1257 2475; baseline 0.001 -21"><span class='ocrx_word' id='word_1_120' title='bbox 127 2392 218 2456; x_wconf 90' lang='lat' dir='ltr'><strong>nohis</strong></span> <span class='ocrx_word' id='word_1_121' title='bbox 234 2395 468 2475; x_wconf 88' lang='lat' dir='ltr'><strong>presentarunt</strong></span> <span class='ocrx_word' id='word_1_122' title='bbox 483 2395 568 2458; x_wconf 89' lang='lat' dir='ltr'><strong>inter</strong></span> <span class='ocrx_word' id='word_1_123' title='bbox 584 2401 693 2458; x_wconf 89' lang='lat' dir='ltr'><strong>cetera</strong></span> <span class='ocrx_word' id='word_1_124' title='bbox 708 2395 916 2470; x_wconf 83' lang='lat' dir='ltr'><strong>continentes,</strong></span> <span class='ocrx_word' id='word_1_125' title='bbox 940 2393 1027 2473; x_wconf 90' lang='lat' dir='ltr'><strong>quod</strong></span> <span class='ocrx_word' id='word_1_126' title='bbox 1051 2392 1257 2456; x_wconf 88' lang='lat' dir='ltr'><strong>medietatem</strong></span> 
     </span>
     <span class='ocr_line' id='line_1_17' title="bbox 126 2499 1259 2585; baseline 0.001 -23"><span class='ocrx_word' id='word_1_127' title='bbox 126 2503 337 2582; x_wconf 85' lang='lat' dir='ltr'><strong>possessionis</strong></span> <span class='ocrx_word' id='word_1_128' title='bbox 362 2501 467 2585; x_wconf 80' lang='lat' dir='ltr'><strong>Zyluu</strong></span> <span class='ocrx_word' id='word_1_129' title='bbox 493 2502 653 2566; x_wconf 88' lang='lat' dir='ltr'><strong>antedicte</strong></span> <span class='ocrx_word' id='word_1_130' title='bbox 680 2502 848 2566; x_wconf 82' lang='lat' dir='ltr'><strong>Johannes</strong></span> <span class='ocrx_word' id='word_1_131' title='bbox 879 2501 966 2566; x_wconf 88' lang='lat' dir='ltr'><strong>filius</strong></span> <span class='ocrx_word' id='word_1_132' title='bbox 991 2499 1162 2566; x_wconf 83' lang='lat' dir='ltr'><strong>Michaelis</strong></span> <span class='ocrx_word' id='word_1_133' title='bbox 1189 2521 1259 2583; x_wconf 88' lang='lat' dir='ltr'><strong>pre-</strong></span> 
     </span>
     <span class='ocr_line' id='line_1_18' title="bbox 126 2609 1259 2693; baseline 0.002 -23"><span class='ocrx_word' id='word_1_134' title='bbox 126 2609 241 2686; x_wconf 89' lang='lat' dir='ltr'><strong>dictus,</strong></span> <span class='ocrx_word' id='word_1_135' title='bbox 259 2616 291 2674; x_wconf 90' lang='lat' dir='ltr'><strong>et</strong></span> <span class='ocrx_word' id='word_1_136' title='bbox 308 2609 405 2674; x_wconf 88' lang='lat' dir='ltr'><strong>aliam</strong></span> <span class='ocrx_word' id='word_1_137' title='bbox 421 2617 548 2693; x_wconf 89' lang='lat' dir='ltr'><strong>partem</strong></span> <span class='ocrx_word' id='word_1_138' title='bbox 565 2610 662 2674; x_wconf 91' lang='lat' dir='ltr'><strong>iidem</strong></span> <span class='ocrx_word' id='word_1_139' title='bbox 679 2609 737 2674; x_wconf 92' lang='lat' dir='ltr'><strong>filii</strong></span> <span class='ocrx_word' id='word_1_140' title='bbox 753 2609 900 2692; x_wconf 83' lang='lat' dir='ltr'><strong>magistri</strong></span> <span class='ocrx_word' id='word_1_141' title='bbox 917 2609 1087 2674; x_wconf 81' lang='lat' dir='ltr'><strong>Benedicti</strong></span> <span class='ocrx_word' id='word_1_142' title='bbox 1104 2630 1175 2673; x_wconf 91' lang='lat' dir='ltr'><strong>cum</strong></span> <span class='ocrx_word' id='word_1_143' title='bbox 1193 2609 1259 2672; x_wconf 88' lang='lat' dir='ltr'><strong>suis</strong></span> 
     </span>
     <span class='ocr_line' id='line_1_19' title="bbox 128 2717 1258 2802; baseline -0.004 -20"><span class='ocrx_word' id='word_1_144' title='bbox 128 2718 334 2798; x_wconf 86' lang='lat' dir='ltr'><strong>utilitatibus,</strong></span> <span class='ocrx_word' id='word_1_145' title='bbox 357 2717 575 2800; x_wconf 89' lang='lat' dir='ltr'><strong>heredumque</strong></span> <span class='ocrx_word' id='word_1_146' title='bbox 603 2739 659 2802; x_wconf 89' lang='lat' dir='ltr'><strong>per</strong></span> <span class='ocrx_word' id='word_1_147' title='bbox 690 2719 824 2783; x_wconf 89' lang='lat' dir='ltr'><strong>heredes</strong></span> <span class='ocrx_word' id='word_1_148' title='bbox 855 2717 1071 2801; x_wconf 86' lang='lat' dir='ltr'><strong>possidebunt,</strong></span> <span class='ocrx_word' id='word_1_149' title='bbox 1088 2723 1200 2780; x_wconf 91' lang='lat' dir='ltr'><strong>mutuo</strong></span> <span class='ocrx_word' id='word_1_150' title='bbox 1225 2739 1258 2778; x_wconf 89' lang='lat' dir='ltr'><strong>sc</strong></span> 
     </span>
     <span class='ocr_line' id='line_1_20' title="bbox 126 2825 1259 2909; baseline 0.001 -22"><span class='ocrx_word' id='word_1_151' title='bbox 126 2825 318 2907; x_wconf 82' lang='lat' dir='ltr'><strong>obligantes,</strong></span> <span class='ocrx_word' id='word_1_152' title='bbox 345 2831 381 2888; x_wconf 92' lang='lat' dir='ltr'><strong>ut</strong></span> <span class='ocrx_word' id='word_1_153' title='bbox 407 2827 434 2889; x_wconf 91' lang='lat' dir='ltr'><strong>si</strong></span> <span class='ocrx_word' id='word_1_154' title='bbox 460 2848 525 2909; x_wconf 90' lang='lat' dir='ltr'><strong>qua</strong></span> <span class='ocrx_word' id='word_1_155' title='bbox 550 2827 695 2909; x_wconf 88' lang='lat' dir='ltr'><strong>parcium</strong></span> <span class='ocrx_word' id='word_1_156' title='bbox 729 2825 846 2890; x_wconf 83' lang='lat' dir='ltr'><strong>fratres</strong></span> <span class='ocrx_word' id='word_1_157' title='bbox 871 2827 921 2890; x_wconf 88' lang='lat' dir='ltr'><strong>vel</strong></span> <span class='ocrx_word' id='word_1_158' title='bbox 947 2826 1083 2908; x_wconf 86' lang='lat' dir='ltr'><strong>proximi</strong></span> <span class='ocrx_word' id='word_1_159' title='bbox 1108 2843 1259 2908; x_wconf 89' lang='lat' dir='ltr'><strong>processu</strong></span> 
     </span>
     <span class='ocr_line' id='line_1_21' title="bbox 125 2932 1258 3018; baseline 0.002 -24"><span class='ocrx_word' id='word_1_160' title='bbox 125 2932 280 3016; x_wconf 89' lang='lat' dir='ltr'><strong>temporis</strong></span> <span class='ocrx_word' id='word_1_161' title='bbox 291 2934 558 3017; x_wconf 90' lang='lat' dir='ltr'><strong>composicionem</strong></span> <span class='ocrx_word' id='word_1_162' title='bbox 569 2934 746 3018; x_wconf 89' lang='lat' dir='ltr'><strong>predictam</strong></span> <span class='ocrx_word' id='word_1_163' title='bbox 757 2934 876 3000; x_wconf 87' lang='lat' dir='ltr'><strong>violare</strong></span> <span class='ocrx_word' id='word_1_164' title='bbox 894 2983 900 2995; x_wconf 91' lang='lat'><em>.</em></span> <span class='ocrx_word' id='word_1_165' title='bbox 919 2983 925 2998; x_wconf 91' lang='lat'>.</span> <span class='ocrx_word' id='word_1_166' title='bbox 943 2940 1131 3014; x_wconf 88' lang='lat' dir='ltr'><strong>attentaret,</strong></span> <span class='ocrx_word' id='word_1_167' title='bbox 1142 2939 1258 2997; x_wconf 83' lang='lat' dir='ltr'><strong>extunc</strong></span> 
     </span>
     <span class='ocr_line' id='line_1_22' title="bbox 125 3041 1260 3126; baseline 0.003 -25"><span class='ocrx_word' id='word_1_168' title='bbox 125 3063 201 3122; x_wconf 85' lang='lat' dir='ltr'><strong>pars</strong></span> <span class='ocrx_word' id='word_1_169' title='bbox 218 3041 354 3106; x_wconf 83' lang='lat' dir='ltr'><strong>adversa</strong></span> <span class='ocrx_word' id='word_1_170' title='bbox 372 3044 639 3126; x_wconf 90' lang='lat' dir='ltr'><strong>composicionem</strong></span> <span class='ocrx_word' id='word_1_171' title='bbox 654 3049 896 3108; x_wconf 87' lang='lat' dir='ltr'><strong>conservantem</strong></span> <span class='ocrx_word' id='word_1_172' title='bbox 914 3049 945 3106; x_wconf 89' lang='lat' dir='ltr'><strong>et</strong></span> <span class='ocrx_word' id='word_1_173' title='bbox 962 3049 1211 3107; x_wconf 90' lang='lat' dir='ltr'><strong>assummentem</strong></span> <span class='ocrx_word' id='word_1_174' title='bbox 1228 3049 1260 3104; x_wconf 87' lang='lat' dir='ltr'><strong>et</strong></span> 
     </span>
     <span class='ocr_line' id='line_1_23' title="bbox 124 3149 1258 3234; baseline -0.001 -23"><span class='ocrx_word' id='word_1_175' title='bbox 124 3169 198 3212; x_wconf 80' lang='grc'>0000</span> <span class='ocrx_word' id='word_1_176' title='bbox 214 3149 350 3214; x_wconf 89' lang='lat' dir='ltr'><strong>heredes</strong></span> <span class='ocrx_word' id='word_1_177' title='bbox 367 3200 373 3213; x_wconf 92' lang='lat'><em>.</em></span> <span class='ocrx_word' id='word_1_178' title='bbox 391 3203 396 3214; x_wconf 94' lang='lat'><em>.</em></span> <span class='ocrx_word' id='word_1_179' title='bbox 415 3150 578 3215; x_wconf 91' lang='lat' dir='ltr'><strong>tenebitur</strong></span> <span class='ocrx_word' id='word_1_180' title='bbox 588 3151 748 3234; x_wconf 88' lang='lat' dir='ltr'><strong>expedire,</strong></span> <span class='ocrx_word' id='word_1_181' title='bbox 759 3158 792 3216; x_wconf 90' lang='lat' dir='ltr'><strong>et</strong></span> <span class='ocrx_word' id='word_1_182' title='bbox 801 3150 1034 3216; x_wconf 89' lang='lat' dir='ltr'><strong>dimidietatem</strong></span> <span class='ocrx_word' id='word_1_183' title='bbox 1051 3150 1258 3232; x_wconf 87' lang='lat' dir='ltr'><strong>possessionis</strong></span> 
     </span>
     <span class='ocr_line' id='line_1_24' title="bbox 123 3257 1258 3342; baseline 0 -22"><span class='ocrx_word' id='word_1_184' title='bbox 123 3265 301 3321; x_wconf 87' lang='lat' dir='ltr'><strong>memorate</strong></span> <span class='ocrx_word' id='word_1_185' title='bbox 325 3260 417 3322; x_wconf 86' lang='lat' dir='ltr'><strong>iuxta</strong></span> <span class='ocrx_word' id='word_1_186' title='bbox 433 3265 575 3322; x_wconf 89' lang='lat' dir='ltr'><strong>tenorem</strong></span> <span class='ocrx_word' id='word_1_187' title='bbox 601 3259 760 3342; x_wconf 84' lang='lat' dir='ltr'><strong>privilegii</strong></span> <span class='ocrx_word' id='word_1_188' title='bbox 779 3259 898 3324; x_wconf 88' lang='lat' dir='ltr'><strong>domini</strong></span> <span class='ocrx_word' id='word_1_189' title='bbox 925 3259 1069 3323; x_wconf 89' lang='lat' dir='ltr'><strong>Ladislai</strong></span> <span class='ocrx_word' id='word_1_190' title='bbox 1097 3257 1258 3339; x_wconf 89' lang='lat' dir='ltr'><strong>quondam</strong></span> 
     </span>
     <span class='ocr_line' id='line_1_25' title="bbox 123 3364 1259 3449; baseline 0.001 -21"><span class='ocrx_word' id='word_1_191' title='bbox 123 3365 209 3448; x_wconf 89' lang='lat' dir='ltr'><strong>regis</strong></span> <span class='ocrx_word' id='word_1_192' title='bbox 235 3364 407 3448; x_wconf 86' lang='lat' dir='ltr'><strong>Hungarie</strong></span> <span class='ocrx_word' id='word_1_193' title='bbox 434 3387 491 3447; x_wconf 91' lang='lat' dir='ltr'><strong>per</strong></span> <span class='ocrx_word' id='word_1_194' title='bbox 516 3366 652 3430; x_wconf 89' lang='lat' dir='ltr'><strong>eundem</strong></span> <span class='ocrx_word' id='word_1_195' title='bbox 669 3365 864 3432; x_wconf 89' lang='lat' dir='ltr'><strong>Michaelem</strong></span> <span class='ocrx_word' id='word_1_196' title='bbox 885 3368 1009 3449; x_wconf 91' lang='lat' dir='ltr'><strong>opteuti</strong></span> <span class='ocrx_word' id='word_1_197' title='bbox 1025 3365 1164 3430; x_wconf 86' lang='lat' dir='ltr'><strong>liberare</strong></span> <span class='ocrx_word' id='word_1_198' title='bbox 1190 3387 1259 3447; x_wconf 92' lang='lat' dir='ltr'><strong>per·</strong></span> 
     </span>
     <span class='ocr_line' id='line_1_26' title="bbox 122 3472 1259 3557; baseline -0.001 -20"><span class='ocrx_word' id='word_1_199' title='bbox 122 3479 223 3556; x_wconf 89' lang='lat' dir='ltr'><strong>petuo</strong></span> <span class='ocrx_word' id='word_1_200' title='bbox 239 3472 483 3557; x_wconf 81' lang='lat' dir='ltr'><strong>possidendam3</strong></span> <span class='ocrx_word' id='word_1_201' title='bbox 508 3473 623 3556; x_wconf 87' lang='lat' dir='ltr'><strong>quibus</strong></span> <span class='ocrx_word' id='word_1_202' title='bbox 641 3474 769 3556; x_wconf 87' lang='lat' dir='ltr'><strong>quidem</strong></span> <span class='ocrx_word' id='word_1_203' title='bbox 786 3475 888 3540; x_wconf 83' lang='lat' dir='ltr'><strong>literis</strong></span> <span class='ocrx_word' id='word_1_204' title='bbox 906 3475 1001 3557; x_wconf 86' lang='lat' dir='ltr'><strong>regiis</strong></span> <span class='ocrx_word' id='word_1_205' title='bbox 1021 3474 1259 3548; x_wconf 88' lang='lat' dir='ltr'><strong>demonstratis,</strong></span> 
     </span>
     <span class='ocr_line' id='line_1_27' title="bbox 122 3579 1260 3664; baseline 0 -20"><span class='ocrx_word' id='word_1_206' title='bbox 122 3581 210 3645; x_wconf 90' lang='lat' dir='ltr'><strong>idem</strong></span> <span class='ocrx_word' id='word_1_207' title='bbox 227 3580 384 3645; x_wconf 91' lang='lat' dir='ltr'><strong>Nicolaus</strong></span> <span class='ocrx_word' id='word_1_208' title='bbox 403 3579 488 3645; x_wconf 90' lang='lat' dir='ltr'><strong>filius</strong></span> <span class='ocrx_word' id='word_1_209' title='bbox 514 3581 677 3646; x_wconf 78' lang='lat' dir='ltr'><strong>dohannis</strong></span> <span class='ocrx_word' id='word_1_210' title='bbox 703 3581 828 3645; x_wconf 88' lang='lat' dir='ltr'><strong>exstitit</strong></span> <span class='ocrx_word' id='word_1_211' title='bbox 853 3581 1015 3646; x_wconf 89' lang='lat' dir='ltr'><strong>confessus</strong></span> <span class='ocrx_word' id='word_1_212' title='bbox 1033 3631 1039 3644; x_wconf 94' lang='lat'><em>.</em></span> <span class='ocrx_word' id='word_1_213' title='bbox 1057 3631 1063 3644; x_wconf 92' lang='lat'><strong>.</strong></span> <span class='ocrx_word' id='word_1_214' title='bbox 1081 3582 1260 3664; x_wconf 88' lang='lat' dir='ltr'><strong>quodlicet</strong></span> 
     </span>
     <span class='ocr_line' id='line_1_28' title="bbox 121 3688 1258 3774; baseline 0.004 -22"><span class='ocrx_word' id='word_1_215' title='bbox 121 3691 233 3772; x_wconf 82' lang='lat' dir='ltr'><strong>vigore</strong></span> <span class='ocrx_word' id='word_1_216' title='bbox 251 3688 501 3772; x_wconf 79' lang='lat' dir='ltr'><strong>privilegialium</strong></span> <span class='ocrx_word' id='word_1_217' title='bbox 517 3695 701 3756; x_wconf 87' lang='lat' dir='ltr'><strong>nostrarum</strong></span> <span class='ocrx_word' id='word_1_218' title='bbox 726 3691 896 3756; x_wconf 87' lang='lat' dir='ltr'><strong>literarum</strong></span> <span class='ocrx_word' id='word_1_219' title='bbox 913 3712 1009 3774; x_wconf 91' lang='lat' dir='ltr'><strong>super</strong></span> <span class='ocrx_word' id='word_1_220' title='bbox 1024 3693 1085 3758; x_wconf 91' lang='lat' dir='ltr'><strong>hoc</strong></span> <span class='ocrx_word' id='word_1_221' title='bbox 1100 3691 1258 3757; x_wconf 87' lang='lat' dir='ltr'><strong>confecta·</strong></span> 
     </span>
     <span class='ocr_line' id='line_1_29' title="bbox 122 3795 1258 3882; baseline 0 -20"><span class='ocrx_word' id='word_1_222' title='bbox 122 3820 197 3862; x_wconf 88' lang='lat' dir='ltr'><strong>rum</strong></span> <span class='ocrx_word' id='word_1_223' title='bbox 215 3795 412 3880; x_wconf 85' lang='lat' dir='ltr'><strong>sepedictam</strong></span> <span class='ocrx_word' id='word_1_224' title='bbox 428 3797 661 3878; x_wconf 89' lang='lat' dir='ltr'><strong>possessionem</strong></span> <span class='ocrx_word' id='word_1_225' title='bbox 678 3797 783 3879; x_wconf 89' lang='lat' dir='ltr'><strong>Zylua</strong></span> <span class='ocrx_word' id='word_1_226' title='bbox 802 3819 876 3862; x_wconf 92' lang='lat' dir='ltr'><strong>cum</strong></span> <span class='ocrx_word' id='word_1_227' title='bbox 893 3799 1040 3864; x_wconf 91' lang='lat' dir='ltr'><strong>omnibus</strong></span> <span class='ocrx_word' id='word_1_228' title='bbox 1057 3801 1123 3864; x_wconf 92' lang='lat' dir='ltr'><strong>suis</strong></span> <span class='ocrx_word' id='word_1_229' title='bbox 1141 3852 1146 3864; x_wconf 93' lang='lat'>.</span> <span class='ocrx_word' id='word_1_230' title='bbox 1165 3849 1170 3862; x_wconf 95' lang='lat'><em>.</em></span> <span class='ocrx_word' id='word_1_231' title='bbox 1188 3820 1258 3882; x_wconf 91' lang='lat' dir='ltr'><strong>per-</strong></span> 
     </span>
     <span class='ocr_line' id='line_1_30' title="bbox 122 3906 1259 3993; baseline 0.005 -23"><span class='ocrx_word' id='word_1_232' title='bbox 122 3907 275 3971; x_wconf 84' lang='lat' dir='ltr'><strong>tinenciis</strong></span> <span class='ocrx_word' id='word_1_233' title='bbox 302 3957 331 3970; x_wconf 93' lang='lat'><strong>..</strong></span> <span class='ocrx_word' id='word_1_234' title='bbox 358 3906 433 3972; x_wconf 89' lang='lat' dir='ltr'><strong>filiis</strong></span> <span class='ocrx_word' id='word_1_235' title='bbox 459 3907 537 3974; x_wconf 90' lang='lat' dir='ltr'><strong>dicti</strong></span> <span class='ocrx_word' id='word_1_236' title='bbox 562 3909 710 3992; x_wconf 89' lang='lat' dir='ltr'><strong>magistri</strong></span> <span class='ocrx_word' id='word_1_237' title='bbox 736 3908 906 3973; x_wconf 88' lang='lat' dir='ltr'><strong>Benedicti</strong></span> <span class='ocrx_word' id='word_1_238' title='bbox 932 3957 963 3972; x_wconf 92' lang='lat'><strong>..</strong></span> <span class='ocrx_word' id='word_1_239' title='bbox 991 3912 1196 3993; x_wconf 88' lang='lat' dir='ltr'><strong>resignasset,</strong></span> <span class='ocrx_word' id='word_1_240' title='bbox 1219 3931 1259 3976; x_wconf 90' lang='lat' dir='ltr'><strong>ac</strong></span> 
     </span>
     <span class='ocr_line' id='line_1_31' title="bbox 123 4014 1258 4102; baseline 0.004 -24"><span class='ocrx_word' id='word_1_241' title='bbox 123 4015 287 4079; x_wconf 83' lang='lat' dir='ltr'><strong>omacius</strong></span> <span class='ocrx_word' id='word_1_242' title='bbox 305 4014 437 4080; x_wconf 92' lang='lat' dir='ltr'><strong>dominii</strong></span> <span class='ocrx_word' id='word_1_243' title='bbox 455 4065 461 4078; x_wconf 91' lang='lat'><em>.</em></span> <span class='ocrx_word' id='word_1_244' title='bbox 479 4067 485 4079; x_wconf 95' lang='lat'><em>.</em></span> <span class='ocrx_word' id='word_1_245' title='bbox 502 4017 535 4080; x_wconf 91' lang='lat' dir='ltr'><strong>in</strong></span> <span class='ocrx_word' id='word_1_246' title='bbox 552 4016 639 4080; x_wconf 87' lang='lat' dir='ltr'><strong>dicta</strong></span> <span class='ocrx_word' id='word_1_247' title='bbox 655 4015 854 4099; x_wconf 90' lang='lat' dir='ltr'><strong>possessione</strong></span> <span class='ocrx_word' id='word_1_248' title='bbox 874 4017 908 4080; x_wconf 91' lang='lat' dir='ltr'><strong>in</strong></span> <span class='ocrx_word' id='word_1_249' title='bbox 923 4017 1155 4102; x_wconf 88' lang='lat' dir='ltr'><strong>proprietatem</strong></span> <span class='ocrx_word' id='word_1_250' title='bbox 1180 4017 1258 4082; x_wconf 90' lang='lat' dir='ltr'><strong>filio-</strong></span> 
     </span>
     <span class='ocr_line' id='line_1_32' title="bbox 121 4122 1258 4209; baseline 0.004 -24"><span class='ocrx_word' id='word_1_251' title='bbox 121 4145 195 4186; x_wconf 88' lang='lat' dir='ltr'><strong>rum</strong></span> <span class='ocrx_word' id='word_1_252' title='bbox 214 4122 358 4187; x_wconf 92' lang='lat' dir='ltr'><strong>eiusdem</strong></span> <span class='ocrx_word' id='word_1_253' title='bbox 374 4125 523 4206; x_wconf 88' lang='lat' dir='ltr'><strong>magistri</strong></span> <span class='ocrx_word' id='word_1_254' title='bbox 540 4123 708 4190; x_wconf 89' lang='lat' dir='ltr'><strong>Benedicti</strong></span> <span class='ocrx_word' id='word_1_255' title='bbox 733 4125 963 4204; x_wconf 88' lang='lat' dir='ltr'><strong>transtulisset,</strong></span> <span class='ocrx_word' id='word_1_256' title='bbox 987 4126 1163 4209; x_wconf 81' lang='lat' dir='ltr'><strong>literaeque</strong></span> <span class='ocrx_word' id='word_1_257' title='bbox 1188 4127 1258 4191; x_wconf 91' lang='lat' dir='ltr'><strong>uni-</strong></span> 
     </span>
     <span class='ocr_line' id='line_1_33' title="bbox 121 4231 1256 4318; baseline 0.004 -24"><span class='ocrx_word' id='word_1_258' title='bbox 121 4251 233 4296; x_wconf 80' lang='lat' dir='ltr'><strong>versas</strong></span> <span class='ocrx_word' id='word_1_259' title='bbox 251 4251 308 4295; x_wconf 90' lang='lat' dir='ltr'><strong>seu</strong></span> <span class='ocrx_word' id='word_1_260' title='bbox 327 4231 544 4297; x_wconf 87' lang='lat' dir='ltr'><strong>instrumenta</strong></span> <span class='ocrx_word' id='word_1_261' title='bbox 559 4233 700 4298; x_wconf 84' lang='lat' dir='ltr'><strong>litoralia</strong></span> <span class='ocrx_word' id='word_1_262' title='bbox 717 4233 824 4315; x_wconf 90' lang='lat' dir='ltr'><strong>quoad</strong></span> <span class='ocrx_word' id='word_1_263' title='bbox 840 4235 1117 4300; x_wconf 85' lang='lat' dir='ltr'><strong>conservacionem</strong></span> <span class='ocrx_word' id='word_1_264' title='bbox 1134 4256 1256 4318; x_wconf 91' lang='lat' dir='ltr'><strong>posses-</strong></span> 
     </span>
     <span class='ocr_line' id='line_1_34' title="bbox 119 4338 1255 4426; baseline 0.004 -23"><span class='ocrx_word' id='word_1_265' title='bbox 119 4339 223 4403; x_wconf 89' lang='lat' dir='ltr'><strong>sionis</strong></span> <span class='ocrx_word' id='word_1_266' title='bbox 240 4338 383 4404; x_wconf 88' lang='lat' dir='ltr'><strong>eiusdem</strong></span> <span class='ocrx_word' id='word_1_267' title='bbox 400 4345 432 4404; x_wconf 91' lang='lat' dir='ltr'><strong>et</strong></span> <span class='ocrx_word' id='word_1_268' title='bbox 447 4339 585 4404; x_wconf 89' lang='lat' dir='ltr'><strong>aliorum</strong></span> <span class='ocrx_word' id='word_1_269' title='bbox 601 4361 772 4406; x_wconf 88' lang='lat' dir='ltr'><strong>causarum</strong></span> <span class='ocrx_word' id='word_1_270' title='bbox 797 4349 830 4406; x_wconf 92' lang='lat' dir='ltr'><strong>et</strong></span> <span class='ocrx_word' id='word_1_271' title='bbox 854 4341 1015 4408; x_wconf 87' lang='lat' dir='ltr'><strong>factorum</strong></span> <span class='ocrx_word' id='word_1_272' title='bbox 1041 4349 1153 4408; x_wconf 91' lang='lat' dir='ltr'><strong>contra</strong></span> <span class='ocrx_word' id='word_1_273' title='bbox 1169 4345 1255 4426; x_wconf 89' lang='lat' dir='ltr'><strong>ipsos</strong></span> 
     </span>
     <span class='ocr_line' id='line_1_35' title="bbox 119 4447 1257 4531; baseline 0.003 -19"><span class='ocrx_word' id='word_1_274' title='bbox 119 4447 207 4513; x_wconf 86' lang='lat' dir='ltr'><strong>tilios</strong></span> <span class='ocrx_word' id='word_1_275' title='bbox 217 4447 390 4513; x_wconf 84' lang='lat' dir='ltr'><strong>Benedicti</strong></span> <span class='ocrx_word' id='word_1_276' title='bbox 400 4453 552 4512; x_wconf 87' lang='lat' dir='ltr'><strong>emanata</strong></span> <span class='ocrx_word' id='word_1_277' title='bbox 567 4455 747 4514; x_wconf 87' lang='lat' dir='ltr'><strong>cassasset.</strong></span> <span class='ocrx_word' id='word_1_278' title='bbox 764 4501 770 4512; x_wconf 94' lang='lat'><em>.</em></span> <span class='ocrx_word' id='word_1_279' title='bbox 788 4451 866 4531; x_wconf 89' lang='lat' dir='ltr'><strong>quia</strong></span> <span class='ocrx_word' id='word_1_280' title='bbox 876 4457 983 4514; x_wconf 89' lang='lat' dir='ltr'><strong>tamen</strong></span> <span class='ocrx_word' id='word_1_281' title='bbox 994 4450 1079 4514; x_wconf 91' lang='lat' dir='ltr'><strong>idem</strong></span> <span class='ocrx_word' id='word_1_282' title='bbox 1088 4451 1257 4516; x_wconf 70' lang='lat' dir='ltr'><strong>lohannes</strong></span> 
     </span>
     <span class='ocr_line' id='line_1_36' title="bbox 119 4555 1257 4640; baseline 0.003 -20"><span class='ocrx_word' id='word_1_283' title='bbox 119 4556 209 4621; x_wconf 91' lang='lat' dir='ltr'><strong>lilius</strong></span> <span class='ocrx_word' id='word_1_284' title='bbox 225 4555 397 4620; x_wconf 90' lang='lat' dir='ltr'><strong>Michaelis</strong></span> <span class='ocrx_word' id='word_1_285' title='bbox 413 4562 506 4638; x_wconf 87' lang='lat' dir='ltr'><strong>pater</strong></span> <span class='ocrx_word' id='word_1_286' title='bbox 522 4579 599 4621; x_wconf 89' lang='lat' dir='ltr'><strong>suus</strong></span> <span class='ocrx_word' id='word_1_287' title='bbox 624 4559 743 4640; x_wconf 90' lang='lat' dir='ltr'><strong>etipse</strong></span> <span class='ocrx_word' id='word_1_288' title='bbox 768 4557 888 4621; x_wconf 87' lang='lat' dir='ltr'><strong>dictam</strong></span> <span class='ocrx_word' id='word_1_289' title='bbox 914 4560 1176 4640; x_wconf 89' lang='lat' dir='ltr'><strong>composicionem</strong></span> <span class='ocrx_word' id='word_1_290' title='bbox 1194 4561 1257 4624; x_wconf 88' lang='lat' dir='ltr'><strong>vio-</strong></span> 
     </span>
     <span class='ocr_line' id='line_1_37' title="bbox 120 4663 1257 4752; baseline 0.007 -23"><span class='ocrx_word' id='word_1_291' title='bbox 120 4663 221 4730; x_wconf 87' lang='lat' dir='ltr'><strong>lando</strong></span> <span class='ocrx_word' id='word_1_292' title='bbox 238 4663 444 4729; x_wconf 84' lang='lat' dir='ltr'><strong>medietatem</strong></span> <span class='ocrx_word' id='word_1_293' title='bbox 459 4671 635 4730; x_wconf 89' lang='lat' dir='ltr'><strong>memorate</strong></span> <span class='ocrx_word' id='word_1_294' title='bbox 660 4664 868 4750; x_wconf 87' lang='lat' dir='ltr'><strong>possessionis</strong></span> <span class='ocrx_word' id='word_1_295' title='bbox 885 4666 989 4752; x_wconf 83' lang='lat' dir='ltr'><strong>Zylua</strong></span> <span class='ocrx_word' id='word_1_296' title='bbox 1005 4666 1096 4732; x_wconf 87' lang='lat' dir='ltr'><strong>iuxta</strong></span> <span class='ocrx_word' id='word_1_297' title='bbox 1112 4674 1257 4738; x_wconf 84' lang='lat' dir='ltr'><strong>tenorem</strong></span> 
     </span>
    </p>
   </div>
   <div class='ocr_carea' id='block_1_5' title="bbox 0 0 1598 5470">
    <p class='ocr_par' dir='ltr' id='par_1_5' title="bbox 0 0 1598 5470">
     <span class='ocr_line' id='line_1_38' title="bbox 0 0 1598 5470; baseline 0 3"><span class='ocrx_word' id='word_1_298' title='bbox 0 0 1598 5470; x_wconf 95' lang='lat' dir='ltr'><strong> </strong></span> 
     </span>
    </p>
   </div>
  </div>
 </body>
</html>
