<?xml version="1.0" encoding="UTF-8"?>
<!DOCTYPE html PUBLIC "-//W3C//DTD XHTML 1.0 Transitional//EN"
    "http://www.w3.org/TR/xhtml1/DTD/xhtml1-transitional.dtd">
<html xmlns="http://www.w3.org/1999/xhtml" xml:lang="en" lang="en">
 <head>
  <title>
</title>
<meta http-equiv="Content-Type" content="text/html;charset=utf-8" />
  <meta name='ocr-system' content='tesseract 3.04.00' />
  <meta name='ocr-capabilities' content='ocr_page ocr_carea ocr_par ocr_line ocrx_word'/>
</head>
<body>
  <div class='ocr_page' id='page_1' title='image "./codexdiplomatic06nagygoog_0455.png"; bbox 0 0 3180 5470; ppageno 0'>
   <div class='ocr_carea' id='block_1_1' title="bbox 331 481 1094 544">
    <p class='ocr_par' dir='ltr' id='par_1_1' title="bbox 331 481 1094 544">
     <span class='ocr_line' id='line_1_1' title="bbox 331 481 1094 544; baseline -0.003 -2"><span class='ocrx_word' id='word_1_1' title='bbox 331 481 396 542; x_wconf 82' lang='lat'>440</span> <span class='ocrx_word' id='word_1_2' title='bbox 697 499 874 544; x_wconf 74' lang='lat' dir='ltr'>suuounom</span> <span class='ocrx_word' id='word_1_3' title='bbox 891 483 1094 541; x_wconf 76' lang='lat' dir='ltr'>onulurrin.</span> 
     </span>
    </p>
   </div>
   <div class='ocr_carea' id='block_1_2' title="bbox 301 656 1565 4742">
    <p class='ocr_par' dir='ltr' id='par_1_2' title="bbox 301 656 1565 4742">
     <span class='ocr_line' id='line_1_2' title="bbox 331 656 1463 743; baseline -0.001 -20"><span class='ocrx_word' id='word_1_4' title='bbox 331 657 545 742; x_wconf 78' lang='lat' dir='ltr'>personaliter</span> <span class='ocrx_word' id='word_1_5' title='bbox 569 658 792 742; x_wconf 86' lang='lat' dir='ltr'>comparendo‚</span> <span class='ocrx_word' id='word_1_6' title='bbox 808 657 920 724; x_wconf 79' lang='lat' dir='ltr'><strong>literas</strong></span> <span class='ocrx_word' id='word_1_7' title='bbox 946 658 1081 743; x_wconf 89' lang='lat' dir='ltr'>capituli</span> <span class='ocrx_word' id='word_1_8' title='bbox 1097 657 1267 742; x_wconf 79' lang='lat' dir='ltr'>Agriensis</span> <span class='ocrx_word' id='word_1_9' title='bbox 1284 656 1463 723; x_wconf 84' lang='lat' dir='ltr'>reambula-</span> 
     </span>
     <span class='ocr_line' id='line_1_3' title="bbox 332 765 1465 851; baseline -0.002 -20"><span class='ocrx_word' id='word_1_10' title='bbox 332 768 441 847; x_wconf 91' lang='lat' dir='ltr'>torias,</span> <span class='ocrx_word' id='word_1_11' title='bbox 467 787 614 832; x_wconf 87' lang='lat' dir='ltr'>asserens</span> <span class='ocrx_word' id='word_1_12' title='bbox 642 766 806 832; x_wconf 83' lang='lat' dir='ltr'>accionem</span> <span class='ocrx_word' id='word_1_13' title='bbox 832 773 865 831; x_wconf 90' lang='lat' dir='ltr'>et</span> <span class='ocrx_word' id='word_1_14' title='bbox 891 767 1146 851; x_wconf 88' lang='lat' dir='ltr'>proposicionem</span> <span class='ocrx_word' id='word_1_15' title='bbox 1170 787 1260 831; x_wconf 88' lang='lat' dir='ltr'>suam</span> <span class='ocrx_word' id='word_1_16' title='bbox 1286 767 1320 830; x_wconf 93' lang='lat' dir='ltr'>in</span> <span class='ocrx_word' id='word_1_17' title='bbox 1346 765 1465 832; x_wconf 88' lang='lat' dir='ltr'>eisdem</span> 
     </span>
     <span class='ocr_line' id='line_1_4' title="bbox 332 869 1464 958; baseline -0.001 -19"><span class='ocrx_word' id='word_1_18' title='bbox 332 875 499 954; x_wconf 78' lang='lat' dir='ltr'>contineri,</span> <span class='ocrx_word' id='word_1_19' title='bbox 515 875 607 940; x_wconf 92' lang='lat' dir='ltr'>nobis</span> <span class='ocrx_word' id='word_1_20' title='bbox 628 876 886 955; x_wconf 73' lang='lat' dir='ltr'>demonstrarat,</span> <span class='ocrx_word' id='word_1_21' title='bbox 911 876 945 940; x_wconf 94' lang='lat' dir='ltr'>in</span> <span class='ocrx_word' id='word_1_22' title='bbox 967 869 1083 958; x_wconf 90' lang='lat' dir='ltr'>quibus</span> <span class='ocrx_word' id='word_1_23' title='bbox 1109 877 1193 940; x_wconf 90' lang='lat' dir='ltr'>inter</span> <span class='ocrx_word' id='word_1_24' title='bbox 1216 880 1324 938; x_wconf 86' lang='lat' dir='ltr'>cetera</span> <span class='ocrx_word' id='word_1_25' title='bbox 1345 874 1464 939; x_wconf 82' lang='lat' dir='ltr'>videra-</span> 
     </span>
     <span class='ocr_line' id='line_1_5' title="bbox 332 982 1465 1067; baseline -0.002 -19"><span class='ocrx_word' id='word_1_26' title='bbox 332 1005 403 1048; x_wconf 85' lang='lat' dir='ltr'>mus</span> <span class='ocrx_word' id='word_1_27' title='bbox 428 985 594 1062; x_wconf 81' lang='lat' dir='ltr'>contineri,</span> <span class='ocrx_word' id='word_1_28' title='bbox 610 985 696 1066; x_wconf 89' lang='lat' dir='ltr'>quod</span> <span class='ocrx_word' id='word_1_29' title='bbox 720 985 788 1067; x_wconf 92' lang='lat' dir='ltr'>ipse</span> <span class='ocrx_word' id='word_1_30' title='bbox 804 983 994 1049; x_wconf 89' lang='lat' dir='ltr'>Dominicus</span> <span class='ocrx_word' id='word_1_31' title='bbox 1020 989 1151 1067; x_wconf 90' lang='lat' dir='ltr'>accepto</span> <span class='ocrx_word' id='word_1_32' title='bbox 1176 982 1305 1047; x_wconf 93' lang='lat' dir='ltr'>homine</span> <span class='ocrx_word' id='word_1_33' title='bbox 1331 982 1421 1064; x_wconf 81' lang='lat' dir='ltr'>regio</span> <span class='ocrx_word' id='word_1_34' title='bbox 1435 989 1465 1046; x_wconf 90' lang='lat' dir='ltr'>et</span> 
     </span>
     <span class='ocr_line' id='line_1_6' title="bbox 331 1089 1463 1174; baseline -0.004 -18"><span class='ocrx_word' id='word_1_35' title='bbox 331 1091 517 1157; x_wconf 89' lang='lat' dir='ltr'>testimonio</span> <span class='ocrx_word' id='word_1_36' title='bbox 541 1091 619 1156; x_wconf 89' lang='lat' dir='ltr'>dicti</span> <span class='ocrx_word' id='word_1_37' title='bbox 645 1091 779 1174; x_wconf 89' lang='lat' dir='ltr'>capituli</span> <span class='ocrx_word' id='word_1_38' title='bbox 806 1092 937 1156; x_wconf 91' lang='lat' dir='ltr'>ecclesie</span> <span class='ocrx_word' id='word_1_39' title='bbox 956 1089 1134 1174; x_wconf 84' lang='lat' dir='ltr'>Agriensis,</span> <span class='ocrx_word' id='word_1_40' title='bbox 1154 1090 1188 1154; x_wconf 94' lang='lat' dir='ltr'>in</span> <span class='ocrx_word' id='word_1_41' title='bbox 1204 1089 1378 1172; x_wconf 82' lang='lat' dir='ltr'>quindenis</span> <span class='ocrx_word' id='word_1_42' title='bbox 1394 1089 1463 1154; x_wconf 87' lang='lat' dir='ltr'>festi</span> 
     </span>
     <span class='ocr_line' id='line_1_7' title="bbox 334 1197 1464 1282; baseline -0.002 -18"><span class='ocrx_word' id='word_1_43' title='bbox 334 1198 524 1264; x_wconf 76' lang='lat' dir='ltr'>Natiuitatis</span> <span class='ocrx_word' id='word_1_44' title='bbox 540 1199 628 1264; x_wconf 89' lang='lat' dir='ltr'>beati</span> <span class='ocrx_word' id='word_1_45' title='bbox 645 1197 670 1264; x_wconf 85' lang='lat' dir='ltr'><strong>J</strong></span> <span class='ocrx_word' id='word_1_46' title='bbox 671 1200 808 1264; x_wconf 86' lang='lat' dir='ltr'>ohannis</span> <span class='ocrx_word' id='word_1_47' title='bbox 824 1200 975 1282; x_wconf 91' lang='lat' dir='ltr'>Baptiste</span> <span class='ocrx_word' id='word_1_48' title='bbox 991 1200 1025 1262; x_wconf 91' lang='lat' dir='ltr'>in</span> <span class='ocrx_word' id='word_1_49' title='bbox 1041 1198 1186 1282; x_wconf 87' lang='lat' dir='ltr'>predicto</span> <span class='ocrx_word' id='word_1_50' title='bbox 1197 1218 1283 1262; x_wconf 92' lang='lat' dir='ltr'>anno</span> <span class='ocrx_word' id='word_1_51' title='bbox 1293 1197 1464 1281; x_wconf 85' lang='lat' dir='ltr'>preteritis,</span> 
     </span>
     <span class='ocr_line' id='line_1_8' title="bbox 333 1308 1461 1392; baseline -0.001 -18"><span class='ocrx_word' id='word_1_52' title='bbox 333 1309 375 1374; x_wconf 86' lang='lat' dir='ltr'>ad</span> <span class='ocrx_word' id='word_1_53' title='bbox 399 1308 496 1374; x_wconf 89' lang='lat' dir='ltr'>facies</span> <span class='ocrx_word' id='word_1_54' title='bbox 520 1311 756 1392; x_wconf 89' lang='lat' dir='ltr'>possessionum</span> <span class='ocrx_word' id='word_1_55' title='bbox 781 1310 921 1388; x_wconf 81' lang='lat' dir='ltr'>Rachle,</span> <span class='ocrx_word' id='word_1_56' title='bbox 940 1309 1040 1376; x_wconf 90' lang='lat' dir='ltr'>Kezw</span> <span class='ocrx_word' id='word_1_57' title='bbox 1059 1314 1092 1373; x_wconf 89' lang='lat' dir='ltr'>et</span> <span class='ocrx_word' id='word_1_58' title='bbox 1108 1309 1259 1392; x_wconf 89' lang='lat' dir='ltr'>Haripau</span> <span class='ocrx_word' id='word_1_59' title='bbox 1275 1313 1461 1374; x_wconf 84' lang='lat' dir='ltr'>vocatarum</span> 
     </span>
     <span class='ocr_line' id='line_1_9' title="bbox 334 1416 1463 1500; baseline -0.002 -18"><span class='ocrx_word' id='word_1_60' title='bbox 334 1417 529 1495; x_wconf 80' lang='lat' dir='ltr'>accessisset</span> <span class='ocrx_word' id='word_1_61' title='bbox 546 1423 579 1482; x_wconf 90' lang='lat' dir='ltr'>et</span> <span class='ocrx_word' id='word_1_62' title='bbox 594 1419 722 1483; x_wconf 89' lang='lat' dir='ltr'>easdem</span> <span class='ocrx_word' id='word_1_63' title='bbox 739 1419 850 1482; x_wconf 84' lang='lat' dir='ltr'>vicinis</span> <span class='ocrx_word' id='word_1_64' title='bbox 864 1425 895 1482; x_wconf 89' lang='lat' dir='ltr'>et</span> <span class='ocrx_word' id='word_1_65' title='bbox 906 1417 1132 1483; x_wconf 89' lang='lat' dir='ltr'>commetaneis</span> <span class='ocrx_word' id='word_1_66' title='bbox 1150 1417 1216 1482; x_wconf 91' lang='lat' dir='ltr'>suis</span> <span class='ocrx_word' id='word_1_67' title='bbox 1232 1416 1380 1500; x_wconf 82' lang='lat' dir='ltr'>legitime</span> <span class='ocrx_word' id='word_1_68' title='bbox 1397 1438 1463 1482; x_wconf 92' lang='lat' dir='ltr'>con-</span> 
     </span>
     <span class='ocr_line' id='line_1_10' title="bbox 334 1525 1464 1610; baseline 0 -20"><span class='ocrx_word' id='word_1_69' title='bbox 334 1526 464 1604; x_wconf 75' lang='lat' dir='ltr'>vocatio,</span> <span class='ocrx_word' id='word_1_70' title='bbox 480 1547 538 1610; x_wconf 91' lang='lat' dir='ltr'>per</span> <span class='ocrx_word' id='word_1_71' title='bbox 555 1547 630 1592; x_wconf 89' lang='lat' dir='ltr'>snas</span> <span class='ocrx_word' id='word_1_72' title='bbox 646 1548 738 1592; x_wconf 87' lang='lat' dir='ltr'>veras</span> <span class='ocrx_word' id='word_1_73' title='bbox 754 1532 857 1592; x_wconf 86' lang='lat' dir='ltr'>metas</span> <span class='ocrx_word' id='word_1_74' title='bbox 874 1533 906 1592; x_wconf 89' lang='lat' dir='ltr'>et</span> <span class='ocrx_word' id='word_1_75' title='bbox 923 1528 1074 1610; x_wconf 90' lang='lat' dir='ltr'>antiquas</span> <span class='ocrx_word' id='word_1_76' title='bbox 1091 1525 1305 1608; x_wconf 87' lang='lat' dir='ltr'>reambulare,</span> <span class='ocrx_word' id='word_1_77' title='bbox 1322 1525 1464 1590; x_wconf 87' lang='lat' dir='ltr'>reambn-</span> 
     </span>
     <span class='ocr_line' id='line_1_11' title="bbox 333 1633 1463 1718; baseline 0 -20"><span class='ocrx_word' id='word_1_78' title='bbox 333 1633 483 1714; x_wconf 86' lang='lat' dir='ltr'>latusque</span> <span class='ocrx_word' id='word_1_79' title='bbox 500 1639 534 1697; x_wconf 87' lang='lat' dir='ltr'>et</span> <span class='ocrx_word' id='word_1_80' title='bbox 550 1633 591 1698; x_wconf 88' lang='lat' dir='ltr'>ab</span> <span class='ocrx_word' id='word_1_81' title='bbox 607 1633 745 1699; x_wconf 91' lang='lat' dir='ltr'>aliorum</span> <span class='ocrx_word' id='word_1_82' title='bbox 771 1634 1025 1718; x_wconf 82' lang='lat' dir='ltr'>possessionibus</span> <span class='ocrx_word' id='word_1_83' title='bbox 1050 1633 1221 1700; x_wconf 84' lang='lat' dir='ltr'>distinctas</span> <span class='ocrx_word' id='word_1_84' title='bbox 1238 1639 1272 1698; x_wconf 86' lang='lat' dir='ltr'>et</span> <span class='ocrx_word' id='word_1_85' title='bbox 1288 1639 1463 1717; x_wconf 79' lang='lat' dir='ltr'>separatas,</span> 
     </span>
     <span class='ocr_line' id='line_1_12' title="bbox 334 1742 1463 1828; baseline -0.001 -20"><span class='ocrx_word' id='word_1_86' title='bbox 334 1742 394 1808; x_wconf 90' lang='lat' dir='ltr'>sibi</span> <span class='ocrx_word' id='word_1_87' title='bbox 412 1763 448 1808; x_wconf 91' lang='lat' dir='ltr'>eo</span> <span class='ocrx_word' id='word_1_88' title='bbox 463 1743 534 1807; x_wconf 91' lang='lat' dir='ltr'>iure</span> <span class='ocrx_word' id='word_1_89' title='bbox 551 1763 614 1826; x_wconf 89' lang='lat' dir='ltr'>quo</span> <span class='ocrx_word' id='word_1_90' title='bbox 630 1743 671 1808; x_wconf 88' lang='lat' dir='ltr'>ad</span> <span class='ocrx_word' id='word_1_91' title='bbox 687 1743 793 1827; x_wconf 91' lang='lat' dir='ltr'>ipsum</span> <span class='ocrx_word' id='word_1_92' title='bbox 810 1745 971 1828; x_wconf 80' lang='lat' dir='ltr'>pertinere</span> <span class='ocrx_word' id='word_1_93' title='bbox 987 1743 1240 1820; x_wconf 88' lang='lat' dir='ltr'>dinoscerentnr,</span> <span class='ocrx_word' id='word_1_94' title='bbox 1256 1742 1463 1824; x_wconf 85' lang='lat' dir='ltr'>possidendas</span> 
     </span>
     <span class='ocr_line' id='line_1_13' title="bbox 334 1849 1463 1936; baseline -0.004 -18"><span class='ocrx_word' id='word_1_95' title='bbox 334 1851 433 1918; x_wconf 89' lang='lat' dir='ltr'>statui</span> <span class='ocrx_word' id='word_1_96' title='bbox 458 1851 563 1916; x_wconf 87' lang='lat' dir='ltr'>facere</span> <span class='ocrx_word' id='word_1_97' title='bbox 588 1850 748 1930; x_wconf 83' lang='lat' dir='ltr'>voluisset,</span> <span class='ocrx_word' id='word_1_98' title='bbox 764 1850 920 1918; x_wconf 88' lang='lat' dir='ltr'>Nicolaus</span> <span class='ocrx_word' id='word_1_99' title='bbox 945 1852 1049 1918; x_wconf 86' lang='lat' dir='ltr'>dictus</span> <span class='ocrx_word' id='word_1_100' title='bbox 1074 1849 1219 1936; x_wconf 84' lang='lat' dir='ltr'>Ohynige</span> <span class='ocrx_word' id='word_1_101' title='bbox 1236 1873 1309 1915; x_wconf 92' lang='lat' dir='ltr'>cnm</span> <span class='ocrx_word' id='word_1_102' title='bbox 1326 1849 1463 1933; x_wconf 85' lang='lat' dir='ltr'>Georgio</span> 
     </span>
     <span class='ocr_line' id='line_1_14' title="bbox 334 1957 1464 2044; baseline -0.003 -19"><span class='ocrx_word' id='word_1_103' title='bbox 334 1960 437 2026; x_wconf 88' lang='lat' dir='ltr'>fratre</span> <span class='ocrx_word' id='word_1_104' title='bbox 453 1979 510 2024; x_wconf 92' lang='lat' dir='ltr'>suo</span> <span class='ocrx_word' id='word_1_105' title='bbox 527 1963 559 2023; x_wconf 89' lang='lat' dir='ltr'>et</span> <span class='ocrx_word' id='word_1_106' title='bbox 575 1960 711 2026; x_wconf 83' lang='lat' dir='ltr'>Oozmas</span> <span class='ocrx_word' id='word_1_107' title='bbox 727 1959 813 2025; x_wconf 91' lang='lat' dir='ltr'>filius</span> <span class='ocrx_word' id='word_1_108' title='bbox 829 1958 1002 2044; x_wconf 81' lang='lat' dir='ltr'>Herbordy</span> <span class='ocrx_word' id='word_1_109' title='bbox 1019 1959 1057 2024; x_wconf 91' lang='lat' dir='ltr'>de</span> <span class='ocrx_word' id='word_1_110' title='bbox 1076 1959 1193 2024; x_wconf 88' lang='lat' dir='ltr'>Malah</span> <span class='ocrx_word' id='word_1_111' title='bbox 1211 1961 1300 2025; x_wconf 87' lang='lat' dir='ltr'>etde</span> <span class='ocrx_word' id='word_1_112' title='bbox 1317 1957 1464 2042; x_wconf 86' lang='lat' dir='ltr'>Haripan</span> 
     </span>
     <span class='ocr_line' id='line_1_15' title="bbox 335 2065 1464 2152; baseline -0.001 -20"><span class='ocrx_word' id='word_1_113' title='bbox 335 2065 549 2150; x_wconf 88' lang='lat' dir='ltr'>personaliter</span> <span class='ocrx_word' id='word_1_114' title='bbox 566 2067 646 2132; x_wconf 93' lang='lat' dir='ltr'>inibi</span> <span class='ocrx_word' id='word_1_115' title='bbox 666 2075 898 2152; x_wconf 88' lang='lat' dir='ltr'>comparentes,</span> <span class='ocrx_word' id='word_1_116' title='bbox 913 2065 999 2151; x_wconf 89' lang='lat' dir='ltr'>ipsos</span> <span class='ocrx_word' id='word_1_117' title='bbox 1016 2087 1080 2133; x_wconf 90' lang='lat' dir='ltr'>non</span> <span class='ocrx_word' id='word_1_118' title='bbox 1096 2090 1117 2132; x_wconf 92' lang='lat' dir='ltr'>a</span> <span class='ocrx_word' id='word_1_119' title='bbox 1132 2065 1394 2132; x_wconf 89' lang='lat' dir='ltr'>reambulacione</span> <span class='ocrx_word' id='word_1_120' title='bbox 1412 2066 1464 2132; x_wconf 90' lang='lat' dir='ltr'>sed</span> 
     </span>
     <span class='ocr_line' id='line_1_16' title="bbox 335 2174 1464 2258; baseline -0.002 -18"><span class='ocrx_word' id='word_1_121' title='bbox 335 2175 579 2242; x_wconf 88' lang='lat' dir='ltr'>adistinceione</span> <span class='ocrx_word' id='word_1_122' title='bbox 605 2176 764 2242; x_wconf 88' lang='lat' dir='ltr'>dictarum</span> <span class='ocrx_word' id='word_1_123' title='bbox 789 2183 950 2242; x_wconf 92' lang='lat' dir='ltr'>metarum</span> <span class='ocrx_word' id='word_1_124' title='bbox 971 2197 1009 2241; x_wconf 93' lang='lat' dir='ltr'>ac</span> <span class='ocrx_word' id='word_1_125' title='bbox 1025 2176 1208 2242; x_wconf 88' lang='lat' dir='ltr'>statucione</span> <span class='ocrx_word' id='word_1_126' title='bbox 1233 2174 1464 2258; x_wconf 89' lang='lat' dir='ltr'>prelibatarum</span> 
     </span>
     <span class='ocr_line' id='line_1_17' title="bbox 301 2281 1466 2368; baseline -0.003 -18"><span class='ocrx_word' id='word_1_127' title='bbox 301 2323 305 2335; x_wconf 77' lang='lat'><em>=</em></span> <span class='ocrx_word' id='word_1_128' title='bbox 335 2282 570 2368; x_wconf 89' lang='lat' dir='ltr'>possessionum</span> <span class='ocrx_word' id='word_1_129' title='bbox 588 2283 691 2349; x_wconf 89' lang='lat' dir='ltr'>eidem</span> <span class='ocrx_word' id='word_1_130' title='bbox 717 2283 887 2348; x_wconf 91' lang='lat' dir='ltr'>Dominioo</span> <span class='ocrx_word' id='word_1_131' title='bbox 906 2305 970 2367; x_wconf 90' lang='lat' dir='ltr'>quo</span> <span class='ocrx_word' id='word_1_132' title='bbox 996 2303 1096 2367; x_wconf 87' lang='lat' dir='ltr'>supra</span> <span class='ocrx_word' id='word_1_133' title='bbox 1111 2281 1269 2361; x_wconf 85' lang='lat' dir='ltr'>facienda,</span> <span class='ocrx_word' id='word_1_134' title='bbox 1288 2281 1466 2366; x_wconf 86' lang='lat' dir='ltr'>prohibuis-</span> 
     </span>
     <span class='ocr_line' id='line_1_18' title="bbox 337 2390 1465 2475; baseline -0.004 -17"><span class='ocrx_word' id='word_1_135' title='bbox 337 2399 415 2470; x_wconf 86' lang='lat' dir='ltr'>sent,</span> <span class='ocrx_word' id='word_1_136' title='bbox 426 2393 517 2457; x_wconf 91' lang='lat' dir='ltr'>cuius</span> <span class='ocrx_word' id='word_1_137' title='bbox 534 2390 764 2475; x_wconf 87' lang='lat' dir='ltr'>prohibicionis</span> <span class='ocrx_word' id='word_1_138' title='bbox 780 2393 944 2458; x_wconf 87' lang='lat' dir='ltr'>racionem</span> <span class='ocrx_word' id='word_1_139' title='bbox 959 2393 1045 2458; x_wconf 91' lang='lat' dir='ltr'>idem</span> <span class='ocrx_word' id='word_1_140' title='bbox 1059 2391 1251 2456; x_wconf 88' lang='lat' dir='ltr'>Dominicus</span> <span class='ocrx_word' id='word_1_141' title='bbox 1267 2390 1351 2456; x_wconf 89' lang='lat' dir='ltr'>scire</span> <span class='ocrx_word' id='word_1_142' title='bbox 1365 2391 1465 2455; x_wconf 81' lang='lat' dir='ltr'>volne-</span> 
     </span>
     <span class='ocr_line' id='line_1_19' title="bbox 335 2497 1465 2583; baseline -0.004 -17"><span class='ocrx_word' id='word_1_143' title='bbox 335 2507 388 2566; x_wconf 91' lang='lat' dir='ltr'>rat</span> <span class='ocrx_word' id='word_1_144' title='bbox 403 2521 423 2564; x_wconf 90' lang='lat' dir='ltr'>a</span> <span class='ocrx_word' id='word_1_145' title='bbox 438 2498 575 2564; x_wconf 86' lang='lat' dir='ltr'>Nicolao</span> <span class='ocrx_word' id='word_1_146' title='bbox 601 2505 634 2564; x_wconf 88' lang='lat' dir='ltr'>et</span> <span class='ocrx_word' id='word_1_147' title='bbox 659 2497 801 2583; x_wconf 83' lang='lat' dir='ltr'>Georgio</span> <span class='ocrx_word' id='word_1_148' title='bbox 826 2499 902 2566; x_wconf 91' lang='lat' dir='ltr'>filiis</span> <span class='ocrx_word' id='word_1_149' title='bbox 927 2501 953 2567; x_wconf 84' lang='lat' dir='ltr'>J</span> <span class='ocrx_word' id='word_1_150' title='bbox 954 2499 1091 2566; x_wconf 89' lang='lat' dir='ltr'>ohannis</span> <span class='ocrx_word' id='word_1_151' title='bbox 1107 2522 1145 2565; x_wconf 92' lang='lat' dir='ltr'>ac</span> <span class='ocrx_word' id='word_1_152' title='bbox 1161 2500 1281 2566; x_wconf 80' lang='lat' dir='ltr'>Corma</span> <span class='ocrx_word' id='word_1_153' title='bbox 1301 2497 1367 2563; x_wconf 90' lang='lat' dir='ltr'>filio</span> <span class='ocrx_word' id='word_1_154' title='bbox 1384 2498 1465 2564; x_wconf 87' lang='lat' dir='ltr'>Her·</span> 
     </span>
     <span class='ocr_line' id='line_1_20' title="bbox 335 2606 1464 2692; baseline -0.003 -18"><span class='ocrx_word' id='word_1_155' title='bbox 335 2609 428 2674; x_wconf 88' lang='lat' dir='ltr'>bordi</span> <span class='ocrx_word' id='word_1_156' title='bbox 449 2609 646 2692; x_wconf 80' lang='lat' dir='ltr'>prenotatis3</span> <span class='ocrx_word' id='word_1_157' title='bbox 665 2629 728 2692; x_wconf 88' lang='lat' dir='ltr'>quo</span> <span class='ocrx_word' id='word_1_158' title='bbox 746 2609 856 2674; x_wconf 90' lang='lat' dir='ltr'>audito</span> <span class='ocrx_word' id='word_1_159' title='bbox 872 2609 970 2674; x_wconf 90' lang='lat' dir='ltr'>iidem</span> <span class='ocrx_word' id='word_1_160' title='bbox 986 2606 1143 2673; x_wconf 87' lang='lat' dir='ltr'>Nicolaus</span> <span class='ocrx_word' id='word_1_161' title='bbox 1161 2614 1193 2673; x_wconf 84' lang='lat' dir='ltr'>et</span> <span class='ocrx_word' id='word_1_162' title='bbox 1209 2609 1346 2674; x_wconf 83' lang='lat' dir='ltr'>Oozmas</span> <span class='ocrx_word' id='word_1_163' title='bbox 1362 2627 1464 2690; x_wconf 88' lang='lat' dir='ltr'>perso·</span> 
     </span>
     <span class='ocr_line' id='line_1_21' title="bbox 336 2711 1466 2800; baseline -0.004 -16"><span class='ocrx_word' id='word_1_164' title='bbox 336 2717 462 2795; x_wconf 88' lang='lat' dir='ltr'>naliter,</span> <span class='ocrx_word' id='word_1_165' title='bbox 478 2722 511 2782; x_wconf 87' lang='lat' dir='ltr'>et</span> <span class='ocrx_word' id='word_1_166' title='bbox 527 2711 617 2800; x_wconf 85' lang='lat' dir='ltr'>(pro)</span> <span class='ocrx_word' id='word_1_167' title='bbox 635 2713 777 2800; x_wconf 80' lang='lat' dir='ltr'>Georgio</span> <span class='ocrx_word' id='word_1_168' title='bbox 802 2716 868 2781; x_wconf 89' lang='lat' dir='ltr'>filio</span> <span class='ocrx_word' id='word_1_169' title='bbox 893 2715 1056 2782; x_wconf 88' lang='lat' dir='ltr'>Jobannis</span> <span class='ocrx_word' id='word_1_170' title='bbox 1082 2717 1167 2781; x_wconf 91' lang='lat' dir='ltr'>idem</span> <span class='ocrx_word' id='word_1_171' title='bbox 1193 2715 1352 2782; x_wconf 87' lang='lat' dir='ltr'>Nioolaus</span> <span class='ocrx_word' id='word_1_172' title='bbox 1367 2715 1466 2780; x_wconf 84' lang='lat' dir='ltr'>frater</span> 
     </span>
     <span class='ocr_line' id='line_1_22' title="bbox 337 2823 1466 2907; baseline -0.004 -16"><span class='ocrx_word' id='word_1_173' title='bbox 337 2847 414 2892; x_wconf 89' lang='lat' dir='ltr'>suus</span> <span class='ocrx_word' id='word_1_174' title='bbox 431 2846 505 2890; x_wconf 91' lang='lat' dir='ltr'>cum</span> <span class='ocrx_word' id='word_1_175' title='bbox 529 2825 762 2907; x_wconf 86' lang='lat' dir='ltr'>procuratoriis</span> <span class='ocrx_word' id='word_1_176' title='bbox 787 2824 891 2890; x_wconf 88' lang='lat' dir='ltr'>literis</span> <span class='ocrx_word' id='word_1_177' title='bbox 917 2825 1127 2907; x_wconf 84' lang='lat' dir='ltr'>exsurgendo,</span> <span class='ocrx_word' id='word_1_178' title='bbox 1143 2824 1273 2889; x_wconf 91' lang='lat' dir='ltr'>easdem</span> <span class='ocrx_word' id='word_1_179' title='bbox 1298 2823 1466 2907; x_wconf 85' lang='lat' dir='ltr'>possessio</span> 
     </span>
     <span class='ocr_line' id='line_1_23' title="bbox 338 2927 1464 3016; baseline -0.004 -18"><span class='ocrx_word' id='word_1_180' title='bbox 338 2953 394 2998; x_wconf 88' lang='lat' dir='ltr'>nes</span> <span class='ocrx_word' id='word_1_181' title='bbox 411 2931 543 2998; x_wconf 82' lang='lat' dir='ltr'>Rechke</span> <span class='ocrx_word' id='word_1_182' title='bbox 567 2931 666 2996; x_wconf 84' lang='lat' dir='ltr'>Kezw</span> <span class='ocrx_word' id='word_1_183' title='bbox 683 2937 716 2997; x_wconf 91' lang='lat' dir='ltr'>et</span> <span class='ocrx_word' id='word_1_184' title='bbox 732 2932 892 3016; x_wconf 90' lang='lat' dir='ltr'>Haripan,</span> <span class='ocrx_word' id='word_1_185' title='bbox 908 2934 954 2997; x_wconf 92' lang='lat' dir='ltr'>eis</span> <span class='ocrx_word' id='word_1_186' title='bbox 970 2938 1003 2997; x_wconf 91' lang='lat' dir='ltr'>et</span> <span class='ocrx_word' id='word_1_187' title='bbox 1019 2932 1104 2997; x_wconf 89' lang='lat' dir='ltr'>dioto</span> <span class='ocrx_word' id='word_1_188' title='bbox 1121 2927 1266 3014; x_wconf 65' lang='lat' dir='ltr'>(taorgio</span> <span class='ocrx_word' id='word_1_189' title='bbox 1283 2983 1289 2994; x_wconf 95' lang='lat'>.</span> <span class='ocrx_word' id='word_1_190' title='bbox 1311 2981 1317 2994; x_wconf 94' lang='lat'><em>.</em></span> <span class='ocrx_word' id='word_1_191' title='bbox 1344 2931 1464 2996; x_wconf 89' lang='lat' dir='ltr'>heredi·</span> 
     </span>
     <span class='ocr_line' id='line_1_24' title="bbox 335 3039 1468 3124; baseline 0 -20"><span class='ocrx_word' id='word_1_192' title='bbox 335 3041 412 3106; x_wconf 88' lang='lat' dir='ltr'>tarii</span> <span class='ocrx_word' id='word_1_193' title='bbox 427 3040 507 3105; x_wconf 78' lang='lat' dir='ltr'>iuris</span> <span class='ocrx_word' id='word_1_194' title='bbox 523 3040 618 3104; x_wconf 89' lang='lat' dir='ltr'>titulo</span> <span class='ocrx_word' id='word_1_195' title='bbox 636 3041 804 3122; x_wconf 87' lang='lat' dir='ltr'>pertinere,</span> <span class='ocrx_word' id='word_1_196' title='bbox 820 3047 854 3105; x_wconf 92' lang='lat' dir='ltr'>et</span> <span class='ocrx_word' id='word_1_197' title='bbox 870 3041 970 3105; x_wconf 87' lang='lat' dir='ltr'>eciam</span> <span class='ocrx_word' id='word_1_198' title='bbox 991 3060 1089 3124; x_wconf 91' lang='lat' dir='ltr'>super</span> <span class='ocrx_word' id='word_1_199' title='bbox 1108 3039 1228 3104; x_wconf 90' lang='lat' dir='ltr'>eisdem</span> <span class='ocrx_word' id='word_1_200' title='bbox 1254 3040 1468 3105; x_wconf 84' lang='lat' dir='ltr'>instrumenta</span> 
     </span>
     <span class='ocr_line' id='line_1_25' title="bbox 337 3143 1467 3233; baseline 0 -21"><span class='ocrx_word' id='word_1_201' title='bbox 337 3169 370 3212; x_wconf 90' lang='lat' dir='ltr'>se</span> <span class='ocrx_word' id='word_1_202' title='bbox 387 3146 513 3226; x_wconf 87' lang='lat' dir='ltr'>habere,</span> <span class='ocrx_word' id='word_1_203' title='bbox 525 3148 631 3230; x_wconf 88' lang='lat' dir='ltr'>quein</span> <span class='ocrx_word' id='word_1_204' title='bbox 641 3148 779 3212; x_wconf 91' lang='lat' dir='ltr'>termino</span> <span class='ocrx_word' id='word_1_205' title='bbox 789 3169 847 3232; x_wconf 89' lang='lat' dir='ltr'>per</span> <span class='ocrx_word' id='word_1_206' title='bbox 857 3169 914 3212; x_wconf 91' lang='lat' dir='ltr'>nos</span> <span class='ocrx_word' id='word_1_207' title='bbox 931 3147 1037 3212; x_wconf 65' lang='lat' dir='ltr'>(lando</span> <span class='ocrx_word' id='word_1_208' title='bbox 1047 3153 1179 3232; x_wconf 91' lang='lat' dir='ltr'>possent</span> <span class='ocrx_word' id='word_1_209' title='bbox 1189 3143 1381 3233; x_wconf 85' lang='lat' dir='ltr'>(exhibere),</span> <span class='ocrx_word' id='word_1_210' title='bbox 1392 3148 1467 3212; x_wconf 86' lang='lat' dir='ltr'>alle-</span> 
     </span>
     <span class='ocr_line' id='line_1_26' title="bbox 337 3251 1466 3339; baseline -0.002 -19"><span class='ocrx_word' id='word_1_211' title='bbox 337 3255 460 3339; x_wconf 77' lang='lat' dir='ltr'>gand03</span> <span class='ocrx_word' id='word_1_212' title='bbox 486 3256 570 3320; x_wconf 91' lang='lat' dir='ltr'>unde</span> <span class='ocrx_word' id='word_1_213' title='bbox 593 3275 650 3318; x_wconf 93' lang='lat' dir='ltr'>nos</span> <span class='ocrx_word' id='word_1_214' title='bbox 682 3255 951 3335; x_wconf 84' lang='lat' dir='ltr'>commiseramus,</span> <span class='ocrx_word' id='word_1_215' title='bbox 967 3261 1004 3320; x_wconf 87' lang='lat' dir='ltr'>ut</span> <span class='ocrx_word' id='word_1_216' title='bbox 1019 3255 1116 3320; x_wconf 91' lang='lat' dir='ltr'>iidem</span> <span class='ocrx_word' id='word_1_217' title='bbox 1142 3252 1302 3320; x_wconf 89' lang='lat' dir='ltr'>Nicolaus</span> <span class='ocrx_word' id='word_1_218' title='bbox 1319 3260 1353 3319; x_wconf 90' lang='lat' dir='ltr'>et</span> <span class='ocrx_word' id='word_1_219' title='bbox 1369 3251 1466 3319; x_wconf 79' lang='lat' dir='ltr'>Geor-</span> 
     </span>
     <span class='ocr_line' id='line_1_27' title="bbox 338 3361 1467 3446; baseline 0.001 -19"><span class='ocrx_word' id='word_1_220' title='bbox 338 3363 408 3446; x_wconf 79' lang='lat' dir='ltr'>gius</span> <span class='ocrx_word' id='word_1_221' title='bbox 424 3361 483 3426; x_wconf 90' lang='lat' dir='ltr'>filii</span> <span class='ocrx_word' id='word_1_222' title='bbox 499 3361 661 3427; x_wconf 71' lang='lat' dir='ltr'>lobannis</span> <span class='ocrx_word' id='word_1_223' title='bbox 682 3383 720 3426; x_wconf 87' lang='lat' dir='ltr'>ac</span> <span class='ocrx_word' id='word_1_224' title='bbox 738 3363 872 3430; x_wconf 79' lang='lat' dir='ltr'>Gozmas</span> <span class='ocrx_word' id='word_1_225' title='bbox 897 3363 983 3428; x_wconf 89' lang='lat' dir='ltr'>filius</span> <span class='ocrx_word' id='word_1_226' title='bbox 999 3361 1165 3428; x_wconf 88' lang='lat' dir='ltr'>Herbordi</span> <span class='ocrx_word' id='word_1_227' title='bbox 1191 3361 1395 3446; x_wconf 84' lang='lat' dir='ltr'>preallegata</span> <span class='ocrx_word' id='word_1_228' title='bbox 1411 3383 1467 3428; x_wconf 89' lang='lat' dir='ltr'>sna</span> 
     </span>
     <span class='ocr_line' id='line_1_28' title="bbox 338 3470 1468 3554; baseline 0.004 -20"><span class='ocrx_word' id='word_1_229' title='bbox 338 3471 603 3535; x_wconf 89' lang='lat' dir='ltr'>instrumenta..</span> <span class='ocrx_word' id='word_1_230' title='bbox 634 3475 745 3536; x_wconf 87' lang='lat' dir='ltr'>contra</span> <span class='ocrx_word' id='word_1_231' title='bbox 769 3472 952 3554; x_wconf 87' lang='lat' dir='ltr'>predictum</span> <span class='ocrx_word' id='word_1_232' title='bbox 976 3471 1186 3538; x_wconf 90' lang='lat' dir='ltr'>Dominioum</span> <span class='ocrx_word' id='word_1_233' title='bbox 1210 3470 1316 3535; x_wconf 91' lang='lat' dir='ltr'>filium</span> <span class='ocrx_word' id='word_1_234' title='bbox 1347 3471 1468 3550; x_wconf 84' lang='lat' dir='ltr'>Donch,</span> 
     </span>
     <span class='ocr_line' id='line_1_29' title="bbox 338 3578 1469 3662; baseline 0.002 -20"><span class='ocrx_word' id='word_1_235' title='bbox 338 3578 488 3642; x_wconf 89' lang='lat' dir='ltr'>similiter</span> <span class='ocrx_word' id='word_1_236' title='bbox 504 3579 719 3642; x_wconf 89' lang='lat' dir='ltr'>instrumenta</span> <span class='ocrx_word' id='word_1_237' title='bbox 737 3599 796 3644; x_wconf 88' lang='lat' dir='ltr'>sna</span> <span class='ocrx_word' id='word_1_238' title='bbox 812 3579 838 3642; x_wconf 91' lang='lat' dir='ltr'>si</span> <span class='ocrx_word' id='word_1_239' title='bbox 854 3600 917 3661; x_wconf 90' lang='lat' dir='ltr'>que</span> <span class='ocrx_word' id='word_1_240' title='bbox 932 3578 1100 3644; x_wconf 89' lang='lat' dir='ltr'>habuisset</span> <span class='ocrx_word' id='word_1_241' title='bbox 1124 3600 1222 3662; x_wconf 90' lang='lat' dir='ltr'>super</span> <span class='ocrx_word' id='word_1_242' title='bbox 1238 3581 1469 3662; x_wconf 88' lang='lat' dir='ltr'>prenominatis</span> 
     </span>
     <span class='ocr_line' id='line_1_30' title="bbox 338 3683 1469 3768; baseline 0.003 -19"><span class='ocrx_word' id='word_1_243' title='bbox 338 3683 590 3768; x_wconf 90' lang='lat' dir='ltr'>possessionibus</span> <span class='ocrx_word' id='word_1_244' title='bbox 616 3691 766 3750; x_wconf 88' lang='lat' dir='ltr'>emanata</span> <span class='ocrx_word' id='word_1_245' title='bbox 790 3685 967 3768; x_wconf 89' lang='lat' dir='ltr'>producere</span> <span class='ocrx_word' id='word_1_246' title='bbox 993 3685 1172 3762; x_wconf 86' lang='lat' dir='ltr'>debentem,</span> <span class='ocrx_word' id='word_1_247' title='bbox 1191 3685 1226 3749; x_wconf 94' lang='lat' dir='ltr'>in</span> <span class='ocrx_word' id='word_1_248' title='bbox 1251 3689 1375 3752; x_wconf 81' lang='lat' dir='ltr'>octavis</span> <span class='ocrx_word' id='word_1_249' title='bbox 1399 3688 1469 3754; x_wconf 86' lang='lat' dir='ltr'>festi</span> 
     </span>
     <span class='ocr_line' id='line_1_31' title="bbox 338 3791 1469 3875; baseline 0.004 -19"><span class='ocrx_word' id='word_1_250' title='bbox 338 3791 597 3875; x_wconf 80' lang='lat' dir='ltr'>Epiphaniarum</span> <span class='ocrx_word' id='word_1_251' title='bbox 613 3791 732 3856; x_wconf 88' lang='lat' dir='ltr'>domini</span> <span class='ocrx_word' id='word_1_252' title='bbox 748 3798 826 3856; x_wconf 90' lang='lat' dir='ltr'>tunc</span> <span class='ocrx_word' id='word_1_253' title='bbox 841 3793 985 3858; x_wconf 89' lang='lat' dir='ltr'>venturis</span> <span class='ocrx_word' id='word_1_254' title='bbox 1002 3792 1152 3858; x_wconf 84' lang='lat' dir='ltr'>exhibere</span> <span class='ocrx_word' id='word_1_255' title='bbox 1173 3799 1341 3860; x_wconf 89' lang='lat' dir='ltr'>teneretur</span> <span class='ocrx_word' id='word_1_256' title='bbox 1366 3818 1469 3862; x_wconf 90' lang='lat' dir='ltr'>coram</span> 
     </span>
     <span class='ocr_line' id='line_1_32' title="bbox 338 3899 1470 3990; baseline 0.002 -24"><span class='ocrx_word' id='word_1_257' title='bbox 338 3900 438 3978; x_wconf 87' lang='lat' dir='ltr'>nobis,</span> <span class='ocrx_word' id='word_1_258' title='bbox 455 3899 572 3982; x_wconf 90' lang='lat' dir='ltr'>quibus</span> <span class='ocrx_word' id='word_1_259' title='bbox 588 3901 664 3967; x_wconf 81' lang='lat' dir='ltr'>visis</span> <span class='ocrx_word' id='word_1_260' title='bbox 689 3901 843 3966; x_wconf 91' lang='lat' dir='ltr'>iudicium</span> <span class='ocrx_word' id='word_1_261' title='bbox 860 3909 892 3968; x_wconf 87' lang='lat' dir='ltr'>ct</span> <span class='ocrx_word' id='word_1_262' title='bbox 909 3905 1071 3969; x_wconf 89' lang='lat' dir='ltr'>iusticiam</span> <span class='ocrx_word' id='word_1_263' title='bbox 1098 3903 1280 3970; x_wconf 81' lang='lat' dir='ltr'>laceremus</span> <span class='ocrx_word' id='word_1_264' title='bbox 1299 3906 1387 3970; x_wconf 89' lang='lat' dir='ltr'>inter</span> <span class='ocrx_word' id='word_1_265' title='bbox 1402 3925 1470 3990; x_wconf 89' lang='lat' dir='ltr'>par-</span> 
     </span>
     <span class='ocr_line' id='line_1_33' title="bbox 338 4007 1471 4094; baseline 0.003 -21"><span class='ocrx_word' id='word_1_266' title='bbox 338 4015 403 4073; x_wconf 91' lang='lat' dir='ltr'>tes.</span> <span class='ocrx_word' id='word_1_267' title='bbox 425 4057 431 4070; x_wconf 94' lang='lat'>.</span> <span class='ocrx_word' id='word_1_268' title='bbox 456 4007 534 4090; x_wconf 92' lang='lat' dir='ltr'>Ipso</span> <span class='ocrx_word' id='word_1_269' title='bbox 550 4010 687 4074; x_wconf 90' lang='lat' dir='ltr'>termino</span> <span class='ocrx_word' id='word_1_270' title='bbox 706 4011 904 4088; x_wconf 86' lang='lat' dir='ltr'>adveniente,</span> <span class='ocrx_word' id='word_1_271' title='bbox 920 4012 1066 4094; x_wconf 89' lang='lat' dir='ltr'>predicto</span> <span class='ocrx_word' id='word_1_272' title='bbox 1082 4010 1257 4076; x_wconf 89' lang='lat' dir='ltr'>Dominioo</span> <span class='ocrx_word' id='word_1_273' title='bbox 1274 4011 1342 4076; x_wconf 88' lang='lat' dir='ltr'>filio</span> <span class='ocrx_word' id='word_1_274' title='bbox 1359 4012 1471 4077; x_wconf 88' lang='lat' dir='ltr'>Doncb</span> 
     </span>
     <span class='ocr_line' id='line_1_34' title="bbox 339 4116 1472 4204; baseline 0.005 -24"><span class='ocrx_word' id='word_1_275' title='bbox 339 4123 447 4180; x_wconf 87' lang='lat' dir='ltr'>actore</span> <span class='ocrx_word' id='word_1_276' title='bbox 463 4116 678 4198; x_wconf 88' lang='lat' dir='ltr'>porsonaliter</span> <span class='ocrx_word' id='word_1_277' title='bbox 695 4139 801 4182; x_wconf 90' lang='lat' dir='ltr'>coram</span> <span class='ocrx_word' id='word_1_278' title='bbox 822 4119 912 4184; x_wconf 89' lang='lat' dir='ltr'>nobis</span> <span class='ocrx_word' id='word_1_279' title='bbox 930 4125 1067 4203; x_wconf 87' lang='lat' dir='ltr'>astante,</span> <span class='ocrx_word' id='word_1_280' title='bbox 1084 4120 1232 4204; x_wconf 89' lang='lat' dir='ltr'>predicta</span> <span class='ocrx_word' id='word_1_281' title='bbox 1257 4121 1472 4186; x_wconf 86' lang='lat' dir='ltr'>instrumenta</span> 
     </span>
     <span class='ocr_line' id='line_1_35' title="bbox 339 4223 1472 4312; baseline 0.004 -24"><span class='ocrx_word' id='word_1_282' title='bbox 339 4243 471 4305; x_wconf 88' lang='lat' dir='ltr'>suaper</span> <span class='ocrx_word' id='word_1_283' title='bbox 493 4223 599 4303; x_wconf 88' lang='lat' dir='ltr'>ipsum</span> <span class='ocrx_word' id='word_1_284' title='bbox 618 4224 768 4291; x_wconf 86' lang='lat' dir='ltr'>exhibere</span> <span class='ocrx_word' id='word_1_285' title='bbox 785 4232 930 4292; x_wconf 86' lang='lat' dir='ltr'>assumta</span> <span class='ocrx_word' id='word_1_286' title='bbox 956 4228 1057 4296; x_wconf 89' lang='lat' dir='ltr'>nostri</span> <span class='ocrx_word' id='word_1_287' title='bbox 1078 4229 1111 4292; x_wconf 93' lang='lat' dir='ltr'>in</span> <span class='ocrx_word' id='word_1_288' title='bbox 1128 4229 1298 4312; x_wconf 89' lang='lat' dir='ltr'>presencia</span> <span class='ocrx_word' id='word_1_289' title='bbox 1323 4228 1472 4294; x_wconf 84' lang='lat' dir='ltr'>exhibere</span> 
     </span>
     <span class='ocr_line' id='line_1_36' title="bbox 339 4330 1472 4420; baseline 0.005 -26"><span class='ocrx_word' id='word_1_290' title='bbox 339 4330 475 4413; x_wconf 86' lang='lat' dir='ltr'>volente,</span> <span class='ocrx_word' id='word_1_291' title='bbox 498 4331 636 4414; x_wconf 88' lang='lat' dir='ltr'>predicti</span> <span class='ocrx_word' id='word_1_292' title='bbox 661 4332 817 4400; x_wconf 86' lang='lat' dir='ltr'>Nicolans</span> <span class='ocrx_word' id='word_1_293' title='bbox 843 4341 875 4399; x_wconf 91' lang='lat' dir='ltr'>et</span> <span class='ocrx_word' id='word_1_294' title='bbox 899 4333 1085 4420; x_wconf 85' lang='lat' dir='ltr'>Georgius.</span> <span class='ocrx_word' id='word_1_295' title='bbox 1113 4387 1119 4400; x_wconf 95' lang='lat'>.</span> <span class='ocrx_word' id='word_1_296' title='bbox 1152 4359 1191 4403; x_wconf 86' lang='lat' dir='ltr'>ac</span> <span class='ocrx_word' id='word_1_297' title='bbox 1216 4336 1377 4404; x_wconf 82' lang='lat' dir='ltr'>Cozmas.</span> <span class='ocrx_word' id='word_1_298' title='bbox 1404 4388 1410 4402; x_wconf 95' lang='lat'><em>.</em></span> <span class='ocrx_word' id='word_1_299' title='bbox 1441 4339 1472 4401; x_wconf 95' lang='lat' dir='ltr'>in</span> 
     </span>
     <span class='ocr_line' id='line_1_37' title="bbox 340 4440 1474 4530; baseline 0.007 -28"><span class='ocrx_word' id='word_1_300' title='bbox 340 4460 471 4504; x_wconf 88' lang='lat' dir='ltr'>cansam</span> <span class='ocrx_word' id='word_1_301' title='bbox 496 4441 626 4504; x_wconf 89' lang='lat' dir='ltr'>attracti</span> <span class='ocrx_word' id='word_1_302' title='bbox 657 4440 805 4506; x_wconf 91' lang='lat' dir='ltr'>similiter</span> <span class='ocrx_word' id='word_1_303' title='bbox 831 4464 939 4509; x_wconf 90' lang='lat' dir='ltr'>coram</span> <span class='ocrx_word' id='word_1_304' title='bbox 968 4444 1060 4511; x_wconf 87' lang='lat' dir='ltr'>nobis</span> <span class='ocrx_word' id='word_1_305' title='bbox 1086 4447 1312 4528; x_wconf 83' lang='lat' dir='ltr'>comparando,</span> <span class='ocrx_word' id='word_1_306' title='bbox 1330 4447 1474 4530; x_wconf 72' lang='lat' dir='ltr'>predicta</span> 
     </span>
     <span class='ocr_line' id='line_1_38' title="bbox 341 4545 1474 4634; baseline 0.009 -26"><span class='ocrx_word' id='word_1_307' title='bbox 341 4564 450 4609; x_wconf 86' lang='lat' dir='ltr'>eorum</span> <span class='ocrx_word' id='word_1_308' title='bbox 466 4545 680 4614; x_wconf 87' lang='lat' dir='ltr'>instrumenta</span> <span class='ocrx_word' id='word_1_309' title='bbox 699 4571 757 4633; x_wconf 90' lang='lat' dir='ltr'>per</span> <span class='ocrx_word' id='word_1_310' title='bbox 784 4551 869 4634; x_wconf 91' lang='lat' dir='ltr'>ipsos</span> <span class='ocrx_word' id='word_1_311' title='bbox 895 4553 1046 4618; x_wconf 83' lang='lat' dir='ltr'>exhibere</span> <span class='ocrx_word' id='word_1_312' title='bbox 1072 4559 1226 4632; x_wconf 79' lang='lat' dir='ltr'>assumta,</span> <span class='ocrx_word' id='word_1_313' title='bbox 1243 4559 1323 4620; x_wconf 91' lang='lat' dir='ltr'>tnnc</span> <span class='ocrx_word' id='word_1_314' title='bbox 1339 4577 1373 4620; x_wconf 91' lang='lat' dir='ltr'>sc</span> <span class='ocrx_word' id='word_1_315' title='bbox 1390 4553 1474 4619; x_wconf 86' lang='lat' dir='ltr'>exbi-</span> 
     </span>
     <span class='ocr_line' id='line_1_39' title="bbox 343 4651 1565 4742; baseline 0.012 -28"><span class='ocrx_word' id='word_1_316' title='bbox 343 4651 417 4716; x_wconf 89' lang='lat' dir='ltr'>bere</span> <span class='ocrx_word' id='word_1_317' title='bbox 442 4673 505 4716; x_wconf 93' lang='lat' dir='ltr'>non</span> <span class='ocrx_word' id='word_1_318' title='bbox 531 4675 623 4736; x_wconf 91' lang='lat' dir='ltr'>posse</span> <span class='ocrx_word' id='word_1_319' title='bbox 648 4655 859 4738; x_wconf 83' lang='lat' dir='ltr'>affirmarent,</span> <span class='ocrx_word' id='word_1_320' title='bbox 877 4661 932 4726; x_wconf 88' lang='lat' dir='ltr'>sed</span> <span class='ocrx_word' id='word_1_321' title='bbox 952 4661 994 4726; x_wconf 90' lang='lat' dir='ltr'>ad</span> <span class='ocrx_word' id='word_1_322' title='bbox 1020 4661 1255 4730; x_wconf 89' lang='lat' dir='ltr'>exhibicionem</span> <span class='ocrx_word' id='word_1_323' title='bbox 1282 4663 1475 4742; x_wconf 87' lang='lat' dir='ltr'>eorumdem,</span> <span class='ocrx_word' id='word_1_324' title='bbox 1564 4681 1565 4686; x_wconf 73' lang='grc'>’</span> 
     </span>
    </p>
   </div>
   <div class='ocr_carea' id='block_1_3' title="bbox 0 0 1605 5460">
    <p class='ocr_par' dir='ltr' id='par_1_3' title="bbox 0 0 1605 5460">
     <span class='ocr_line' id='line_1_40' title="bbox 0 0 1605 5460; baseline 0 0"><span class='ocrx_word' id='word_1_325' title='bbox 0 0 1605 5460; x_wconf 95' lang='lat' dir='ltr'> </span> 
     </span>
    </p>
   </div>
  </div>
 </body>
</html>
