3138 5462
531 461 625 523 1347.
642 477 712 522 sor.
731 465 785 560 3.ἱ
1148 427 1212 526 lazi

94 638 237 704 cambium
251 637 463 721 possessionis
480 637 598 720 regalis
615 637 717 723 Olazy
735 645 845 704 vocate
862 642 895 706 in
912 639 1069 706 comitatu
1093 640 1211 705 Zemli-

95 749 183 812 nicusi
198 747 364 812 existentis
380 745 477 829 regiis
501 746 650 812 manibus
668 747 879 828 devenissent,
904 757 1070 836 tamquam
1087 750 1126 813 de
1142 751 1211 814 iure

93 862 185 920 nostre
200 854 365 920 collacioni
381 854 589 937 pertinentes,
606 877 625 919 a
642 855 734 921 nobis
753 856 814 922 sibi
831 859 902 924 dari
929 865 962 924 et
987 859 1123 924 conferri
1140 879 1211 942 per-

91 970 175 1046 petuo
190 961 384 1046 postulavit3
408 963 521 1046 itaque
537 983 595 1027 nos
612 964 667 1043 qui
683 963 722 1028 de
733 965 845 1030 innata
871 967 972 1048 regali
989 967 1111 1050 pietate
1129 989 1206 1048 quo·

90 1068 228 1134 numlibet
243 1067 417 1134 fidelitates
433 1075 466 1134 et
482 1070 617 1134 servicia
633 1071 740 1135 animo
766 1073 917 1138 debemus
942 1073 1051 1138 metiri
1066 1073 1210 1157 pietatis,
1233 1152 1234 1156 Ἰ

90 1179 217 1262 pensatis
241 1183 276 1242 et
301 1177 542 1260 circumspectis
567 1177 777 1244 fidelitatibus
803 1185 835 1244 et
860 1181 1068 1247 serviciornm
1100 1181 1209 1246 laude·

91 1287 184 1369 dignis
200 1284 325 1350 meritis
342 1287 557 1368 prenominati
568 1288 713 1370 magistri
724 1289 815 1353 Petri
826 1289 904 1354 dicti
915 1289 1074 1372 Paharus‚
1092 1289 1210 1370 quibus

90 1397 215 1478 primum
231 1444 238 1460 .
256 1445 263 1456 .
280 1393 407 1460 Karolo
423 1396 492 1477 regi
501 1398 588 1478 patri
604 1399 714 1461 nostro
731 1446 738 1460 .
755 1446 762 1461 .
777 1397 848 1481 ipso
865 1405 994 1481 sceptra
1010 1398 1101 1481 regni
1115 1397 1210 1462 Hun-

91 1503 180 1586 garici
204 1501 414 1568 laudabiliter
438 1509 607 1586 portante,
633 1511 777 1588 tempore
802 1512 911 1571 nostre
936 1506 1076 1570 infancie
1101 1511 1211 1570 noster

90 1611 265 1694 pedagogus
281 1611 455 1694 existendo,
471 1617 504 1676 et
520 1612 649 1678 demum
665 1612 749 1694 dicto
765 1619 860 1696 patre
870 1619 985 1679 nostro
1001 1613 1108 1678 divino
1125 1619 1209 1678 nutu

91 1719 321 1802 superveniente
337 1719 481 1784 debitum
505 1721 689 1786 exsolvente
705 1723 807 1787 omnis
824 1723 938 1801 carnis,
955 1723 1046 1790 nobis
1062 1724 1212 1786 continue

90 1826 308 1892 collateraliter
318 1829 351 1892 in
361 1829 487 1892 cunctis
497 1828 614 1896 nostris
625 1835 656 1894 et
665 1830 757 1912 regni
768 1831 870 1894 nostri
881 1831 1030 1914 negociis,
1047 1832 1211 1914 prosperis

91 1936 201 2017 pariter
216 1941 249 1999 et
264 1935 406 2002 adversis
421 1935 549 2000 fortune
559 1937 685 2002 casibus
702 1958 735 2002 se
752 1959 914 2021 exponens
931 1939 1056 2004 studuit
1073 1938 1212 2022 compla-
1294 1965 1301 1979 ’

90 2064 152 2108 cero
168 2049 247 2108 etse
263 2043 397 2108 reddere
423 2047 605 2128 graciosum
632 2045 743 2130 utique
769 2053 802 2111 et
826 2043 1000 2130 acceptum,
1027 2047 1211 2130 specialiter

91 2152 220 2217 serviciis
236 2153 338 2235 ipsius
354 2153 503 2236 magistri
514 2153 606 2218 Petri
616 2153 693 2218 dicti
710 2154 860 2220 Pabarus
875 2153 1078 2238 laudedignis
1095 2161 1128 2220 et
1145 2157 1212 2222 suis

91 2262 215 2345 posteris
231 2281 295 2326 uon
311 2261 473 2327 immerito
493 2263 708 2346 predicandis,
733 2263 855 2328 scilicet
879 2265 912 2327 in
932 2263 1076 2328 exercitu
1101 2270 1211 2328 nostro

91 2371 166 2437 circa
180 2393 269 2436 mare
286 2379 361 2436 ante
376 2371 402 2436 J
404 2371 518 2436 adram
543 2373 705 2436 ciuitatem
730 2378 873 2437 nostram
891 2379 1003 2438 contra
1021 2373 1211 2436 Weneccni-

91 2501 171 2544 enses
181 2481 254 2545 iura
265 2485 375 2544 nostra
391 2481 515 2562 regalia
531 2480 623 2545 avide
633 2486 827 2564 usurpantes
841 2481 961 2558 habito,
973 2503 1046 2546 cum
1057 2479 1213 2545 effusione

91 2589 132 2652 sui
148 2589 307 2670 sanguinis
324 2595 356 2652 et
372 2587 495 2652 excidio
512 2609 554 2652 ac
576 2609 652 2654 nece
669 2589 718 2652 sui
734 2588 847 2653 famuli
866 2590 1082 2672 inconspectu
1102 2593 1211 2652 nostre

91 2696 257 2760 maiestatis
274 2695 666 2774 exhibitis'recordantes,
691 2697 724 2759 iu
744 2695 919 2776 aliqualem
936 2696 1209 2780 recompensacio·

93 2827 157 2868 nem
172 2811 219 2868 tot
231 2811 263 2868 et
274 2809 437 2868 tantorum
455 2803 661 2868 serviciorum
677 2805 829 2882 eiusdem,
843 2803 962 2868 dictam
978 2806 1211 2886 possessionem

90 2915 170 2996 Copp
195 2919 344 2978 vocatam
375 2933 447 2977 cum
473 2913 539 2976 suis
566 2913 772 2994 pertinenciis
798 2911 1003 2995 quibuslibet,
1029 2911 1213 2996 specialiter

90 3046 155 3088 cum
169 3023 236 3090 loco
252 3022 330 3088 dicti
346 3023 446 3088 castri
462 3022 615 3105 Megloch
632 3021 691 3087 sub
708 3024 774 3088 suis
799 3024 883 3088 veris
908 3025 1002 3088 metis
1019 3031 1051 3088 et
1066 3025 1212 3107 antiquis

90 3129 199 3210 quibus
223 3130 379 3196 hacteuus
404 3151 549 3212 possesse
565 3129 769 3210 exst'terunt,
795 3135 892 3214 prout
917 3137 1025 3196 nostre
1045 3131 1212 3196 collacioni

90 3239 240 3320 pertinere
257 3237 476 3314 dinoscuntur,
493 3237 596 3302 eidem
622 3238 778 3319 magistro
794 3238 896 3302 Petro
913 3238 1001 3304 dicto
1017 3238 1165 3304 Pabarus
1181 3245 1214 3303 et

89 3367 142 3428 per
156 3369 226 3410 eum
244 3347 312 3411 suis
329 3344 501 3410 heredibus
519 3395 525 3408 .
542 3397 549 3410 .
566 3365 644 3410 nove
672 3345 862 3411 donacionis
879 3352 986 3410 nostre
1002 3347 1097 3410 titulo
1139 3346 1213 3410 ‚do-

89 3455 227 3519 navimus
253 3459 410 3536 perpetuo
427 3505 434 3517 .
451 3501 458 3515 .
475 3452 684 3535 possidendas
701 3501 731 3516 ..
758 3453 797 3516 de
822 3452 1025 3535 beneplacita
1049 3451 1214 3516 voluntate

89 3563 284 3628 serenissime
301 3561 492 3644 principisse
518 3561 644 3625 domine
661 3559 832 3625 Elisabeth
847 3562 958 3643 regine
974 3560 1146 3643 Hungarie
1163 3581 1214 3643 ge-

88 3671 204 3734 nitricis
222 3675 332 3734 nostre
349 3719 355 3732 .
373 3720 379 3732 .
397 3689 435 3733 ac
450 3668 489 3732 de
507 3667 639 3733 consilio
655 3668 853 3750 prelatorum
870 3674 902 3731 et
918 3667 1074 3732 baronum
1092 3674 1214 3731 nostro·

87 3801 155 3844 rum
170 3785 368 3862 prematurO,
394 3779 462 3842 siue
488 3783 597 3842 tamen
621 3775 798 3860 preiudicio
823 3775 904 3840 iuris
931 3777 1038 3841 alieni.
1065 3777 1106 3840 In
1122 3776 1212 3839 ouius

87 3888 130 3952 rei
147 3889 332 3952 memoriam
348 3885 601 3967 firmitatemque
627 3893 819 3968 perpetuam
844 3891 1009 3968 presentes
1026 3885 1128 3948 eidem
1145 3903 1210 3947 ma·

87 3995 184 4077 gistro
199 3997 299 4060 Petro
315 3995 528 4058 concessimus
544 3992 655 4057 literas
675 3997 802 4056 nostras
819 3990 1035 4074 privilegiales
1052 3989 1212 4074 dupplicis

88 4103 180 4185 sigilli
197 4103 300 4168 nostri
317 4101 473 4166 autentici
489 4101 666 4165 munimine
683 4099 859 4164 roboratas
885 4098 1009 4163 Datum
1026 4119 1084 4180 per
1100 4117 1214 4160 manus

87 4211 280 4294 ..magistri
296 4209 474 4274 Tatamerii
491 4205 644 4272 Albensis
670 4205 802 4271 ecclesie
827 4204 983 4288 prepositi
1008 4204 1081 4268 aule
1107 4209 1214 4268 nostre

87 4317 337 4384 vicecancellarii
370 4367 377 4380 .
412 4367 418 4380 .
450 4335 535 4379 anuo
567 4314 687 4378 domini
727 4313 779 4378 M⁰
808 4308 906 4376 000ο
931 4311 1037 4375 XLm⁰
1069 4310 1213 4393 septimo,

87 4429 196 4510 quinto
211 4446 315 4489 nonas
331 4421 491 4500 Octobris,
507 4423 599 4505 regui
615 4426 724 4486 autem
740 4420 842 4483 nostri
858 4439 943 4483 auno
959 4423 1062 4497 sexto;
1085 4437 1214 4481 venera.

87 4533 201 4598 bilibus
227 4534 261 4596 in
287 4528 418 4596 Christo
443 4527 590 4612 patribus
622 4527 758 4592 dominis
785 4524 974 4591 Obanadiuo
1001 4523 1215 4606 strigoniensi

86 4642 208 4725 locique
226 4639 371 4704 eiusdem
387 4639 501 4703 comite
518 4642 681 4722 perpetuo,
699 4633 863 4718 Stephano
879 4633 1054 4712 Oolocensi,
1078 4630 1215 4698 Nicolao
