3188 5476
691 553 877 598 insonnem
894 537 1106 596 (sarriensis

855 807 931 868 363.

338 969 651 1054 !.3:52.13e‹l‹1,m‹1'j.
680 971 730 1030 16.
758 969 785 1030 I.
804 967 905 1053 Lojos
932 967 1042 1052 kirrHy
1059 967 1247 1053 orepbcppjc
1272 965 1391 1030 Tarnis
1417 991 1467 1028 or-

334 1075 558 1162 szripbc'rrimrb,
584 1079 664 1162 kopp
690 1101 709 1139 o
735 1077 844 1161 kar-cip
873 1076 983 1140 Oloszi
1008 1083 1088 1138 arcii
1114 1075 1254 1138 birtoka‘t
1275 1076 1368 1162 Καρὶ
1385 1083 1463 1136 nerii

333 1185 485 1248 bercoboc
503 1184 660 1248 Fccbbob
672 1183 781 1264 ficosi
798 1182 970 1246 La'szlrivcl
988 1185 1190 1247 cosciacensi
1207 1184 1406 1261 aleses-clean,
1426 1205 1465 1244 aa

332 1294 402 1356 ezelo
420 1293 496 1356 clleo
516 1292 626 1356 Labai
654 1292 714 1356 Pa'l
746 1293 827 1355 ‹iltal
856 1291 965 1356 Olcszi
994 1299 1073 1354 ize-nii
1098 1292 1204 1355 hirini·
1229 1293 1467 1356 irrintindt'iott

740 1410 814 1487 peri
830 1401 997 1463 balaszszc
1014 1401 1049 1461 cl.

439 1564 620 1630 Lodoviens
637 1615 667 1630 ..
691 1587 747 1630 rex
764 1613 794 1628 ..
819 1565 929 1631 comiti
955 1565 1077 1629 Thome
1109 1564 1208 1629 indici
1241 1567 1330 1629 curie
1359 1571 1471 1628 nostre

333 1681 365 1738 et
380 1673 463 1738 vices
479 1679 601 1738 vestras
627 1674 752 1756 gerenti
769 1725 798 1738 ..
823 1671 996 1751 Noveritis‚
1023 1674 1109 1756 quod
1134 1673 1211 1756 quia
1230 1694 1288 1736 nos
1309 1674 1469 1754 possessi·

332 1805 426 1847 onem
440 1780 541 1866 Olazy
557 1787 702 1847 vocatam
718 1782 873 1847 Ladislao
889 1780 955 1846 filio
971 1781 1135 1846 Fenldrioi
1153 1786 1185 1844 et
1201 1779 1376 1845 Feuldrico
1394 1779 1467 1845 Cle

331 1891 430 1956 menti
448 1897 480 1954 eb
504 1890 617 1954 Blasio
642 1887 718 1954 filiis
743 1889 841 1967 Bake,
867 1891 966 1954 Petro
990 1889 1056 1953 filio
1081 1888 1253 1964 consonis,
1277 1887 1383 1953 Panlo
1401 1887 1469 1952 filio

333 1998 438 2064 Blasii
456 2004 489 2063 et
509 1997 674 2082 Stephano
700 1998 766 2062 filio
792 1996 920 2062 Nicolni
948 1998 981 2061 in
1002 1996 1225 2062 concambium
1250 1997 1465 2078 possessionis

331 2107 429 2190 Kapy
445 2113 555 2171 vocate
571 2107 773 2183 contulimus,
789 2106 862 2170 ideo
879 2157 884 2169 .
903 2155 909 2167 .
933 2105 1134 2186 mandamus,
1153 2111 1313 2184 qnatenus
1334 2123 1468 2168 eausam

332 2237 431 2298 quam
447 2215 570 2280 Paulus
590 2215 674 2280 filius
702 2214 727 2278 J
728 2214 864 2279 ohannis
880 2213 919 2278 de
940 2213 1035 2278 Lnka
1061 2233 1157 2296 super
1178 2212 1263 2276 facco
1289 2217 1468 2276 memoraie

331 2322 540 2406 possessionis
557 2321 658 2405 Olazy
684 2323 717 2386 in
742 2321 947 2403 presentibus
973 2321 1093 2386 octavis
1119 2320 1192 2384 festi
1218 2319 1305 2384 beati
1332 2316 1468 2402 Georgii

330 2431 481 2496 marbiris
498 2429 596 2494 vestri
612 2429 644 2493 in
656 2430 823 2513 presencia
840 2434 952 2492 contra
962 2429 1049 2511 ipsos
1060 2428 1180 2493 habere
1190 2426 1379 2508 dinoscitur,
1396 2427 1468 2492 abs·

330 2561 393 2621 que
426 2539 538 2619 aliquo
555 2539 740 2620 gravamine
766 2538 806 2601 ad
826 2544 955 2604 octavas
981 2536 1054 2601 festi
1079 2535 1251 2602 Michaelis
1277 2535 1469 2618 archangeli

331 2647 473 2730 proxime
490 2667 575 2710 nunc
590 2645 747 2710 affuturas
772 2651 859 2710 statu
886 2647 919 2708 in
946 2645 1057 2709 eodem
1080 2665 1255 2728 prorogare
1272 2643 1443 2709 debeatis.
1463 2693 1469 2704 .

331 2755 454 2820 Datum
470 2754 573 2831 Bude,
584 2755 616 2817 in
633 2753 743 2836 vigilia
758 2753 833 2817 festi
846 2751 1055 2818 Ascensionis
1073 2751 1202 2832 domini,
1222 2773 1308 2817 anno
1325 2751 1470 2816 eiusdem

331 2862 405 2926 Μ’ῃο
422 2859 543 2930 OOO¹¹¹⁰
560 2861 626 2926 ΙΝ)
646 2861 794 2926 secundo.

438 3027 566 3090 Papiron,
579 3025 726 3089 hatlapjan
739 3027 819 3073 vbrbs
833 3024 945 3074 viaszba
958 3027 1088 3086 nyomott
1109 3027 1212 3088 gyi'rriis
1233 3023 1385 3086 pecset1013
1407 3037 1468 3072 ore·

332 3115 416 3180 detije
426 3133 458 3166 az
472 3131 542 3168 orsz.
553 3117 664 3166 ltarban
675 3132 692 3166 a
706 3116 827 3178 assessis
841 3131 876 3165 os.
887 3114 973 3165 latete
979 3114 1140 3178 menyeben.
1152 3115 1233 3164 Kozli
1246 3132 1250 3163 :
1262 3115 1341 3164 Deak
1351 3113 1470 3162 Fnrkas.

860 3463 935 3522 364.

334 3603 428 3666 1352.
455 3607 532 3688 rndj.
561 3603 611 3663 17.
637 3612 666 3663 A
693 3607 812 3685 saepcsi
827 3601 986 3686 bripiolcn
1013 3602 1083 3664 elba
1101 3601 1320 3686 Mc'iya'cfciri
1348 3601 1471 3664 Mikids

324 3711 392 3790 fici
407 3707 523 3792 Jozscf
536 3713 565 3768 c's
582 3709 726 3786 Jordan,
744 3705 850 3792 Gor-pc
866 3716 946 3769 vrrccr'i
963 3707 1131 3770 biriokbcn
1150 3731 1206 3794 epp
1227 3715 1321 3771 caric
1340 3709 1402 3784 fele
1422 3716 1471 3772 νί-

420 3821 481 3880 sze‘b
499 3815 616 3901 Gb'rpei
633 3815 969 3894 Henczmcnnfirirmk
989 3816 1198 3880 Harmasnck
1215 3817 1362 3902 elarijrile.

442 3977 511 4043 Nos
528 3980 706 4062 capitulum
724 3979 855 4043 ecclesie
871 3980 958 4043 beati
970 3978 1106 4044 Martini
1124 3976 1165 4042 de
1182 3977 1303 4060 Scepns
1321 4029 1328 4042 .
1347 4031 1353 4042 .
1370 3981 1473 4062 signi-

326 4088 463 4152 ficamus
480 4135 486 4150 .
504 4139 510 4152 .
536 4088 621 4169 quod
638 4086 663 4150 J
664 4089 762 4170 oscph
779 4095 809 4151 ct
834 4087 858 4151 J
860 4089 1000 4152 ordanus
1019 4085 1077 4149 filii
1094 4085 1220 4151 Nicolai
1247 4087 1287 4150 de
1303 4084 1471 4153 Mathias·

332 4195 418 4261 salva
443 4197 475 4260 in
501 4194 602 4258 nostri
628 4194 841 4276 personaliter
866 4194 1033 4259 constituti
1055 4194 1263 4276 presenciam,
1290 4201 1368 4259 sunt
1392 4215 1472 4260 con-

332 4302 407 4367 fessi
425 4355 431 4367 .
449 4353 455 4365 .
480 4304 564 4384 qnod
580 4304 719 4368 mediam
736 4305 857 4368 curiam
875 4304 1016 4385 ipsorum
1033 4322 1130 4384 penes
1151 4303 1276 4366 curiam
1293 4303 1385 4368 Petri
1406 4303 1473 4388 Cp-

332 4434 387 4476 zar
404 4413 436 4474 in
453 4411 651 4493 possessione
668 4409 807 4493 Gargow
822 4411 925 4487 sibam,
941 4432 1013 4474 cnm
1039 4410 1181 4492 quinque
1198 4409 1364 4494 iugeribus
1378 4419 1474 4478 terre

333 4517 495 4602 adipeam
512 4519 745 4601 pertinentibus
763 4541 799 4582 ac
825 4518 972 4582 omnibns
989 4567 995 4579 .
1014 4569 1019 4580 .
1044 4517 1274 4600 pertinenciis.
1294 4571 1300 4583 .
1324 4519 1474 4586 Hannus

333 4627 399 4691 filio
417 4628 638 4694 Henczmanni
654 4629 693 4692 de
709 4629 820 4692 eadem
837 4625 976 4710 Gorgon
993 4647 1050 4709 pro
1075 4627 1188 4708 quinta
1204 4628 1341 4692 dimidia
1355 4651 1475 4696 marra

334 4757 519 4818 grossorum
536 4736 741 4800 denariorum
758 4783 764 4797 .
782 4789 788 4800 .
812 4735 1024 4800 vendiderunt
1040 4755 1146 4798 coram
1164 4733 1264 4814 nobis,
1281 4734 1393 4801 sibiet
1412 4759 1476 4821 per
