3180 5470
303 556 368 615 462
656 570 840 615 ausouuour
858 557 1072 614 orsulnrrls.

298 727 444 814 (Suluh),
470 750 601 794 uxorem
626 728 760 814 Georgii
776 730 814 794 de
841 731 954 796 Somos
965 729 1125 815 (Sumus),
1149 739 1181 796 et
1206 732 1280 796 aliis
1308 731 1439 796 filiabus

298 840 374 916 suis,
397 839 527 903 racione
558 837 725 902 cuiusdam
751 838 841 902 vinee
877 840 909 902 in
934 841 1101 904 territorio
1128 839 1266 904 civitatis
1294 839 1438 922 predicte

298 947 338 1011 de
364 945 491 1030 (Vihel)
514 955 548 1012 et
573 948 606 1010 in
623 947 840 1030 promontorio
866 948 1045 1030 Mogosheg
1071 948 1271 1022 existentem,
1297 967 1356 1028 per
1382 946 1438 1010 do

301 1056 421 1120 minam
438 1056 661 1137 Margaretam
689 1055 825 1133 nomine,
850 1057 997 1122 relictam
1023 1057 1160 1139 predicti
1187 1055 1306 1120 Jacobi
1323 1062 1356 1119 et
1371 1055 1437 1118 fra-

299 1164 359 1228 tris
375 1161 538 1228 Johannis
553 1162 613 1227 lilii
629 1162 678 1226 sui
695 1185 752 1245 pro
769 1163 909 1228 remedio
926 1165 1106 1228 animarum
1117 1169 1289 1246 parentum
1305 1185 1438 1228 suorum

300 1292 360 1354 pro
376 1276 570 1336 testamento
596 1271 709 1336 ultimo
737 1270 779 1335 ad
810 1271 977 1337 ecclesiam
1003 1271 1091 1336 beati
1110 1272 1221 1355 Egidii
1247 1271 1439 1338 confessoris

300 1379 448 1462 delegata
465 1386 545 1454 erat,
561 1400 660 1462 super
676 1399 747 1443 eam
779 1379 859 1444 feria
876 1379 1016 1445 secunda
1046 1379 1193 1462 proxima
1218 1387 1292 1462 post
1308 1385 1440 1444 octavas

300 1486 389 1551 beati
406 1485 540 1569 Georgii
568 1487 711 1551 martiris
738 1485 893 1552 Nicolaus
919 1489 1007 1571 prior
1031 1487 1197 1570 predictus
1222 1487 1338 1552 literas
1365 1509 1440 1551 suae

301 1617 397 1678 super
435 1595 521 1660 lacta
561 1594 766 1678 delegacione
806 1595 956 1658 exhibere
997 1603 1197 1660 assumserat
1236 1615 1346 1660 coram
1381 1615 1435 1660 no·

300 1704 367 1785 bis;
398 1706 468 1787 ipso
485 1703 621 1768 termino
637 1703 826 1768 adveniente
851 1703 1004 1782 exhibuit,
1030 1700 1151 1787 (nobis)
1168 1703 1281 1768 literas
1307 1703 1436 1768 Micha-

300 1813 359 1877 elis
384 1811 513 1895 plebani
538 1811 620 1876 bone
645 1813 797 1876 memorie
822 1812 924 1875 nostri
941 1812 1163 1892 antecessoris,
1180 1831 1320 1894 quarum
1349 1819 1441 1876 tenor

300 1921 377 1986 talis
394 1927 459 1985 est:
486 1917 555 1984 Nos
586 1918 731 1982 Michael
761 1917 919 2001 plebanus
945 1917 984 1982 de
1000 1917 1120 2002 Wyhel
1136 1919 1195 1982 stb.
1212 1915 1248 2002 (l.
1264 1918 1333 1983 ΙΠ.
1351 1917 1441 1984 kotet

303 2033 377 2093 265.
403 2026 439 2111 l.)
471 2028 627 2092 Preterea
653 2026 737 2090 idem
764 2024 920 2090 Nicolaus
951 2027 1041 2108 prior
1072 2026 1254 2108 sepedictus
1287 2027 1440 2090 comitem

304 2137 412 2201 Petew
428 2136 551 2200 dictum
568 2131 669 2200 Orros
686 2139 719 2198 et
735 2132 835 2198 alium
860 2132 968 2197 Petew
993 2132 1126 2198 fratrem
1152 2133 1316 2198 dohannis
1336 2153 1441 2197 sacer-

304 2245 388 2310 dotis
405 2245 490 2309 vivos
507 2250 608 2309 testes
624 2243 747 2322 statuit,
764 2243 819 2325 qui
837 2240 986 2306 similiter
1011 2247 1249 2324 proposuerunt
1266 2263 1341 2306 cum
1367 2241 1442 2306 aliis

304 2351 422 2434 probis
439 2353 525 2436 quod
541 2351 719 2436 predictum
744 2355 974 2416 testamentum
992 2369 1099 2415 eoram
1117 2351 1162 2414 eis
1187 2351 1367 2428 extitisset3
1382 2369 1443 2413 nos

302 2461 403 2542 igitur
422 2460 494 2525 visis
511 2459 712 2543 presentibus
729 2479 767 2524 ao
777 2458 937 2542 perlectis,
948 2479 1013 2523 una
1024 2457 1189 2522 nobiscum
1209 2457 1444 2531 assedentibus‚

301 2569 430 2646 justicia
445 2569 605 2632 mediante
621 2575 654 2632 et
670 2568 763 2632 deum
781 2589 837 2651 pre
855 2568 954 2632 oculis
980 2568 1098 2632 nostris
1124 2567 1280 2648 habendo,
1297 2569 1384 2632 siout
1409 2568 1443 2630 in

302 2677 407 2742 literis
423 2677 576 2761 predictis
593 2675 827 2758 continebatur,
845 2677 1043 2760 sepedictam
1059 2676 1185 2740 vineam
1202 2697 1274 2740 cum
1290 2676 1359 2740 suis
1376 2675 1443 2738 uti-

303 2784 459 2864 litatibus,
477 2785 625 2850 videlicet
640 2783 809 2862 fructibus,
827 2785 922 2850 terris
947 2783 1166 2868 superioribus
1183 2788 1215 2847 et
1231 2783 1445 2848 inferioribus

301 2893 343 2958 ad
368 2893 502 2959 eandem
526 2895 651 2958 vineam
675 2892 920 2976 pertinentibus,
937 2893 1080 2976 predicte
1105 2893 1238 2958 ecclesie
1264 2893 1297 2956 in
1324 2911 1441 2974 perpe·

303 3009 395 3065 tuum
412 3001 583 3066 statuimus
599 3001 678 3064 iuris
695 3000 806 3064 ordine
832 3001 1002 3080 mediante,
1020 2999 1077 3063 tali
1094 3001 1196 3081 modo,
1222 2998 1308 3083 quod
1334 2999 1361 3064 si
1385 2999 1446 3080 qui

304 3110 433 3174 racione
450 3110 539 3173 vinee
557 3109 700 3192 predicte
717 3129 847 3174 causam
881 3115 1029 3184 moveret
1055 3115 1170 3172 extunc
1195 3107 1360 3172 calumnia
1375 3107 1445 3168 rin-

308 3223 435 3281 oeretur
452 3238 488 3280 eo
505 3215 599 3282 facto.
625 3215 751 3282 Datum
766 3218 905 3280 termino
921 3221 1101 3300 prenotato,
1118 3237 1202 3281 anno
1227 3216 1347 3281 domini
1365 3216 1445 3280 Μ11110

301 3323 421 3390 000ωο
437 3325 503 3390 Lm⁰
519 3326 630 3408 primo.

412 3487 563 3551 Hbtlapjirn
578 3486 886 3552 pecsettdredelreit'013
905 3487 1036 3550 eredetije
1059 3488 1106 3538 ket
1120 3487 1296 3552 peldanyban
1319 3501 1351 3536 aa
1365 3501 1440 3536 orsz.

305 3580 336 3628 lt.
351 3579 449 3628 kinest.
461 3586 528 3629 oszt.
538 3580 617 3628 Paul.
628 3578 740 3642 Ujhely.
756 3583 797 3628 20.
814 3584 837 3628 1.
851 3583 874 3627 2.
888 3577 955 3642 dipl.
978 3583 1045 3627 oszt.
1060 3581 1138 3627 4164.
1152 3577 1252 3627 Kozli:
1276 3577 1385 3626 Koraos
1398 3577 1436 3626 N.

788 3737 947 3744 ...ψ-

830 3907 903 3968 282.

307 4067 401 4131 1351.
418 4069 495 4152 mdj.
514 4071 541 4131 2.
560 4067 588 4131 A
607 4065 706 4130 dadai
716 4065 874 4148 kdptalaa
885 4065 956 4128 altu
969 4063 1105 4127 Edele'ni
1119 4065 1233 4128 Ldszlc
1242 4064 1358 4148 lednya
1375 4061 1443 4126 Er-

304 4176 403 4240 zaebet
419 4199 565 4260 ostrow,
583 4175 752 4240 Kellemesi
763 4173 927 4237 Demoleos
954 4174 1033 4256 aeje,
1060 4171 1151 4257 Scap
1176 4179 1258 4236 aeull
1282 4171 1443 4236 birtolcddl

303 4308 341 4348 aa
366 4288 481 4370 anyja,
506 4284 665 4348 volamiat
696 4283 878 4367 nappae‘uje
904 4286 981 4346 alda
1002 4289 1033 4343 dt
1049 4281 1137 4344 illato
1153 4281 1268 4344 tinto-i
1292 4283 1324 4344 e's
1349 4281 1443 4362 saja't

303 4394 437 4478 rrepyedi
466 4391 658 4477 illeliieo'pe're
684 4394 775 4456 adaco
804 4389 949 4454 Erzse'bet
974 4389 1128 4473 lcirdlyne‘
1159 4386 1241 4452 oleat
1274 4394 1444 4452 censorem

663 4499 833 4564 morltdval
850 4496 1065 4581 ltielripittetr'lr.

414 4643 600 4728 Capitulum
619 4645 751 4709 ecclesie
767 4641 928 4708 Budensis
945 4695 951 4708 .
969 4694 975 4707 .
1000 4640 1042 4706 ad
1065 4642 1307 4705 universorum.
1325 4691 1331 4703 .
1357 4641 1442 4704 noti·

305 4753 387 4817 ciam
406 4801 436 4815 ..
461 4753 607 4816 volumus
624 4753 800 4836 pervenire,
827 4749 911 4833 quod
938 4747 1038 4813 nobili
1064 4747 1194 4812 domina
1211 4797 1241 4813 ..
1267 4745 1442 4812 Elisabeth
