3192 5466
238 453 244 466 ι
317 475 381 550 192
675 493 861 550 insonnem
877 479 1091 549 ortuisrrlrt.

307 667 461 751 predictis
487 667 639 752 proximis
665 663 731 734 suis
749 715 755 729 .
773 715 779 730 .
797 672 888 749 parte
913 663 954 730 ab
979 665 1092 742 altera,
1117 665 1158 730 ad
1184 673 1328 732 nostram
1353 679 1440 730 acce·

308 763 419 841 dentes
436 777 645 860 presenciam,
662 775 775 840 literas
801 775 954 858 sepedicti
980 775 1116 858 capituli
1132 774 1265 840 ecclesie
1281 774 1441 840 Budensis

307 885 511 949 memoriales
532 884 623 948 nobis
648 890 875 968 presentarunt
900 885 1109 960 continentes,
1134 883 1219 966 quod
1235 883 1342 966 ipsum
1359 883 1442 965 capi·

308 994 412 1058 tulum
429 992 582 1058 Budense
599 1044 605 1057 .
622 1043 628 1056 .
646 1014 719 1056 cum
736 991 840 1055 Paulo
858 992 943 1055 dicto
959 991 1049 1056 Zaar
1067 1013 1125 1074 pro
1151 997 1243 1074 parte
1257 991 1348 1055 Petri
1365 990 1442 1054 dicti

311 1101 422 1166 Zudor
439 1107 471 1165 et
486 1101 511 1166 J
512 1101 649 1166 ohannis
666 1097 880 1165 Guthundorf
902 1099 988 1176 dicti,
1012 1107 1045 1164 et
1070 1099 1205 1165 Andrea
1221 1099 1260 1163 de
1276 1099 1369 1183 Kezy
1386 1120 1442 1181 pro

312 1215 405 1292 parte
425 1209 653 1291 magistrorum
679 1207 827 1273 Ladislai
852 1207 931 1271 dicti
956 1206 1051 1285 Zaar,
1075 1206 1221 1290 Eynardi
1237 1214 1270 1270 et
1286 1205 1443 1288 Stephani

313 1317 371 1382 filii
397 1316 545 1383 Ladislai
569 1315 751 1380 horninibus
768 1315 874 1398 regiis,
903 1335 1013 1379 eorum
1037 1314 1230 1380 homines..
1250 1314 1442 1398 magistrum

310 1427 469 1493 Thomam
486 1430 706 1490 succentorem
722 1424 856 1489 ecclesie
874 1425 1019 1507 ipsorum
1045 1430 1078 1488 et
1102 1423 1296 1488 Michaelem
1322 1422 1441 1505 presbi-

311 1542 417 1600 terum
434 1535 557 1618 capelle
576 1533 671 1598 beate
688 1533 876 1616 Margarete
901 1533 1035 1616 virginis
1060 1540 1093 1597 et
1117 1533 1261 1597 martiris
1277 1532 1321 1596 ad
1337 1531 1441 1596 viden·

310 1645 385 1710 dam
402 1643 564 1726 quandam
580 1642 828 1708 iuramentalem
854 1642 1089 1724 deposicionem
1114 1639 1370 1705 infradicendam
1386 1659 1442 1721 pro

309 1752 502 1817 testimoniis
520 1751 686 1815 duxissent
711 1749 928 1832 destinandos
953 1750 1009 1834 qui
1025 1749 1154 1814 demum
1178 1749 1221 1812 ad
1245 1769 1299 1812 eos
1324 1749 1441 1811 reversi

309 1861 387 1943 ipsis
403 1858 603 1924 concorditer
618 1857 812 1934 retulissent,
829 1858 915 1939 quod
931 1857 964 1921 in
981 1855 1151 1939 quindenis
1166 1855 1241 1920 festi
1258 1855 1346 1919 trosti
1357 1855 1442 1920 Mar-

309 1969 371 2033 tini
388 1966 577 2032 confessoris
594 1967 736 2050 proxime
746 1965 895 2049 preteriti
912 1965 1083 2029 adfaciem
1099 1963 1265 2028 cuiusdam
1281 1963 1440 2045 particule

290 2083 397 2140 »torre
414 2075 553 2158 litigiose
569 2075 654 2138 inter
669 2074 886 2156 possessiones
903 2072 1026 2138 Prebor
1051 2073 1279 2155 magistrorum
1296 2069 1441 2135 Ladislai

312 2183 391 2247 dieti.
407 2182 504 2262 Zaar,
521 2181 666 2266 Eynardi
678 2163 716 2245 'et
731 2181 887 2264 Stephani
904 2179 961 2244 filii
986 2179 1140 2261 Ladislai,
1156 2185 1189 2243 et
1205 2177 1330 2263 Tynnie
1348 2177 1443 2242 dicto·

314 2313 386 2356 rum
401 2289 493 2355 Petri
509 2289 588 2354 dicti
604 2289 716 2355 Zudor
727 2295 760 2354 et
770 2287 795 2352 J
796 2289 932 2353 ohannis
949 2285 1163 2352 Guthundorf
1175 2285 1252 2350 dicti
1270 2285 1443 2362 existentia,

315 2399 348 2462 in
364 2397 501 2480 triginta
525 2418 580 2461 sex
606 2397 722 2462 marcis
748 2397 904 2473 estimato,
928 2395 1005 2460 silve
1022 2400 1055 2458 et
1080 2394 1245 2486 uinearum
1263 2395 1296 2457 in
1313 2399 1440 2456 centum

310 2505 427 2569 marcis
443 2505 674 2582 estimatarnm,
690 2503 838 2569 similiter
854 2503 1070 2586 litigiosarum
1086 2501 1302 2577 accessissent,
1319 2508 1352 2566 et
1369 2522 1440 2583 pre·

315 2612 392 2676 dicti
408 2613 557 2695 magistri
573 2611 746 2677 Ladislaus
762 2612 867 2676 dictus
884 2610 980 2688 Zaar,
1005 2608 1177 2694 Eynerdus
1203 2613 1234 2672 et
1259 2607 1443 2690 Stephanus

311 2719 397 2784 filins
421 2719 569 2784 Ladislai
594 2743 666 2784 cum
691 2741 801 2784 eorum
827 2717 1090 2798 coniuratoribus,
1122 2717 1271 2781 videlicet
1297 2738 1372 2780 curn
1397 2722 1443 2780 tot

313 2829 456 2910 personis
472 2826 632 2893 nobilibus
649 2827 769 2892 eisdem
795 2827 953 2892 similibus
977 2827 1107 2908 inquot
1132 2826 1248 2890 marcis
1274 2829 1443 2907 prenotate

312 2937 475 3018 particula
491 2942 588 3019 terre,
603 2935 694 3000 vinee
705 2943 738 3000 et
748 2935 828 3000 silva
844 2935 986 3018 litigiose
1002 2933 1132 2999 fueraut
1147 2934 1305 3008 estimate,
1322 2931 1444 2996 scilicet

312 3065 384 3108 cum
401 3051 529 3108 centum
545 3051 578 3108 et
594 3045 728 3126 triginta
745 3064 799 3107 sex
815 3042 1007 3119 hominibus,
1024 3043 1058 3106 in
1074 3041 1156 3106 lacie
1172 3041 1316 3104 eiusdem
1344 3038 1442 3122 parti·

313 3151 384 3216 cale
409 3159 494 3216 terre
520 3151 661 3234 litigiose
687 3152 719 3215 in
745 3171 808 3215 uno
834 3149 904 3215 loco
930 3149 1155 3232 comparando,
1178 3145 1442 3212 iuramentum..

313 3259 471 3343 deponere
496 3261 613 3343 promti
639 3259 775 3324 fuissent
801 3265 834 3323 et
858 3259 975 3341 parati,
1008 3257 1063 3321 sed
1095 3260 1229 3339 optenta
1260 3252 1444 3338 paciscendi

312 3367 449 3431 licencia
464 3367 642 3445 iudiciaria,
660 3374 696 3431 ut
712 3367 744 3430 in
761 3367 855 3431 dictis
871 3365 974 3430 literis
990 3364 1108 3428 nostris
1125 3363 1356 3438 contineretur,
1374 3383 1465 3446 pro.

314 3475 428 3539 borum
448 3475 588 3539 virorum
614 3474 846 3556 composicione
872 3479 904 3536 et
930 3469 1134 3535 ordinacione
1150 3469 1446 3550 intervenientibus,

316 3589 450 3666 propter
475 3583 581 3647 future
607 3585 694 3667 pacis
711 3589 743 3646 et
759 3580 994 3664 tranquilitatis
1020 3578 1204 3655 bonitatem,
1227 3577 1367 3660 predicti
1382 3597 1446 3641 ma·

315 3691 408 3772 gistri
433 3689 607 3754 Ladislaus
638 3690 742 3754 dictus
768 3689 864 3765 Zaar‚
889 3687 1061 3772 Eynardus
1087 3693 1120 3751 et
1145 3685 1330 3769 Stephanus
1362 3685 1446 3748 filius

317 3797 463 3862 Ladislai
488 3797 703 3880 personaliter
728 3797 929 3878 adherentes,
953 3795 1089 3860 Nicolao
1121 3794 1204 3858 dicto
1236 3793 1357 3860 Vestes
1389 3813 1445 3875 pro

316 3903 417 3969 Petro
442 3905 529 3970 dicto
546 3905 659 3970 Zudar
675 3955 681 3969 .
700 3906 819 3970 ‚Petro
844 3904 929 3968 dicto
954 3903 1072 3969 Vertes
1098 3924 1156 3986 pro
1182 3901 1336 3966 Johanne
1362 3899 1446 3965 dicto

317 4011 532 4078 Guthnndorf
546 4065 552 4078 .
570 4065 576 4078 .
593 4013 870 4097 comparentibus,
895 4012 1006 4076 taliter
1031 4012 1115 4076 inter
1140 4031 1173 4074 se
1190 4009 1445 4083 concordassent,

315 4171 321 4185 .
340 4173 345 4186 .
363 4123 448 4204 quod
465 4123 643 4205 predictam
659 4123 853 4206 particulam
863 4128 950 4185 terre
966 4119 1149 4202 litigiosam,
1166 4118 1278 4182 silvam
1294 4124 1329 4182 et
1339 4117 1445 4181 vineas

316 4237 503 4312 prenotatas
520 4250 576 4312 per
591 4237 696 4294 metas
713 4228 936 4310 distingendO,
950 4233 985 4291 ut
1001 4225 1086 4290 infra
1102 4225 1296 4306 declaratur,
1320 4231 1445 4307 partem

317 4339 503 4402 earumdem
534 4360 554 4403 a
585 4344 679 4421 parte
710 4337 917 4420 possessionis
948 4335 1072 4400 Prebor
1105 4333 1258 4417 predictis
1283 4334 1446 4416 magistris

316 4445 471 4512 Ladislao
488 4447 573 4512 dicto
591 4447 687 4524 Zaar‚
711 4445 866 4530 Eynardo
883 4452 915 4508 et
931 4444 1096 4526 Stephano
1113 4441 1178 4506 filio
1194 4441 1351 4520 Ladislai,
1371 4442 1446 4506 resi·

316 4555 413 4620 duam
428 4563 553 4638 partem
570 4578 626 4620 seu
643 4556 741 4620 aliam
757 4577 776 4621 a
793 4563 884 4638 parte
910 4553 1118 4638 possessionis
1135 4551 1269 4635 Tynnie,
1286 4551 1445 4635 predictis

316 4663 413 4730 Petro
438 4665 524 4729 dicto
549 4666 658 4730 Zudor
684 4673 717 4729 et
741 4665 885 4730 Johanni
912 4661 1126 4730 Guthnndorl
1148 4661 1241 4746 dicto,
1275 4661 1448 4746 sepedictis
