3138 5462
362 433 424 492 176
695 447 882 494 asrounonr
899 433 1113 496 ounlnrrln.

363 616 495 690 terreae,
519 632 655 693 quarum
681 611 743 675 due
774 611 836 692 ipsi
868 611 1060 694 possessioni
1091 612 1257 692 Tolmaeh,
1284 613 1384 679 tercia
1412 635 1480 677 vero

360 719 553 803 possessioni
587 719 782 804 Komnyati3
814 718 932 784 abhino
957 719 998 784 ad
1024 721 1105 784 alias
1140 726 1205 786 tres
1238 727 1339 786 metas
1364 729 1478 786 terreas

361 829 516 910 premisso
531 825 625 892 modo
651 832 855 910 separantes;
879 827 953 892 inde
968 827 1011 892 ad
1036 828 1117 892 alias
1143 835 1209 894 tres
1234 837 1337 896 metas
1363 837 1477 895 terreas

361 935 471 1000 eodem
502 935 595 1000 modo
627 934 875 1017 distinguentem
909 935 1024 1000 dehine
1054 935 1096 999 ἃᾶ
1127 942 1194 1002 tres
1226 943 1329 1002 metas
1360 944 1476 1004 terreas

360 1044 453 1108 modo
470 1064 533 1128 quo
550 1063 648 1127 snpra
664 1047 829 1108 currentes
846 1048 878 1106 et
893 1043 1138 1131 distinguentem
1154 1045 1230 1108 hino
1245 1045 1287 1109 ad
1302 1051 1369 1110 tres
1384 1054 1481 1112 metas

360 1159 483 1218 terreas
508 1151 619 1216 eodem
643 1151 737 1216 modo
753 1157 958 1234 separantes3
982 1151 1056 1216 inde
1081 1153 1123 1216 ad
1149 1158 1215 1218 tres
1239 1160 1342 1218 metas
1366 1161 1483 1220 terreas

360 1261 508 1326 similiter
524 1260 773 1344 distinguentem
796 1259 927 1324 tandem
952 1261 1039 1325 ultra
1063 1282 1178 1326 venam
1203 1261 1288 1345 Velg
1313 1263 1484 1346 vulgariter

360 1371 480 1435 dietam
497 1373 603 1433 essent
617 1373 684 1432 tres
699 1373 784 1432 mete
794 1373 898 1432 terroe
908 1367 1002 1432 modo
1013 1389 1076 1452 quo
1093 1391 1192 1452 supra
1208 1377 1332 1450 ereete3
1349 1372 1485 1455 posthae

360 1497 456 1562 penes
480 1477 598 1541 vadum
623 1476 836 1542 Horuathreu
861 1477 983 1541 dietum
1015 1477 1164 1542 similiter
1190 1483 1256 1543 tres
1281 1486 1368 1543 mete
1393 1479 1485 1544 habe-

357 1591 480 1663 rentur,
496 1585 588 1650 modo
605 1587 883 1668 supranominato
902 1591 1098 1668 separantes,
1115 1591 1149 1650 et
1164 1585 1208 1650 ibi
1224 1588 1485 1652 terminarentur.

359 1695 449 1758 Mete
481 1699 588 1758 antem
619 1693 827 1776 possessionis
852 1692 1008 1778 Nogzegh
1032 1694 1191 1759 haberent
1222 1716 1352 1760 sursum
1378 1696 1485 1759 ordine

360 1800 586 1882 subsequenti:
621 1800 668 1863 ita
692 1798 857 1882 videlieet,
889 1801 974 1883 quod
1005 1803 1111 1884 prima
1136 1809 1223 1866 mota
1248 1802 1486 1886 inciperetura

360 1917 453 1995 parte
470 1908 620 1974 orientali
636 1908 722 1972 eirea
746 1907 831 1972 riam
852 1909 1013 1990 quondam
1040 1909 1127 1974 infra
1152 1911 1376 1988 transientem,
1399 1911 1485 1975 iusta

359 2027 463 2085 terras
488 2016 627 2082 arabiles
652 2016 806 2081 nobilium
832 2017 871 2081 de
896 2015 1031 2082 Ondroh
1057 2039 1076 2082 a
1101 2018 1226 2084 duabus
1252 2020 1347 2084 metis
1367 2021 1485 2094 terreis,

359 2148 497 2210 quarum
512 2146 577 2189 una
593 2146 613 2188 a
628 2124 855 2207 septemtrione
871 2124 983 2202 habita
999 2132 1164 2208 separaret
1178 2127 1372 2210 possessioni
1388 2128 1486 2192 Korn·

359 2235 449 2319 nyati
474 2232 642 2316 sepedicto,
666 2231 731 2296 alia
756 2251 829 2294 vero
854 2253 874 2295 a
898 2239 992 2316 parte
1016 2233 1219 2298 meridionali
1243 2233 1395 2298 adiacens
1419 2257 1486 2318 pos·

359 2342 492 2406 sessioni
519 2338 675 2422 Nogzegh
700 2344 877 2421 prenotate,
901 2345 933 2402 et
957 2339 1050 2403 ambe
1076 2339 1224 2404 similiter
1250 2360 1361 2404 versus
1386 2343 1485 2406 orien-

360 2457 424 2515 tem
451 2449 685 2532 distingverent
709 2449 903 2531 possessioni
927 2447 1062 2512 Ondroh
1088 2449 1261 2530 antediote;
1286 2449 1403 2514 deinde
1420 2473 1485 2514 cur-

359 2567 445 2624 reret
461 2559 501 2622 ad
526 2557 723 2622 occidentem
750 2556 791 2620 ad
817 2563 955 2639 quatuor
980 2563 1081 2622 metas
1108 2563 1240 2634 terreas,
1264 2577 1403 2639 quarum
1428 2559 1485 2622 duo

357 2690 378 2733 a
402 2673 494 2752 parte
519 2665 722 2730 meridionali
747 2664 857 2729 habite
882 2670 1073 2748 separarent
1104 2667 1295 2749 possessioni
1323 2663 1484 2750 Nokaegh.

358 2776 421 2840 alie
437 2775 498 2838 dne
523 2795 543 2837 a
567 2778 660 2856 parte
686 2772 941 2854 septemtrionali
966 2773 1149 2836 adiacentes
1174 2772 1354 2856 Komnyati
1380 2775 1484 2858 sepius

357 2882 537 2962 nominate,
569 2881 643 2944 inde
674 2881 716 2944 ad
746 2886 813 2946 tres
844 2886 946 2945 metas
978 2887 1099 2945 terreas
1133 2902 1152 2945 a
1183 2887 1285 2967 parte¹
1308 2881 1483 2965 Komnyati

357 2991 540 3068 existentes,
564 2988 678 3053 deinde
709 2989 750 3053 ad
782 2994 849 3052 tres
878 2996 979 3054 metas
1011 2995 1142 3068 terreas,
1165 3010 1302 3072 quarum
1333 2991 1396 3055 due
1426 2991 1483 3073 ipsi
1564 2995 1565 3012 ¹

357 3097 549 3184 possessioni
582 3095 746 3180 Nogzegh,
778 3097 880 3161 tereia
913 3117 987 3161 vero
1011 3095 1209 3179 Komnyati3
1241 3097 1316 3160 inde
1341 3103 1484 3181 vergeret

357 3208 460 3290 magis
492 3205 533 3270 ad
564 3205 697 3269 eandem
728 3211 857 3288 partem
888 3205 1107 3269 oeeirlentalen
1139 3211 1172 3269 et
1201 3206 1326 3270 veniret
1351 3207 1392 3272 od
1418 3213 1482 3270 tres

357 3321 458 3379 metas
489 3320 611 3378 terreas
641 3313 751 3378 eodem
782 3313 875 3378 modo
901 3319 1104 3398 separantes,
1127 3313 1242 3378 exhinc
1267 3315 1420 3378 transiret
1443 3313 1482 3376 ad

357 3424 491 3489 eandem
521 3430 648 3508 partem
679 3424 849 3502 desertam,
881 3430 915 3487 et
945 3424 1083 3488 intraret
1113 3424 1205 3505 viam,
1239 3445 1301 3506 qne
1327 3425 1415 3489 ducit
1444 3422 1482 3485 dr

357 3531 536 3614 Komnyati
553 3531 594 3594 ad
611 3530 840 3609 Tordoslreddi,
865 3537 897 3594 et
912 3531 945 3594 in
965 3531 1077 3594 eadem
1103 3531 1258 3595 transiret
1283 3553 1342 3616 per
1366 3531 1481 3594 bonnm

357 3640 500 3724 spacium
526 3645 558 3703 et
583 3640 765 3722 perveniret
784 3639 825 3703 ad
841 3645 907 3703 tres
932 3645 1035 3703 metas
1059 3645 1183 3704 terreas
1207 3639 1301 3702 modo
1327 3645 1481 3720 utsupra

356 3755 560 3830 separantes;
593 3753 664 3830 post
680 3748 739 3811 heo
758 3748 791 3812 in
807 3746 918 3811 eadem
943 3748 996 3810 via
1021 3751 1165 3810 curreret
1189 3747 1222 3810 in
1255 3747 1341 3810 bona
1365 3745 1481 3810 distan-

357 3857 407 3920 oia
431 3862 463 3921 et
487 3857 669 3920 variaretur
694 3856 727 3920 in
752 3856 861 3939 plnres
885 3855 954 3918 vias
979 3854 1071 3934 quasi
1096 3875 1206 3918 versus
1232 3853 1397 3918 meridiem
1414 3873 1481 3915 our·

357 3969 474 4042 rentes,
491 3969 524 4028 et
541 3963 681 4028 dimissis
698 3964 775 4046 ipsis
792 3963 850 4028 viis
876 3962 953 4026 illuc
969 3960 1157 4026 ducentibus
1183 3961 1339 4024 transiret
1361 3979 1482 4041 semper

357 4071 399 4135 ad
424 4069 558 4134 eandem
583 4074 711 4153 partem
737 4069 967 4135 occidentalem
993 4073 1025 4132 et
1050 4069 1234 4150 perveniret
1258 4067 1301 4132 ad
1326 4069 1405 4133 dnas
1421 4085 1481 4130 me-

358 4185 407 4243 tas
432 4185 554 4242 terreas
580 4179 762 4260 angulares,
786 4199 849 4262 qne
872 4199 983 4241 versus
1007 4177 1268 4260 septemtrionem
1293 4181 1481 4261 separarent·

356 4286 548 4370 possessioni
574 4285 754 4370 Komnyati
789 4283 938 4368 sepefate,
972 4283 1014 4348 ad
1039 4283 1235 4349 occidentem
1261 4305 1337 4348 vero
1362 4303 1480 4366 posses·

357 4395 438 4457 sioni
455 4393 686 4476 Tordoslreddi,
710 4393 751 4458 ad
768 4399 894 4476 partem
915 4398 1023 4456 autem
1049 4392 1292 4456 meridionalem
1311 4392 1479 4474 distingn-

356 4507 428 4566 rent
443 4501 636 4584 possessioni
661 4501 816 4584 Nogzegh
833 4499 1042 4584 preallegato,
1059 4507 1091 4564 et
1105 4500 1172 4564 illio
1188 4507 1313 4564 teneret
1330 4497 1479 4563 terminos

356 4610 489 4674 metales
506 4631 576 4674 cunr
596 4610 668 4692 ipsa
692 4611 892 4692 possessione
918 4607 1146 4673 Tordoslreddi.
1170 4609 1295 4673 Datum
1312 4609 1347 4672 in
1363 4604 1478 4670 octaris
