3180 5470
557 483 650 544 1351.
666 503 736 544 arr.
755 484 804 546 14.
1167 488 1230 552 457

104 659 248 724 Jacobus
266 659 415 729 literatus
432 662 533 727 frater
549 683 626 728 suus
642 657 715 727 cum
732 664 965 746 procuratoriis
984 663 1087 730 literis
1104 667 1239 754 capituli

104 771 234 838 ecclesie
252 771 457 860 Scepsyensis
473 770 585 848 astitit,
601 777 715 836 eontra
730 771 863 836 Petrum
883 770 1056 837 Nicolaum
1066 774 1237 840 Bartholo-

103 907 205 952 meum
222 893 256 951 et
270 884 296 952 J
296 886 454 950 ohannem
471 879 554 944 filios
571 877 745 944 Michaelis
762 879 828 944 ceci
855 880 893 944 de
910 879 1107 968 Jazurmegp
1124 905 1162 948 ac
1178 883 1204 948 J
1205 906 1237 948 o-

102 995 239 1060 hannem
266 993 367 1058 filium
393 987 522 1055 Nicolai
556 987 613 1052 filii
639 987 810 1054 Michaelis
839 989 913 1064 ceci,
946 1009 984 1054 ex
1014 990 1129 1073 quibus
1152 991 1237 1056 idem

102 1103 218 1168 Petrus
235 1123 293 1186 pro
310 1122 344 1166 se
360 1098 574 1184 personaliter
600 1104 632 1160 et
657 1116 715 1179 pro
731 1095 804 1161 aliis
824 1097 978 1180 predictis
995 1119 1067 1162 cum
1084 1121 1235 1182 procura-

103 1211 189 1276 tor-iis
206 1210 310 1276 literis
326 1208 402 1274 dicti
419 1206 554 1290 capituli
572 1205 703 1270 ecclesie
720 1204 926 1288 Scepsyensis
942 1207 1130 1288 comparuit,
1147 1209 1237 1275 iuxta

103 1321 334 1386 continenciam
352 1319 495 1402 priorum
511 1315 680 1379 literarum
691 1319 874 1378 nostrarum
885 1315 917 1378 in
929 1315 1048 1378 octaris
1064 1315 1137 1380 festi
1147 1316 1236 1382 beati

104 1427 236 1512 Georgii
252 1427 396 1493 martiris
411 1445 537 1490 movere
553 1421 694 1488 habebat
718 1442 826 1487 coram
842 1420 943 1489 nobis.
969 1424 1115 1506 partibus
1132 1425 1237 1490 rolen-

104 1536 191 1600 tibus
207 1535 250 1601 ad
267 1541 396 1600 octavas
411 1532 498 1597 beati
514 1531 689 1597 Michaelis
714 1530 899 1614 archangeli
926 1533 1069 1614 proxime
1086 1539 1237 1598 venturas

103 1641 159 1708 sub
185 1650 274 1709 statu
299 1643 399 1726 priori
426 1641 575 1705 duximus
610 1640 803 1722 peremtoria
834 1640 1080 1723 prorogandam.
1112 1639 1236 1707 Datum

102 1751 199 1820 Bude.
216 1758 330 1816 octavo
347 1749 397 1813 die
414 1748 542 1814 termini
570 1747 741 1830 prenotati,
759 1767 842 1810 anuo
868 1746 987 1811 domini
1014 1749 1088 1812 ΜΙηο
1116 1746 1236 1814 COO'no

103 1859 368 1942 quinquagesimo
385 1857 497 1940 primo.

206 2022 346 2086 Eredetije
360 2021 484 2086 paphon,
495 2019 619 2070 zdrlatau
634 2019 726 2080 penset
740 2019 906 2082 uyornaival,
920 2035 937 2068 a
952 2020 985 2068 N.
999 2021 1192 2082 Muzeurubau,
1213 2035 1229 2068 a

101 2113 234 2176 Maridssy
248 2129 284 2163 cs.
297 2111 545 2173 letetemenyebeu.
571 2109 654 2158 Kdzli
669 2125 674 2156 :
693 2110 851 2160 Schtinherr
863 2109 963 2172 Gyula.

629 2419 702 2480 278.

105 2583 197 2646 1351.
214 2605 285 2665 apr.
301 2583 348 2644 14.
368 2579 394 2642 A
408 2579 692 2644 kolozsmoaostori
708 2589 837 2644 convent
848 2579 919 2642 eloe
932 2579 1097 2643 Pethlendi
1110 2581 1236 2664 ,triento

101 2690 242 2775 lodoyci,
267 2689 388 2753 Berkes
415 2689 447 2751 de
474 2677 786 2751 Szeatmihdlremete
812 2697 893 2752 nevit
910 2686 1108 2751 birtoltoilcat
1133 2689 1237 2754 Jo'rai

102 2795 295 2882 Gydrpyaelo
310 2794 471 2878 pondendo
488 2798 519 2858 ds
536 2819 556 2858 α
572 2796 735 2880 paedosdp
752 2798 882 2860 oezete'se
899 2800 998 2880 ee'pett
1015 2797 1164 2881 dtedjdlc,
1182 2796 1234 2880 olp

100 2906 221 2969 litotes
253 2903 379 2985 mellett,
404 2907 486 2987 hopy
512 2928 543 2966 ez
569 2929 590 2966 a
607 2903 795 2989 jo'oedelmet
827 2904 923 2968 notit
947 2907 1094 2969 dveakint
1120 2903 1235 2968 leiezol·

584 3012 740 3094 psittacon.

207 3173 276 3239 Nos
293 3179 467 3238 conventus
483 3173 668 3238 monasterii
694 3173 788 3238 beate
812 3172 920 3239 Marie
940 3173 1072 3258 virginis
1089 3173 1128 3238 de
1144 3174 1235 3240 Olus-

101 3289 272 3348 munustra
289 3334 295 3347 .
312 3331 319 3344 .
344 3279 562 3364 significamus
579 3333 585 3347 .
603 3333 608 3345 .
634 3281 719 3364 quod
736 3303 808 3346 cum
824 3281 888 3347 filie
908 3281 1079 3349 Michaelis
1090 3283 1235 3366 germani

100 3389 215 3454 Bonch
231 3388 270 3453 de
286 3388 457 3467 Pethlend‚
468 3389 616 3455 videlicet
627 3387 727 3454 Clara
743 3397 775 3456 et
790 3389 949 3474 Elynabet
959 3395 1078 3470 vocate,
1095 3391 1235 3460 ecMar-

101 3497 237 3580 garetha
254 3497 321 3561 filia
337 3495 434 3561 Pauli
450 3495 489 3560 de
505 3495 629 3562 Berhes
646 3496 780 3579 parvula
796 3495 904 3580 puella
918 3517 956 3562 ac
971 3496 1148 3561 minoribus
1164 3503 1235 3562 eta·

99 3606 184 3672 tibus
211 3606 388 3688 constituta
415 3625 522 3669 coram
555 3604 645 3670 nobis
681 3605 818 3669 astando
848 3605 1071 3689 personaliter,
1103 3611 1236 3687 propter

101 3715 280 3779 carenciam
312 3712 514 3777 defensorum
539 3717 572 3777 et
602 3717 818 3795 protectorum
844 3714 1060 3797 possessiones
1091 3713 1235 3794 ipsarum

101 3821 321 3904 porcionarias
346 3821 381 3884 in
405 3819 489 3884 villis
515 3817 637 3884 Berkes
664 3825 697 3884 et
721 3818 1086 3905 Scenthmihalremetey
1111 3823 1233 3887 vocatis

99 3928 237 4009 habitas,
264 3929 351 4012 ipsas
382 3927 577 3993 hereditario
602 3927 672 3991 iure
697 3928 926 4010 contingentes,
957 3929 1066 3993 comiti
1092 3926 1235 4012 Georgio

100 4037 165 4103 filio
181 4035 208 4102 J
210 4035 301 4102 scobi
326 4036 365 4100 de
390 4035 415 4100 J
417 4055 483 4114 ara,
508 4035 648 4118 exceptis
673 4035 745 4100 aliis
770 4035 975 4119 porcionibus
1000 4037 1184 4103 earumdem
1201 4039 1234 4102 in

100 4145 253 4229 predictis
268 4141 351 4208 villis
367 4143 586 4221 existentibus,
603 4143 707 4208 eidem
723 4139 865 4226 Georgio
891 4143 1105 4210 mediantibus
1130 4145 1234 4211 literis

103 4253 222 4318 nostris
239 4251 365 4336 pignori
382 4249 541 4333 obligatis,
553 4251 697 4334 predicto
709 4252 818 4317 comiti
829 4249 971 4334 Georgio
990 4251 1058 4317 filio
1074 4252 1099 4319 J
1101 4253 1191 4320 acobi
1201 4255 1234 4318 in

101 4355 200 4444 parte
211 4381 251 4425 ex
267 4359 371 4424 altera
386 4379 494 4424 coram
510 4358 602 4424 nobis
619 4361 747 4438 astanti,
758 4360 801 4424 ad
816 4360 1051 4426 conservandas
1067 4369 1234 4444 protegen·

101 4468 159 4533 das
176 4466 403 4552 gubernandas
419 4467 622 4550 populandas
638 4473 672 4532 et
682 4467 924 4551 congregandas
935 4475 1147 4553 protempore
1157 4471 1235 4535 assi·

100 4597 215 4660 gnasse
226 4575 432 4641 affirmarunt
442 4581 474 4639 et
484 4596 591 4641 coram
602 4575 694 4641 nobis
704 4575 983 4660 assignaruut3its
992 4581 1110 4656 tamen,
1120 4572 1235 4664 (quod)

102 4685 269 4751 universas
285 4683 446 4750 utilitates
464 4689 496 4748 et
512 4689 686 4770 proventus
709 4705 746 4752 ac
770 4683 915 4752 redditus
940 4705 996 4751 seu
1012 4685 1235 4772 percepciones
