3180 5470
357 534 421 596 390
715 541 900 588 uurounour
918 525 1131 584 cuulurrlu.

359 727 471 775 versus
488 707 672 789 aquilonem
691 711 724 770 ct
739 704 863 769 veniret
887 701 928 767 ad
949 701 1128 786 predictum
1144 705 1277 784 puteum
1294 700 1353 764 sub
1379 696 1484 764 arbore

358 815 505 901 gyertian
521 813 678 896 habitum,
695 819 727 878 et
742 833 800 897 per
816 832 945 877 cursum
970 809 1109 893 gurgitis
1134 808 1236 892 ipsius
1261 807 1351 891 putei
1368 807 1432 870 iret
1446 806 1483 871 di·

357 931 444 990 recte
475 944 585 988 versus
617 923 736 988 dictam
768 927 894 1005 partem
926 919 1096 1002 aquilonis,
1112 925 1145 983 et
1169 919 1255 983 inter
1279 916 1361 981 duas
1387 917 1483 981 curias

358 1031 553 1096 transeundo
578 1031 718 1095 intraret
743 1030 777 1094 in
802 1028 935 1092 flauum
960 1026 1111 1106 Crassou,
1143 1027 1199 1119 qui
1231 1024 1362 1090 termini
1389 1025 1482 1108 ipsam

358 1140 542 1224 porcionem
567 1160 678 1204 versus
709 1137 864 1202 orientem
890 1157 992 1218 usque
1010 1135 1105 1200 finem
1133 1156 1208 1199 cum
1233 1131 1376 1217 quadam
1402 1133 1483 1198 duca

359 1247 554 1331 Oharaeleye
571 1246 657 1312 diota
672 1244 809 1311 Nicolao
825 1243 1027 1328 supradict03
1045 1245 1123 1309 item
1140 1243 1271 1326 quidam
1287 1242 1377 1306 vicus
1393 1242 1483 1326 ipsius

361 1356 436 1421 ville
452 1355 535 1441 Paly
551 1355 593 1421 ab
609 1353 760 1438 aquilone
776 1354 862 1418 circa
880 1351 1013 1417 fluvium
1038 1350 1177 1417 Orassou
1203 1351 1352 1432 existens,
1377 1352 1431 1433 qui
1445 1351 1483 1414 iu-

359 1464 481 1548 ciperet
496 1463 538 1528 ab
553 1462 719 1528 occidente
735 1469 768 1526 et
783 1461 931 1526 tenderet
949 1460 1072 1525 directe
1097 1481 1208 1525 versus
1234 1461 1391 1524 orientem
1408 1461 1482 1523 veni-

359 1577 474 1654 retque
499 1591 602 1654 usque
627 1571 749 1635 curiam
775 1570 991 1653 prenominati
1016 1567 1146 1652 Ohugul
1171 1567 1351 1651 iobagiouis
1376 1567 1482 1649 prelati

361 1679 537 1763 Stephani3
560 1679 639 1743 item
670 1679 761 1744 curia
792 1679 927 1762 Georgii
958 1677 1074 1758 claudi,
1106 1677 1196 1742 curia
1228 1674 1373 1758 Ohugur‚
1404 1676 1483 1739 curia

360 1785 526 1853 Wcrachk
542 1793 576 1852 et
589 1786 744 1852 medietas
761 1787 849 1852 curie
875 1787 1090 1869 prenominati
1107 1785 1274 1865 Draassa3
1298 1786 1378 1849 item
1402 1783 1483 1847 curia

360 1895 451 1961 Iwan
467 1895 645 1960 Karusuch
661 1895 750 1974 dicti,
767 1896 858 1959 curia
875 1895 966 1959 Petri
981 1893 1080 1977 longi,
1096 1895 1186 1958 ouria
1202 1891 1389 1969 Clementia
1404 1891 1484 1956 ouria

360 2003 452 2070 Petri
467 2001 580 2068 Nonas
597 2002 684 2084 dicti,
710 2004 800 2068 curia
824 2002 932 2087 Myle,
958 2005 1049 2068 coria
1077 2001 1255 2079 Bratizlou‚
1272 2003 1440 2066 cessissent
1455 2001 1482 2064 in

360 2112 544 2195 porcionem
560 2111 775 2192 prenominati
792 2109 982 2191 Michaelis3
1005 2111 1082 2176 item
1098 2110 1132 2174 in
1149 2109 1304 2174 aeonibus
1330 2109 1482 2172 vinearum

361 2221 394 2285 in
411 2218 574 2284 territorio
590 2216 732 2282 ciusdem
748 2216 822 2281 ville
839 2217 921 2301 Paly
937 2215 1122 2282 habitarum
1139 2217 1254 2300 cuique
1271 2219 1412 2301 ipsorum
1429 2237 1485 2281 oes-

362 2329 478 2392 sissent
492 2346 605 2390 aeones
615 2326 728 2409 viginti
738 2325 839 2390 trium
848 2327 1012 2390 vinearum
1023 2325 1114 2390 iuxta
1124 2325 1383 2390 consvetudinem
1394 2325 1485 2407 ipsius

362 2441 449 2500 terre
465 2433 680 2518 percipiendi3
704 2434 782 2498 item
801 2433 1032 2517 possessionem
1052 2455 1163 2499 eorum
1179 2433 1343 2518 Kysfolud
1358 2433 1401 2498 sic
1417 2433 1485 2496 diri·

364 2545 490 2620 sissent,
517 2549 554 2607 ut
578 2543 735 2626 inciperet
759 2542 801 2606 ab
826 2541 991 2606 occidente
1016 2541 1076 2606 sub
1102 2543 1243 2622 quadam
1270 2541 1384 2607 arbore
1409 2543 1486 2625 pomi
1569 2565 1570 2578 *

362 2651 458 2717 terris
474 2671 533 2734 pro
548 2650 642 2715 metis
658 2649 832 2732 cumulata,
856 2649 931 2713 inde
956 2650 1113 2714 transiret
1138 2652 1242 2734 ipsam
1259 2649 1370 2714 villam
1385 2670 1485 2714 versus

371 2760 526 2825 orientem
543 2757 585 2822 ad
601 2757 763 2841 quoddam
779 2764 919 2841 pratum,
929 2763 962 2823 et
973 2759 1145 2841 peripsum
1162 2763 1293 2841 pratum
1302 2757 1345 2824 ad
1362 2757 1485 2822 eandem

366 2871 492 2951 partem
508 2867 571 2930 iret
586 2865 618 2928 in
635 2864 767 2930 fluvimn
793 2864 934 2932 Crassou
956 2865 997 2930 ad
1023 2865 1170 2930 arborem
1196 2865 1304 2932 salicis
1328 2866 1361 2930 iu
1387 2866 1487 2930 eodem

362 2973 458 3038 fluvio
475 2973 683 3055 existentem
706 2975 758 3040 ist'
776 2973 906 3040 termini
931 2976 963 3040 in
989 2976 1087 3040 curiis
1113 2996 1170 3039 seu
1195 2973 1391 3042 sessionibus
1406 2995 1487 3057 sepa·

365 3087 477 3147 rarent
492 3081 678 3165 porcionem
695 3082 852 3166 Stephani
878 3083 921 3148 ad
945 3083 1130 3164 meridicm3
1155 3085 1233 3148 item
1251 3084 1371 3150 ahones
1395 3085 1485 3150 trium
1568 3069 1569 3112 3

363 3191 528 3255 vinearum
545 3190 577 3254 in
596 3191 759 3255 territorio
776 3190 918 3256 eiusdem
933 3191 1008 3255 ville
1034 3192 1253 3276 existentium,
1279 3201 1312 3257 et
1336 3191 1485 3276 quoddam

365 3299 507 3365 fanetum
532 3320 633 3383 prope
659 3299 792 3363 eandem
817 3298 926 3364 villam
952 3320 972 3364 a
996 3305 1090 3382 parte
1115 3299 1319 3366 meridionali
1337 3300 1487 3366 adiacens

364 3407 449 3490 quod
466 3412 598 3472 actenus
614 3406 759 3489 prefatus
775 3405 932 3472 Nicolaus
949 3405 1035 3471 filius
1052 3406 1147 3472 Pauli
1163 3407 1365 3491 persedisset,
1384 3407 1485 3472 cessis·

364 3519 437 3580 sent
452 3514 555 3578 eciam
571 3513 604 3576 in
630 3513 814 3596 porcionem
839 3512 998 3596 Stephani
1024 3513 1198 3595 antedicti;
1223 3515 1302 3579 item
1327 3515 1483 3598 porciones
1567 3531 1568 3564 1

365 3621 663 3707 prenominatorum
688 3620 815 3686 Nicolai
833 3627 865 3686 et
881 3620 1054 3686 Michaelis
1070 3623 1103 3685 in
1120 3621 1231 3686 cadem
1262 3623 1425 3708 Kysfolud
1439 3622 1488 3686 ha·

363 3730 430 3794 bite
446 3729 492 3794 sic
508 3733 709 3810 separantur,
726 3728 811 3808 quod
828 3729 985 3812 inciperet
995 3729 1054 3794 sub
1065 3730 1204 3812 quadam
1222 3731 1336 3796 arbore
1352 3729 1487 3795 sambuci

368 3837 410 3902 ad
425 3836 558 3902 hortum
573 3833 599 3901 J
600 3836 736 3900 ohannis
751 3836 810 3901 filii
827 3837 923 3901 Pauli
949 3837 1126 3920 iobagiouis
1152 3837 1269 3922 prefati
1297 3837 1423 3904 Nicolai
1440 3859 1488 3902 an·

365 3966 457 4022 nexa,
476 3946 572 4009 terris
589 3945 757 4027 premetis
782 3945 956 4022 cumulata,
981 3945 1055 4010 inde
1080 3945 1236 4011 transiret
1260 3949 1363 4031 ipsam
1387 3945 1489 4012 villam
1566 4015 1567 4026 ἢ

365 4047 485 4118 directe
502 4053 544 4117 ad
560 4053 715 4118 orientem
727 4058 759 4117 et
769 4074 827 4137 per
843 4052 1005 4136 quoddam
1021 4057 1152 4136 pratum
1168 4055 1294 4120 veniret
1309 4056 1349 4121 ad
1364 4055 1489 4120 domum
1566 4037 1567 4060 ³

366 4159 482 4241 salicis,
507 4159 581 4224 inde
608 4159 649 4224 ad
675 4159 809 4224 eandem
834 4167 960 4244 partem
985 4161 1048 4225 iret
1064 4161 1105 4225 ad
1122 4159 1255 4226 fluvium
1276 4161 1424 4242 Crassou,
1441 4163 1489 4245 qui

369 4267 498 4352 quidem
529 4267 659 4332 termini
684 4266 726 4332 ad
751 4274 878 4350 partem
906 4267 1149 4334 meridionalem
1180 4290 1283 4352 usque
1315 4273 1491 4353 porcionem

365 4371 484 4457 prefati
501 4371 659 4457 Stephani
675 4380 865 4457 separarent
895 4376 1120 4457 prenominato
1135 4375 1292 4442 Michaeli
1308 4397 1346 4442 ex
1362 4383 1492 4460 utraque

365 4487 467 4564 parte,
491 4480 532 4544 ad
559 4485 685 4564 partem
701 4501 775 4546 vero
792 4483 1090 4566 septemtrionalem
1115 4504 1216 4566 usque
1236 4483 1333 4549 finem
1356 4485 1493 4551 eiusdem
1565 4519 1566 4530 κ

370 4587 445 4654 ville
478 4595 667 4674 separarent
697 4591 879 4674 porcionem
911 4591 1040 4657 Nicolai
1072 4591 1246 4675 antedicti;
1278 4595 1355 4660 item
1381 4595 1495 4661 alienes

367 4695 467 4762 trium
499 4697 663 4763 vinearum
696 4698 798 4763 eidem
831 4700 985 4766 Michaeli
1015 4707 1047 4767 et
1077 4701 1197 4768 akones
1228 4703 1367 4770 aliarum
1401 4707 1495 4772 trium
