3188 5476
555 545 649 606 1:352.
667 546 737 604 nm.
762 544 812 602 18.
1177 543 1239 601 587

98 744 176 785 eum
200 721 266 784 suis
292 721 462 784 heredibus
480 727 676 804 perpetuo..
700 721 967 804 possidendam..
993 727 1229 784 ossummenles

99 831 209 912 ipsum
222 829 360 896 Hennus
372 839 404 896 et
420 853 493 896 snos
504 831 638 896 heredes
649 832 778 896 racione
789 833 1016 914 premissorum
1029 831 1070 896 eb
1087 829 1235 894 omnibns

99 941 171 1002 suis
188 939 344 1006 fratribus
369 939 567 1005 consobrinis
594 939 756 1004 sororibus
773 946 805 1004 et
820 941 975 1023 proximis
993 941 1067 1020 suis,
1094 941 1234 1022 propriis

100 1047 271 1112 laboribus
288 1054 320 1111 et
337 1050 485 1130 expensis
502 1048 602 1112 libere
619 1047 768 1130 expedire
796 1054 828 1111 et
853 1048 1029 1112 defensore.
1062 1047 1186 1112 narum
1203 1047 1235 1109 io

100 1157 186 1220 lesbo
210 1153 422 1221 Ascensionis
438 1158 568 1233 domini,
585 1177 669 1220 enno
686 1157 828 1220 eiusdem
845 1156 919 1220 M¹¹¹⁰
937 1153 1057 1223 OOO¹¹¹⁰
1075 1157 1235 1238 quinquo·

101 1266 228 1346 gesimo
245 1266 394 1330 secundo,

215 1425 368 1490 Hellapjdn
383 1427 473 1489 pessel
488 1427 647 1489 nyomaival
662 1443 668 1490 3
688 1425 818 1488 credelije
831 1443 847 1476 e
861 1425 969 1490 orn-gey
983 1439 1018 1474 es.
1033 1425 1169 1474 ltdrrilran.

636 1809 709 1866 365.

104 1969 203 2029 13:32.
223 1973 299 2053 ηαξ).
319 1971 368 2029 lo.
396 1965 443 2028 Ac
461 1972 528 2054 cpri
545 1965 702 2052 lco'plrdror
722 1968 791 2029 elon
808 1991 828 2028 (ι
848 1964 993 2030 deindo
1010 1971 1039 2028 r's
1057 1967 1159 2030 Belnl·
1171 1993 1238 2031 rsu-

100 2077 263 2140 lrlrlloliel·
290 2102 345 2162 epp
376 2077 505 2156 retes-ol,
533 2081 602 2140 uiris
629 2077 745 2138 re'szrol
772 2075 870 2162 pedip
896 2071 1030 2136 Giiurlirr’
1061 2077 1184 2162 Brrllipz
1210 2082 1240 2139 ἐκ

101 2184 340 2270 Sceulrnilru'lpi
365 2185 495 2248 illarius
515 2184 638 2259 rrlorlai,
658 2183 913 2247 Krusznrrhorku
932 2187 1012 2246 reiro
1030 2189 1060 2247 ἐκ
1077 2209 1115 2248 rrz
1133 2187 1235 2248 ‹chloz

101 2293 228 2355 rarlozo'
242 2291 386 2386 larfplu
404 2296 492 2354 irrinl
511 2295 582 2352 ora'r·
598 2291 770 2353 lcorolbelol
796 2299 884 2354 &loen
902 2297 935 2354 e‘v
953 2295 1004 2356 o'lu
1016 2291 1106 2379 folpl
1120 2294 1239 2379 perdes

574 2399 771 2484 diepprznelr.

213 2579 282 2644 Nos
314 2581 492 2664 capitulum
523 2579 656 2644 ecclesie
687 2579 859 2661 Agriensis
876 2629 882 2642 .
900 2631 905 2644 .
921 2601 923 2608 ’
941 2577 1189 2664 (significamus)
1208 2633 1214 2646 .
1232 2635 1237 2648 .

102 2691 193 2771 qnod
211 2689 357 2754 dominus
374 2685 531 2752 Nicoluus
559 2687 708 2752 sacerdos
733 2690 842 2770 magni
868 2689 981 2754 altaris
1007 2698 1115 2754 sancte
1143 2689 1239 2754 Anne

102 2800 221 2864 marris
238 2794 260 2879 (.
273 2850 278 2862 .
291 2849 297 2862 .
308 2793 330 2880 .)
341 2795 473 2860 ecclesie
487 2801 638 2874 nostram,
650 2798 704 2878 qni
716 2817 773 2880 per
783 2817 840 2861 nos
852 2794 1059 2880 nuperrime(
1062 2847 1140 2863 .....
1143 2795 1155 2882 )
1168 2819 1239 2863 cnm

104 2907 245 2972 Nicoleo
263 2903 328 2969 filio
339 2903 467 2969 Nicolei
489 2905 528 2968 de
548 2905 639 2988 Kezy
653 2903 956 2988 hominemegnifiei
974 2908 1034 2971 viri
1044 2907 1164 2972 domini
1182 2907 1239 2971 Ni·

102 3016 188 3080 colsi
206 3015 297 3097 regni
314 3013 485 3096 Hungarie
502 3013 639 3098 pelotini
666 3019 698 3077 el:
723 3015 838 3079 iudicis
865 3036 1073 3080 comanorum
1092 3023 1125 3079 el
1140 3017 1239 3080 medi-

101 3124 237 3188 antibus
263 3123 365 3186 literis
391 3122 470 3185 dicii
496 3122 616 3185 domini
642 3119 780 3206 palatini
806 3125 847 3186 ad
872 3123 1044 3210 videndum
1061 3123 1238 3188 reambulu-

103 3233 214 3298 ciones
231 3237 264 3296 el
280 3231 478 3295 stabuciones
495 3251 552 3294 nec
569 3251 632 3293 non
651 3229 821 3294 divisiones
838 3237 1016 3296 castrorum
1032 3228 1191 3296 Berzethe
1208 3237 1239 3295 et

103 3337 337 3406 Oreznehorka
353 3343 538 3402 vocelornm
555 3359 591 3402 oc
616 3339 852 3421 possessionum
878 3339 919 3402 ad
946 3339 1057 3403 eudem
1076 3341 1237 3422 pertinen-

102 3452 199 3528 cium,
216 3469 353 3530 quorum
369 3447 499 3511 nomina
524 3449 557 3511 in
583 3447 735 3530 predict-is
761 3447 865 3512 literis
892 3449 993 3531 ipsius
1009 3448 1130 3512 domini
1147 3448 1236 3532 pels-

102 3560 164 3622 tini
182 3561 260 3621 sunt
276 3551 466 3638 (contente),
484 3561 513 3618 el
531 3575 593 3637 que
611 3554 711 3619 eciam
738 3555 1019 3632 reombulnciones,
1039 3558 1237 3620 slebuciones

103 3673 137 3730 el:
153 3663 327 3729 divisiones
353 3664 439 3726 inter
464 3662 653 3744 magistrum
680 3661 851 3726 Nicolaum
872 3662 992 3726 dictum
1010 3661 1120 3727 Kuwn
1137 3663 1238 3728 filium

102 3771 276 3838 Benedicti
294 3771 332 3834 de
348 3768 524 3853 Chytbnylr
550 3791 587 3833 ac
604 3771 690 3834 inter·
708 3769 883 3852 Georgium
914 3772 1105 3852 magistrum
1125 3771 1238 3836 Domi-

103 3884 213 3946 nicum
230 3880 430 3963 prepositum
447 3877 577 3943 ecclesie
606 3881 710 3943 sancbi
731 3879 854 3943 Thome
880 3879 918 3942 de
945 3877 1107 3962 Strigonio
1125 3899 1162 3944 ac
1178 3879 1236 3943 Ni-

104 3989 232 4054 colaum
248 3987 332 4052 filios
349 3985 511 4051 Dominici
528 3987 605 4051 dicli
621 3987 732 4051 Bebek
748 3987 789 4052 ob
806 4010 877 4066 una,
894 4011 951 4052 nec
970 4009 1033 4052 non
1052 3989 1238 4053 Johaunem

104 4099 210 4162 filium
225 4094 354 4160 Nicolai
371 4115 408 4158 ec
424 4094 507 4158 lilios
524 4094 641 4160 Jacobi
657 4095 715 4160 filii
733 4097 873 4160 eiusdem
890 4096 1019 4160 Nicolsi
1035 4095 1094 4159 filii
1111 4097 1237 4182 Bnbbyz

104 4205 143 4270 de
161 4205 294 4272 Gumur
310 4224 447 4268 necnon
470 4203 551 4267 filios
574 4205 699 4268 Murius
716 4203 774 4267 filii
795 4202 952 4287 Stephani
970 4204 1009 4267 de
1027 4203 1237 4270 Zenthmihsl

104 4337 143 4378 ex
160 4313 267 4378 allero
282 4317 376 4394 porte
394 4311 476 4375 facie
493 4317 568 4375 sunt
585 4317 617 4376 eb
633 4311 802 4392 celebrate,
819 4333 877 4396 pro
895 4313 1080 4376 testimonio
1097 4311 1235 4378 destine-

104 4429 157 4486 tus
174 4423 289 4496 fuerat,
306 4440 444 4483 unacum
461 4419 571 4484 eodem
585 4419 746 4484 Michaele
763 4421 863 4503 ipsius
888 4421 1008 4484 domini
1025 4419 1161 4501 paletini
1178 4419 1236 4484 ho·

104 4529 191 4592 mine
208 4533 240 4590 et
255 4527 410 4609 magistro
426 4524 458 4590 N
460 4525 560 4590 icolao
587 4525 674 4591 dicto
699 4527 850 4609 Fargcch
875 4528 1021 4609 proximo
1038 4533 1070 4590 et
1086 4549 1237 4610 procura·

104 4645 174 4700 tore
192 4641 420 4700 annotatorum
438 4633 575 4699 filiorum
592 4636 755 4700 Dominici
774 4636 850 4700 dicti
868 4635 977 4700 Bebek
1002 4637 1044 4700 ed
1061 4659 1117 4700 nos
1134 4658 1237 4700 rever-

106 4769 168 4824 sus,
186 4747 304 4828 etipse
321 4750 354 4808 et
371 4745 447 4808 dicti
467 4746 584 4808 domini
603 4745 739 4828 paletini
752 4745 855 4822 home,
867 4745 956 4808 nobis
973 4745 1171 4809 eoocordiler
1189 4768 1235 4810 re-
