3180 5470
332 518 405 590 414
685 536 872 584 xurounosr
889 521 1102 582 oxulnvrla.

334 699 563 783 multipliciter
583 701 739 786 hpsm
762 719 824 784 que
842 699 929 764 idem
954 700 1092 782 primum
1126 750 1157 762 ..
1181 699 1310 764 Karulo
1342 699 1465 781 ..regi

340 813 421 873 ..ct
451 828 511 891 per
535 807 846 892 consequennebis
863 807 901 895 jn
924 808 1049 874 cunctis
1073 807 1240 872 nostriset
1259 808 1351 890 regni
1368 809 1466 871 nostri

334 915 475 998 negociis
492 921 558 979 tam
575 915 737 998 prosperis
754 935 855 998 quarn
862 913 1015 994 numus,
1030 935 1236 980 cumsumma
1252 915 1465 981 sollicitudine

338 1031 371 1090 et
388 1023 557 1107 evigilanti
574 1043 652 1088 cura
680 1024 829 1105 omnique
854 1022 979 1088 fervore
992 1021 1159 1102 fidelitatis
1185 1023 1330 1089 exhibuit
1355 1030 1389 1088 et
1411 1024 1467 1087 im·

332 1132 452 1215 pendit,
462 1131 640 1214 quaomnia
649 1130 726 1195 licet
734 1130 1302 1218 recommendaoionsdimpropter
1311 1131 1464 1196 tediosam

249 1269 253 1274 ·
333 1241 444 1324 scripti
461 1240 684 1323 prolixitatem
710 1238 910 1321 presentibus
937 1260 995 1304 suo
1013 1240 1108 1305 modo
1123 1241 1267 1308 inserere
1280 1261 1465 1323 nequamus,

335 1369 373 1413 ea
388 1353 498 1414 tamen
515 1367 577 1428 que
593 1346 682 1412 cordi
698 1354 810 1412 nostro
825 1347 974 1412 striccius
990 1347 1132 1413 insident
1146 1349 1179 1413 in
1196 1351 1266 1414 eius
1284 1355 1318 1416 ot
1336 1369 1467 1416 suorum

336 1477 557 1523 successorum
572 1453 895 1520 recommendabilem
911 1457 1100 1522 memoriam
1115 1457 1397 1541 exemplaremque
1421 1477 1467 1522 rc·

336 1565 558 1630 cordaoionem
574 1569 778 1647 posterorum
792 1562 998 1647 presentibus
1008 1563 1157 1630 duximus
1173 1565 1378 1631 annotanda:
1393 1585 1468 1630 nam

332 1693 408 1739 cum
424 1671 597 1738 Lorandus
613 1669 699 1736 filius
715 1669 862 1735 Lorandi
877 1675 956 1736 tunc
971 1692 1077 1738 comes
1101 1671 1306 1739 Castriferrei
1332 1693 1372 1737 ex
1398 1693 1467 1756 pre·

334 1779 521 1862 conceptiva
537 1778 681 1844 eiusdem
712 1779 815 1862 patris
845 1780 948 1844 nostri
977 1779 1012 1844 in
1036 1781 1176 1864 quodam
1215 1781 1365 1847 conflictu
1396 1801 1467 1845 cum

332 1895 426 1972 gente
442 1894 475 1954 et
490 1888 638 1971 potencia
654 1886 744 1952 ducis
760 1885 896 1952 Austrie
921 1869 1042 1955 bellum
1067 1891 1286 1969 commisisset,
1310 1889 1468 1956 Nicolaus

331 1995 432 2060 frater
449 1994 590 2060 eiusdem
615 1993 777 2058 Johaunis
802 1993 933 2060 leonina
956 1994 1057 2062 fretus
1073 1997 1218 2076 audacia,
1242 2019 1277 2064 se
1293 1997 1382 2062 necis
1406 2016 1468 2060 nou

333 2103 510 2168 formidans
526 2121 688 2186 apponere
700 2101 853 2186 periculo,
864 2102 1002 2168 viriliter
1010 2105 1176 2187 peribetur
1192 2103 1275 2191 (igy)
1290 2106 1468 2170 dimicasse,

331 2212 365 2275 in
382 2231 445 2294 quo
462 2208 612 2274 conflictu
627 2209 713 2274 idem
728 2208 884 2276 Nicolaus
894 2209 1038 2276 letaliter
1048 2214 1211 2280 sauciatus
1221 2221 1359 2280 mortem
1370 2211 1468 2278 subiit

332 2317 554 2401 temporalem,
570 2337 648 2382 sane
664 2337 736 2382 cum
761 2338 819 2382 nos
843 2317 1060 2386 miserabilem
1084 2322 1246 2404 quondam
1277 2371 1308 2387 ..
1334 2321 1468 2388 Andree

332 2426 469 2491 condam
493 2425 699 2492 lherosolimi
723 2431 756 2490 et
782 2425 892 2492 Sicilie
916 2427 1002 2510 regis
1026 2427 1139 2494 fratris
1164 2431 1267 2494 nostri
1299 2481 1331 2496 ..
1358 2451 1469 2496 necem

332 2534 399 2599 fere
416 2532 563 2598 omnibus
579 2533 754 2599 christiane
770 2532 845 2597 fidei
870 2534 1046 2600 cultoribus
1062 2543 1183 2617 notam,
1199 2543 1232 2602 et
1248 2559 1304 2602 cor
1319 2545 1467 2606 nostrum

331 2642 511 2707 vehementi
542 2647 575 2708 et
604 2640 763 2706 indicibili
794 2643 1016 2724 amaritudine¹
1029 2645 1262 2728 vulneraretur,
1303 2647 1467 2712 vindicare

330 2749 548 2828 voluissemus,
559 2756 592 2814 et
600 2771 660 2833 pro
671 2749 859 2815 summenda
874 2753 986 2817 mortis
1001 2753 1143 2821 eiusdem
1153 2754 1295 2820 vindicta
1306 2755 1466 2838 adipsum

332 2879 467 2941 regnum
483 2855 594 2923 Sicilie
609 2857 706 2922 celeri
723 2879 856 2942 agressu
880 2859 1106 2944 festinatioque
1126 2863 1275 2947 passibus
1292 2883 1468 2947 properan-

332 2973 382 3030 tes
407 2984 464 3029 nos
499 2964 785 3044 transtulissemus,
815 2965 901 3033 idem
929 2969 1084 3052 magister
1115 2969 1284 3036 Johannes
1310 2993 1376 3035 non
1401 2970 1468 3035 sine

332 3093 449 3156 magno
476 3092 689 3156 expensarum
713 3095 845 3139 suarum
870 3073 1035 3158 dispendio
1070 3077 1235 3143 nobiscum
1266 3077 1469 3161 procedendo

337 3188 556 3263 strenuusque
572 3179 730 3246 fidelitate
746 3183 907 3261 elinando,
923 3183 1066 3250 fortuitis
1090 3192 1123 3250 et
1146 3187 1322 3272 inopinatis
1340 3187 1468 3254 casibus

334 3309 367 3354 se
383 3288 579 3372 exponendo,
589 3294 698 3355 nostre
714 3289 839 3356 studuit
855 3291 1053 3375 complacere
1069 3295 1239 3378 maiestati,
1250 3295 1284 3359 in
1294 3316 1468 3379 qnoregno

333 3394 419 3482 ip(se
434 3394 554 3482 tri)bus
569 3399 677 3463 extitit
691 3399 879 3466 vulneribus
894 3399 936 3465 ad
951 3403 1055 3467 visum
1070 3409 1179 3468 nostre
1194 3406 1376 3471 maiestatis
1396 3426 1469 3488 gra·

335 3506 417 3570 viter
433 3506 614 3588 sauciatus3
637 3527 733 3590 porro
759 3506 851 3572 nobis
867 3509 907 3572 de
923 3508 1067 3592 predicto
1083 3533 1182 3596 regno
1198 3511 1352 3578 Siciliain
1362 3514 1468 3597 ipsum

332 3633 467 3696 regnum
483 3619 630 3678 nostrum
645 3613 816 3698 Hungarie
827 3623 959 3699 propter
975 3618 1115 3701 quedam
1130 3622 1263 3703 negocia
1273 3627 1393 3701 nostra,
1405 3643 1469 3704 que

333 3720 379 3785 ibi
395 3719 487 3784 nobis
503 3725 580 3785 tuno
596 3720 763 3786 instabant
787 3723 985 3806 expedienda
1013 3746 1149 3806 reverso,
1175 3739 1208 3794 et
1231 3729 1362 3795 tandem
1380 3729 1470 3795 infra

333 3827 466 3911 aliquod
481 3834 608 3910 tempus
624 3829 743 3894 iterato
769 3829 811 3895 ad
835 3831 1017 3914 predictum
1033 3856 1169 3918 regnum
1185 3835 1294 3904 Sicilie
1309 3859 1470 3923 regresso,

334 3937 452 4019 magist
452 3957 487 4000 er
438 3936 528 4002 J
529 3935 672 4002 ohannes
688 3937 870 4022 sepedictus
895 3940 942 4004 nil
958 3940 1018 4006 sibi
1035 3943 1166 4025 suisque
1191 3967 1250 4028 pro
1266 3947 1470 4016 exaltacione

332 4044 435 4108 nostri
450 4043 532 4127 regii
548 4045 908 4127 regiminisethonoris
933 4047 1132 4116 incremento
1157 4075 1196 4118 ac
1220 4062 1393 4138 augmento
1419 4060 1471 4124 rei

334 4149 461 4232 publice
484 4152 645 4235 parcendo
669 4153 835 4220 laboribus
861 4163 894 4221 et
919 4161 1075 4241 expensis,
1106 4161 1316 4230 uobiscum
1287 4185 1355 4230 vice
1370 4166 1471 4248 profi·

334 4258 455 4324 cisocns
471 4259 671 4340 secundaria,
687 4269 762 4346 grat
762 4285 797 4329 os
748 4264 954 4331 tuobist
922 4272 954 4331 et
964 4276 1077 4352 accept
1078 4291 1113 4335 os
1123 4278 1273 4338 constant
1259 4279 1309 4338 ter
1319 4273 1472 4340 exhibuit

333 4365 517 4432 famulatus.
534 4369 628 4453 Eque
642 4371 819 4454 dignumt
792 4395 803 4436 r
820 4393 903 4456 aque
919 4374 1107 4442 estimantes
1123 4385 1161 4444 ut
1170 4379 1276 4464 dvgnrs
1292 4382 1416 4466 digna
1406 4405 1471 4448 rm-

334 4473 478 4558 pendaut
479 4497 518 4540 ur
534 4477 591 4540 et'
582 4499 754 4544 immensos
769 4479 897 4546 labores
916 4483 1044 4565 copiosa
1066 4507 1186 4552 merces
1211 4487 1335 4556 reficiat
1321 4497 1392 4556 tet
1418 4513 1473 4556 re-

334 4587 467 4659 stauret,
483 4589 520 4647 ut
536 4604 572 4648 eo
589 4587 733 4671 exemplo
750 4587 806 4652 alii
823 4588 949 4654 discant
972 4591 1031 4655 sub
1047 4595 1193 4679 principe
1217 4595 1356 4679 glorioso
1372 4599 1473 4665 devo-

335 4689 402 4754 cius
417 4689 578 4771 famulari,
593 4696 735 4761 volentes
752 4719 790 4760 ex
807 4699 916 4762 anivno
932 4699 1032 4782 ipsius
1049 4706 1166 4787 magist
1166 4727 1194 4768 rr
1153 4706 1372 4771 t'Johannis
1391 4731 1474 4791 gra-
