3180 5466
383 590 447 650 552
726 603 912 648 lurourronr
937 591 1152 650 orulrrrla.

407 818 413 828 .
431 766 569 849 petimus
586 815 613 829 ..
642 772 801 850 quatenus
817 775 959 832 restrum
975 767 1112 832 mittatis
1128 767 1290 832 bominem
1307 789 1366 850 pro
1378 767 1518 832 testimo·

391 871 444 935 nio
460 870 522 937 fide
539 873 681 956 dignum,
698 894 805 941 coram
824 896 887 957 quo
903 875 928 939 J
930 874 1072 938 ohannes
1083 875 1186 940 dictus
1203 873 1316 957 Burga
1331 877 1383 939 vel
1399 875 1518 940 Joban-

386 1002 442 1045 nes
458 978 497 1046 de
515 979 606 1047 Suuk
621 989 679 1048 aut
696 982 882 1066 Stephanus
899 983 938 1048 de
955 983 1124 1064 Burgartb
1143 984 1209 1048 sive
1225 982 1400 1048 Ladislaus
1416 985 1517 1050 dictus

387 1085 479 1152 Oheh
495 1089 568 1154 aliis
585 1089 772 1156 absentibus
788 1092 883 1155 homo
900 1097 1016 1168 noster,
1034 1093 1066 1155 in
1087 1089 1231 1173 predicto
1250 1089 1357 1154 medio
1374 1087 1517 1173 Quadra-

383 1196 502 1278 gesime
528 1198 710 1262 adfaciem
736 1199 958 1282 prenominato
984 1199 1145 1281 particule
1163 1205 1249 1262 terre
1275 1198 1414 1280 litigiose
1432 1221 1515 1264 acce-

384 1303 496 1384 dendo,
513 1307 546 1370 iu
563 1308 633 1390 ipso
649 1307 785 1372 arbitrio
802 1307 1018 1371 mediantibus
1035 1306 1107 1371 aliis
1133 1306 1238 1370 literis
1264 1307 1383 1370 nostris
1400 1306 1515 1390 obliga-

386 1414 487 1492 toriis,
504 1433 565 1494 que
582 1415 661 1479 inibi
678 1417 900 1494 ostenduntur,
915 1415 983 1479 fieri
1001 1415 1154 1493 debendo,
1170 1416 1326 1479 interesse
1342 1415 1465 1493 debeat,
1487 1423 1516 1478 et

386 1519 471 1585 facto
487 1522 556 1605 ipso
572 1522 716 1600 arbitrio,
733 1523 907 1587 secundum
925 1523 1010 1603 quod
1028 1522 1149 1587 dictum
1165 1521 1339 1587 arbitrium
1354 1523 1439 1586 iuter
1448 1545 1515 1606 par-

386 1635 434 1693 tes
451 1630 614 1714 predictas
634 1631 780 1696 habitum
794 1632 985 1714 dispositum
1002 1633 1170 1706 exstiterit,
1182 1631 1298 1696 seriem
1314 1631 1514 1694 tociusnobis

385 1737 599 1802 amicabiliter
615 1738 809 1804 rescribatis.
826 1739 949 1803 Datum
967 1740 1000 1802 in
1018 1739 1136 1802 Sancto
1154 1737 1312 1817 EmericO,
1331 1743 1448 1818 quarto
1465 1737 1511 1800 die

384 1847 516 1911 termini
544 1847 730 1928 supradicti,
754 1869 839 1911 anno
862 1847 983 1910 domiui
1000 1847 1074 1911 Μ1110
1092 1844 1212 1914 000Ιῃο
1228 1845 1295 1909 L¹¹¹⁰
1312 1847 1424 1928 primo.
1450 1844 1513 1908 Nos

383 1953 484 2035 igitur
500 2004 506 2017 .
526 2003 532 2015 .
556 1976 621 2018 una
638 1976 709 2018 cum
726 1954 879 2018 ,iohanne
896 1954 1243 2036 dictoBurgahomiue
1254 1957 1511 2016 restronostrum

382 2062 527 2125 misimus
544 2061 706 2126 hominem
721 2062 856 2126 fratrem
873 2063 1007 2126 Petrum
1024 2061 1187 2126 custodem
1208 2061 1342 2126 ecclesie
1357 2067 1463 2124 nostre
1474 2059 1511 2123 ad

384 2169 541 2251 premissa
551 2171 756 2252 exsequenda
766 2171 833 2234 uice
844 2169 1027 2253 nostra,qui
1037 2169 1165 2234 demum
1183 2221 1189 2234 .
1206 2221 1211 2232 .
1229 2170 1420 2244 retulerunt,
1432 2167 1512 2250 quod

384 2278 497 2342 ricinis
513 2283 546 2341 et
561 2279 788 2343 commetaneis
805 2280 962 2344 universis
972 2279 1162 2356 conuocatis,
1173 2277 1416 2360 presencialiter
1426 2295 1511 2340 acre-

384 2383 497 2463 dendo,
515 2392 548 2449 et
573 2392 682 2469 partes
700 2386 821 2451 scilicet
846 2387 980 2450 Iwanka
1005 2392 1037 2450 et
1061 2387 1216 2468 magister
1232 2382 1354 2450 Gallus
1380 2385 1411 2447 in
1435 2384 1510 2466 ipsis

381 2496 501 2559 octaris
518 2495 581 2560 diei
608 2495 705 2560 medii
730 2493 983 2578 Quadragesime
1001 2495 1118 2579 probos
1143 2497 1227 2560 viros
1253 2502 1287 2559 et
1303 2495 1453 2560 honestos
1471 2489 1509 2554 ad

382 2601 497 2666 faciem
522 2605 744 2684 prenominate
770 2604 930 2686 particule
954 2609 1040 2666 terre
1065 2602 1206 2685 litigiose
1231 2601 1437 2686 Mykotelelre
1453 2599 1511 2662 alio

382 2713 510 2776 nomine
527 2711 869 2778 Markbazaeleufelde
895 2713 1058 2776 nominate
1074 2712 1285 2776 arbitratores
1302 2712 1443 2794 ipsorum
1461 2711 1510 2774 ad·
1576 2715 1577 2737 ¹

383 2817 560 2896 duxissent,
577 2825 609 2882 et
634 2819 696 2902 ipsi
722 2818 813 2901 probi
843 2819 903 2882 viri
928 2817 1051 2882 scilicet
1076 2817 1288 2883 arbitratores
1305 2821 1392 2882 inter
1406 2823 1511 2902 partes
1574 2859 1575 2883 i

383 2947 480 3009 super
495 2926 567 3008 ipsa
583 2926 745 3009 particula
761 2932 849 2990 terre
864 2926 1004 3008 litigiose
1031 2925 1139 2989 taliter
1155 2925 1386 2990 reformassent
1401 2931 1432 2988 et
1448 2925 1511 2988 uni·
1573 2939 1574 2955 ¹

382 3039 485 3098 tatem
501 3038 657 3116 perpetue
673 3033 762 3116 pacis
778 3033 1015 3109 reformassent,
1041 3033 1127 3114 quod
1152 3034 1236 3098 circa
1260 3055 1363 3098 unum
1379 3031 1509 3096 rivulum
1571 3015 1573 3101 ,¹

382 3141 514 3224 Hyntus
531 3161 551 3204 a
567 3147 660 3223 parte
683 3140 938 3222 septemtrionali
963 3162 1060 3224 super
1086 3162 1184 3204 unum
1210 3141 1419 3206 monticulum
1435 3140 1509 3204 duas
1570 3151 1571 3173 ¹

382 3250 534 3332 antiquas
559 3255 661 3314 metas
688 3255 721 3313 et
746 3255 869 3314 veteres
894 3251 1097 3332 reperissent,
1114 3255 1147 3313 et
1175 3251 1353 3315 secundum
1385 3269 1505 3316 cursum

383 3356 528 3440 ipsarum
545 3357 682 3422 duarum
708 3363 868 3421 metarum
894 3357 1102 3440 antiquarum
1127 3356 1208 3421 alias
1234 3357 1317 3422 duas
1337 3379 1433 3421 novas
1449 3376 1509 3420 ere·

382 3465 512 3542 xissent,
529 3466 606 3530 item
623 3467 714 3529 iuxta
730 3487 827 3531 unam
844 3471 988 3541 stratam,
1007 3486 1069 3548 que
1086 3465 1190 3530 tendit
1206 3485 1318 3529 versus
1344 3463 1508 3530 Palathka.

383 3572 463 3638 duas
479 3595 577 3638 novas
593 3580 695 3638 metas
713 3575 905 3654 erexissent3
930 3576 1008 3638 item
1024 3575 1109 3638 inter
1125 3581 1228 3638 terras
1248 3575 1390 3640 arabiles
1406 3595 1508 3638 versus

383 3681 644 3762 septemtrionem
654 3682 735 3746 duas
752 3701 850 3745 noras
875 3689 978 3746 metas
997 3683 1182 3760 erexissent,
1207 3683 1284 3748 item
1303 3705 1401 3765 super
1416 3701 1508 3745 unum

382 3787 594 3851 monticulum
610 3788 788 3869 vulgariter
804 3787 939 3852 dicendo
955 3789 1033 3870 Pod,
1051 3811 1149 3854 unam
1170 3795 1291 3854 metam
1309 3810 1439 3868 noram,
1464 3808 1506 3850 ee-

382 3898 488 3956 terum
505 3895 590 3958 circa
605 3915 702 3957 unam
719 3915 870 3976 magnam
880 3897 973 3972 riam,
985 3915 1046 3976 que
1056 3896 1162 3961 tendit
1178 3917 1288 3962 versus
1304 3897 1414 3961 villam
1423 3897 1507 3960 Bura

384 4007 513 4084 aparte
529 4002 794 4084 septemtrionali,
820 4025 881 4084 que
907 4011 1037 4087 separat
1061 4006 1146 4068 inter
1163 4011 1284 4070 terram
1302 4003 1506 4089 Mykotelelre

383 4107 565 4172 Markhaza
582 4109 646 4173 alio
663 4111 790 4174 nomine
806 4111 965 4176 Eurholm
982 4119 1015 4176 et
1030 4113 1137 4188 Zaira,
1154 4113 1334 4178 erexissent
1349 4112 1426 4177 duas
1450 4133 1506 4175 me·

384 4219 435 4279 tas
446 4215 533 4279 etibi
543 4215 708 4283 finiuntur.
725 4217 850 4282 Datum
870 4221 1010 4284 secundo
1027 4219 1078 4284 die
1094 4221 1225 4286 termini
1241 4222 1414 4304 prenotati,
1429 4239 1506 4283 anno

383 4321 505 4387 domini
520 4323 595 4387 Μῑ110
612 4324 732 4392 00οΜ
747 4325 815 4390 Lm⁰
831 4327 978 4392 secundo.
1004 4327 1030 4392 J
1031 4329 1155 4394 adicem
1177 4337 1286 4395 antem
1304 4335 1413 4413 partes
1427 4335 1507 4392 tene·

382 4429 503 4495 buntur
519 4433 729 4514 complacare.

491 4595 586 4644 Istvdn
599 4595 766 4657 alvajdtnak
781 4599 914 4646 1352-ben
929 4597 986 4647 kelt
999 4598 1160 4664 ttiratrtbdl,
1171 4601 1301 4662 melynelr
1316 4601 1442 4662 eredetije
1452 4615 1506 4650 nou

388 4697 439 4731 van
454 4699 485 4732 az
500 4699 568 4732 orsa.
583 4685 704 4750 ltarlran,
718 4686 783 4748 dipl.
798 4691 865 4735 aaut.
881 4693 977 4736 28730.
991 4689 1073 4736 Ki'rzli
1086 4705 1090 4737 :
1105 4691 1213 4740 Koraos
1227 4692 1260 4738 N.
