3226 5462
538 474 634 537 1347.
651 491 727 534 nrx.
746 473 796 536 24.
1192 475 1233 536 43

96 649 179 714 duas
197 673 297 716 noros
312 655 416 718 metes
434 657 574 734 terreas3
591 651 664 717 inde
683 673 819 736 parrum
832 653 1070 738 progrediendo
1087 654 1129 720 od
1145 655 1235 735 erlui-

97 757 214 840 lonem‚
232 761 409 828 erexissent
434 760 533 826 aliem
558 782 673 828 novom
698 767 817 827 metam
842 768 991 840 terream,
1017 768 1051 826 et
1066 761 1107 827 ab
1123 761 1235 828 cadem

97 889 212 932 versus
228 869 361 952 plegem
378 869 608 936 occidentalem
620 870 790 953 pergendo,
807 871 983 936 erexissent
993 891 1106 936 novom
1116 877 1235 936 metam

98 981 250 1050 terream,
262 983 295 1040 et
305 975 347 1042 ob
358 977 468 1042 eedem
485 977 679 1043 reflectendo
689 978 730 1042 nd
742 979 935 1060 aquilonem,
946 1001 1080 1062 porrum
1093 981 1234 1062 sponium

98 1084 214 1160 cundo,
231 1087 411 1150 erexissent
429 1107 544 1150 novam
560 1093 681 1152 metam
698 1093 845 1165 terream,
862 1087 942 1152 etde
954 1087 1065 1152 ecdem
1081 1087 1237 1152 flectendo

104 1195 146 1259 cd
163 1195 399 1262 occidentalem
415 1197 555 1281 plagam,
571 1217 706 1280 pervum
723 1196 836 1274 eundo,
853 1197 1029 1262 erexissent
1044 1217 1160 1262 novem
1175 1217 1237 1261 mc-

98 1313 167 1367 tom
186 1304 388 1384 rursrralem3
412 1304 486 1368 inde
504 1304 624 1370 directe
635 1303 809 1388 eundoper
820 1304 953 1386 aliquod
964 1305 1110 1386 specium
1126 1326 1236 1370 versus

98 1412 233 1494 plegem
249 1413 492 1495 occidentalem,
509 1414 686 1478 erexissent
701 1435 816 1478 novam
826 1419 947 1478 metom
965 1421 1114 1492 terream,
1131 1419 1163 1478 et
1179 1435 1237 1497 per

97 1519 236 1584 condem
261 1519 393 1604 plegem
410 1523 443 1586 in
461 1521 570 1603 aliquo
588 1523 695 1605 specio
711 1523 824 1602 eundo,
850 1523 1027 1587 erexissent
1043 1544 1156 1587 novom
1173 1545 1236 1588 me·

100 1637 170 1691 tam
188 1633 329 1693 terream
347 1630 537 1708 cureuolem,
554 1637 586 1694 et
603 1628 770 1694 decadem
795 1628 837 1692 od
854 1627 988 1694 eandem
1013 1630 1144 1712 plegem
1169 1636 1235 1694 ten·

95 1735 210 1815 dendo,
224 1738 403 1802 erexissent
421 1737 520 1802 eliom
547 1759 661 1802 novem
688 1742 807 1800 metam
824 1743 974 1815 terream,
1002 1743 1035 1801 et
1058 1737 1097 1801 de
1124 1735 1235 1802 eodem

98 1865 156 1928 per
174 1845 310 1910 eandem
327 1845 458 1930 plegem
475 1846 636 1932 pergendo
652 1845 694 1910 ad
710 1845 808 1910 eliam
818 1849 937 1910 metam
954 1853 1101 1922 terream,
1118 1845 1236 1912 abhinc

96 1952 220 2017 directe
248 1953 352 2018 eundo
377 1953 418 2018 nd
444 1953 541 2018 oliam
567 1960 686 2018 metam
712 1961 860 2032 terream,
886 1953 960 2018 inde
985 1951 1178 2018 reflectendo
1194 1955 1236 2020 ad

97 2068 226 2142 partem
243 2061 488 2126 meridionalem
505 2062 546 2127 ad
563 2061 661 2127 aliam
687 2069 805 2126 metam
831 2068 980 2137 terream,
1014 2061 1088 2126 inde
1114 2061 1235 2128 directo

96 2169 203 2233 eundo
214 2169 256 2233 ad
269 2177 395 2253 portem
412 2171 642 2236 occidentalem
657 2171 806 2236 adoliam
818 2176 936 2235 metam
952 2177 1102 2249 terream,
1119 2171 1235 2236 deinde

97 2277 137 2341 ad
155 2277 256 2343 aliam
274 2279 364 2344 etad
382 2280 516 2344 eandem
533 2280 654 2346 directe
665 2279 820 2344 eundocd
832 2280 930 2344 aliem
948 2285 1067 2344 metem
1085 2288 1235 2356 terream,

96 2385 216 2448 abhinc
233 2384 411 2452 reflectitur
427 2386 468 2450 ad
485 2388 779 2470 septemtrionalem
790 2387 831 2451 ad
843 2387 941 2452 aliam
954 2393 1073 2452 metam
1084 2395 1233 2470 terream,

97 2493 185 2556 etde
203 2493 316 2558 eodem
335 2493 528 2560 reflectendo
544 2495 586 2560 ad
602 2502 728 2577 partem
748 2495 978 2562 occidentalem
997 2496 1037 2561 ad
1055 2498 1153 2562 aliam
1172 2519 1234 2562 me·

97 2610 163 2665 tem
180 2607 333 2684 terream,
350 2603 389 2666 de
407 2623 472 2684 quo
488 2605 604 2668 iternm
630 2605 672 2669 ad
698 2605 796 2669 oliam
819 2612 936 2669 metom
963 2611 1111 2682 terream,
1137 2610 1169 2669 et
1194 2605 1234 2668 de

103 2709 214 2774 endem
233 2712 352 2775 iterum
365 2711 515 2776 adoliam
532 2719 650 2777 metam
669 2719 808 2778 terream
826 2714 1016 2790 cursualem,
1027 2713 1108 2778 etde
1120 2713 1232 2779 eadem

98 2841 209 2884 versus
225 2821 358 2904 plagam
374 2819 603 2886 occidentalem
619 2821 781 2906 pergendo
806 2821 848 2886 od
869 2822 950 2886 duos
976 2827 1077 2886 metas
1103 2827 1229 2887 terreos

99 2929 186 2992 circa
203 2925 432 3010 Megemalelxa
442 2935 574 3011 erectas,
585 2929 624 2995 de
635 2929 753 3011 quibus
769 2951 879 2994 versus
895 2929 1026 3012 plagam
1043 2929 1232 3013 septembri-

98 3035 227 3099 onalem
244 3057 302 3118 per
327 3035 463 3100 eandem
488 3035 717 3120 Megemalaka
744 3037 891 3122 pervenit
916 3056 1019 3116 nsque
1045 3035 1086 3100 ad
1110 3041 1232 3102 terrem

100 3141 193 3208 Chen
210 3149 243 3208 et
259 3143 303 3208 ibi
321 3145 522 3210 terminetur.
538 3143 663 3210 Datum
667 3145 817 3230 sabbato
842 3145 988 3229 proximo
1014 3151 1089 3209 onte
1115 3143 1232 3209 festum

99 3253 187 3316 henti
199 3251 333 3336 Georgii
347 3255 498 3336 martiris,
518 3276 602 3319 anno
623 3255 742 3320 domini
761 3253 814 3319 Μ0
838 3252 958 3321 000ῐῃο
971 3253 1232 3339 XLmseptimo.

210 3417 340 3480 Paphon,
362 3417 487 3468 ztrlotdn
501 3418 591 3481 penset
610 3418 795 3468 tor-edekeivel
808 3435 813 3480 ;
827 3417 957 3480 eredctijc
968 3433 999 3468 oz
1011 3433 1079 3467 orsz.
1090 3421 1121 3467 lt.
1133 3418 1231 3468 kinost.
1332 3415 1335 3420 ’

100 3517 168 3556 oszr.
182 3507 298 3556 Monial.
312 3507 345 3556 V.
359 3507 428 3558 Bud.
442 3513 466 3557 4.
485 3515 524 3558 15.
537 3507 604 3571 dipl.
619 3510 650 3558 lt.
665 3515 743 3558 3900.
764 3508 866 3556 Kivtl:
888 3507 998 3558 Metelis
1020 3508 1052 3556 de
1067 3507 1231 3558 Orrncnkez.

101 3601 183 3650 anli
196 3617 201 3648 :
221 3601 330 3651 Kovdcs
343 3601 376 3650 N.

642 3911 692 3971 22.

104 4071 197 4134 1347.
214 4093 283 4156 apr.
301 4071 352 4133 24.
381 4069 550 4154 Aoyc'trcc'
573 4069 728 4154 lcdptolan
744 4067 814 4133 elect
840 4093 861 4132 o
888 4069 986 4132 Peeclr
1013 4067 1232 4153 ›romzeleeybdl

102 4177 177 4242 calo
192 4175 319 4242 Aladdr
333 4179 378 4258 fio
401 4177 516 4242 Tamais
544 4176 598 4259 (az
622 4173 772 4262 Afforryi
787 4197 826 4238 cs.
847 4173 927 4258 doe),
956 4177 1069 4261 djoo'ri,
1096 4175 1233 4238 berencci

101 4289 131 4350 ἐκ
148 4287 271 4372 csejtlrei
287 4289 441 4372 vdrnayy,
468 4281 601 4370 Szeplat
616 4292 695 4347 novit
722 4283 856 4347 birlolcdt
883 4283 1008 4368 Mida‘ly
1024 4283 1140 4364 fidoolc
1167 4283 1229 4346 De·

396 4391 550 4458 deterret
566 4393 596 4456 6⁸
613 4391 766 4456 trircdnak
782 4393 932 4478 (itenqedi.

212 4557 317 4622 Series
327 4557 496 4621 literarum
506 4555 639 4639 capituli
650 4551 696 4634 (N
698 4544 853 4638 itriensis)
865 4556 898 4620 in
909 4554 989 4619 sesto
999 4553 1084 4619 beati
1096 4553 1230 4637 Georgii

102 4666 254 4743 martiris,
280 4687 365 4730 enno
389 4664 508 4730 domini
533 4642 709 4732 Millesimo
734 4665 958 4730 trecentesimo
984 4663 1230 4747 quadragesimo
