3138 5462
517 381 706 443 1341101.
724 382 775 442 30.
833 395 838 404 '
1153 383 1215 444 157

101 565 176 623 terra
189 555 309 641 Zuaylr
325 579 345 623 a
361 558 560 642 possessione
570 556 726 622 nobilium
742 557 781 622 de
791 555 924 622 Endred
941 556 1217 642 separatur31nde

102 666 179 730 uadit
192 685 300 730 versus
317 667 474 730 orientem
489 665 723 749 ad⁸virgnltum
745 687 844 748 supra
869 666 911 730 ad
936 687 1034 730 unam
1049 666 1217 749 antiquam
1303 698 1306 705 ·

105 779 223 852 metam,
247 775 336 839 circa
363 795 461 856 quam
485 773 583 840 aliam
609 795 725 840 novam
750 774 945 856 erexissent;
977 773 1051 838 inde
1076 771 1219 838 flectitur

105 904 201 946 versus
217 876 488 964 septemtrionem,
513 889 545 948 et
570 883 729 947 modicum
756 884 789 946 in
814 882 925 946 eodem
950 881 1089 965 virgulto
1115 880 1220 946 eundo

103 994 177 1057 venit
187 993 228 1056 ad
239 993 320 1059 duas
330 999 434 1058 metas
445 993 598 1074 antiquas
615 1014 753 1074 quarum
763 992 1015 1076 unaadpartem
1031 992 1220 1057 orientalem

104 1107 220 1184 separat
245 1101 478 1184 possessionem
510 1101 647 1186 predicti
677 1102 826 1186 magistri
853 1099 987 1185 Chenylr
1011 1099 1221 1183 Perezlegfeu

102 1213 242 1286 uocatam,
259 1215 292 1273 et
307 1209 374 1274 alia
384 1208 426 1273 ad
436 1215 561 1292 partem
578 1210 808 1276 occidentalem
824 1210 973 1292 distingit
988 1209 1220 1293 possessionem

102 1314 223 1382 Endred
238 1324 453 1402 prenotatam,
476 1319 568 1383 iuxta
586 1337 667 1400 quas
684 1317 813 1400 quidem
833 1318 913 1383 duas
938 1319 1092 1400 antiquas
1117 1323 1221 1382 metas

102 1424 223 1489 terciam
239 1425 279 1489 de
295 1447 377 1490 novo
393 1425 589 1506 erexissent3
612 1426 687 1490 inde
711 1426 801 1490 vadit
825 1445 936 1491 versus
961 1426 1221 1508 septemtrionem

102 1532 131 1594 in
146 1531 251 1596 eodem
266 1532 407 1615 virgulto
423 1533 528 1598 eundo
547 1531 674 1598 devenit
689 1531 731 1597 ad
747 1532 926 1616 predictam
942 1539 1063 1598 terram
1079 1553 1136 1598 seu
1151 1555 1223 1617 pos·

103 1641 265 1704 sessionem
282 1640 418 1704 Kechen
429 1640 471 1705 ad
482 1640 562 1706 duas
578 1646 681 1706 metas
698 1640 884 1724 angulares,
894 1641 980 1706 circa
991 1660 1072 1722 quas
1089 1642 1222 1706 terciam

112 1768 218 1812 nouam
244 1749 429 1826 erexissent,
453 1769 592 1830 quarum
617 1769 682 1812 una
707 1748 884 1832 predictam
908 1749 1140 1832 possessionem
1164 1751 1224 1814 Pe·

105 1855 259 1938 rezlegleu,
276 1863 310 1922 et
326 1856 392 1920 alia
407 1857 640 1940 possessionem
651 1856 793 1936 Endred,
809 1878 848 1922 ac
863 1858 964 1922 tercia
981 1857 1085 1941 ipsam
1101 1865 1222 1923 terram

104 1963 228 2028 Kechen
254 1971 408 2047 separant
432 1971 464 2029 et
488 1965 687 2048 distingunt;
719 1963 793 2029 inde
818 1965 984 2030 descendit
1008 1986 1118 2030 versus
1144 1966 1225 2032 occi·

104 2071 221 2140 dentem
231 2075 272 2140 ad
282 2081 404 2140 terram
420 2075 586 2154 arabilem,
596 2075 629 2138 in
647 2075 762 2155 quaed
775 2075 936 2156 quendam
946 2096 1081 2159 parvum
1091 2075 1223 2140 dummn

105 2182 205 2247 salicis
220 2184 398 2249 erexissent
412 2205 511 2248 unam
526 2189 655 2260 metam,
679 2200 741 2266 que
757 2183 799 2248 ad
815 2189 941 2266 partem
962 2184 1225 2267 septemtrionem

105 2289 272 2372 predictam
297 2298 418 2356 terram
434 2291 579 2370 Kechen,
603 2298 636 2356 et
651 2290 693 2355 ad
708 2291 875 2356 meridiem
901 2298 1032 2376 separat
1055 2293 1227 2376 possessio-

106 2418 173 2461 nem
187 2398 318 2463 Endred
333 2405 555 2482 prenotatam,
578 2398 651 2464 inde
677 2398 764 2462 venit
789 2398 830 2464 ad
856 2398 1018 2479 quandam
1043 2401 1227 2482 viamque

108 2505 145 2568 de
168 2505 300 2570 Kechen
325 2508 453 2572 venitur
478 2507 512 2570 in
537 2507 672 2571 Endred
688 2505 877 2589 predictam,
903 2508 994 2571 iuxta
1019 2527 1115 2587 quarn
1141 2509 1227 2572 viam

108 2634 198 2678 unam
212 2619 332 2678 metam
357 2620 496 2680 terream
522 2615 707 2696 erexissent,
731 2614 804 2678 inde
824 2613 914 2678 vadit
929 2614 970 2678 ad
986 2619 1126 2679 montem
1143 2612 1227 2680 Ona-

107 2722 233 2804 mahyge
249 2722 380 2804 dictum,
397 2723 433 2786 in
450 2742 514 2804 quo
529 2722 620 2787 iuxta
644 2721 750 2787 locum
775 2721 882 2804 stagni
907 2727 984 2786 sunt
1008 2721 1071 2786 due
1095 2723 1228 2805 antique

108 2835 193 2910 mete,
215 2851 294 2912 quas
320 2836 536 2908 renovassent,
561 2851 699 2912 quarum
714 2849 780 2894 una
807 2830 849 2894 ad
874 2829 1134 2912 septemtrionem
1158 2850 1229 2912 pre·

109 2935 220 3001 dictam
236 2943 358 3002 terram
369 2937 514 3016 Kechen,
531 2944 563 3002 et
572 2937 638 3002 alia
648 2938 689 3002 ad
700 2937 868 3002 meridiem
880 2938 984 3020 ipsam
997 2937 1228 3020 possessionem
1279 2941 1282 2953 '

108 3042 233 3108 Endred
250 3051 447 3129 separarent,
465 3045 504 3109 de
515 3051 817 3128 quomonteversus
834 3045 990 3108 orientem
1001 3043 1229 3122 descendendo,

109 3152 190 3216 uenit
204 3151 245 3216 ad
260 3173 413 3236 magnam
428 3153 521 3231 viam,
548 3174 609 3235 que
628 3152 777 3234 distingit
802 3152 906 3235 ipsam
930 3157 1052 3218 terram
1079 3173 1134 3217 seu
1160 3173 1231 3238 pos-

108 3260 274 3325 sessionem
298 3260 434 3325 Kechen
458 3281 478 3324 a
503 3261 702 3344 possessione
727 3259 889 3324 dohannis
915 3259 973 3325 filii
998 3259 1121 3342 Budur,
1145 3260 1231 3324 circa

109 3387 201 3448 quam
216 3369 302 3433 viam
318 3368 496 3433 erexissent
513 3389 608 3432 unam
624 3373 758 3448 metam3
769 3367 847 3453 jude
857 3387 915 3450 per
925 3366 1028 3451 ipsam
1044 3367 1127 3431 viam
1143 3367 1233 3432 vadit

108 3495 214 3540 versus
244 3477 505 3560 septemtrionem
530 3475 572 3540 ad
596 3497 748 3559 magnum
780 3477 933 3559 spacium,
957 3481 990 3539 et
1013 3475 1104 3539 iuxta
1128 3476 1231 3558 ipsam

108 3584 224 3648 viama
249 3591 342 3668 parte
368 3585 540 3650 occidentis
557 3585 735 3648 erexissent
753 3585 871 3648 iterum
894 3605 991 3648 unam
1017 3589 1153 3663 metam,
1177 3582 1232 3646 ad-

107 3691 170 3756 huc
178 3713 235 3775 per
244 3693 347 3776 ipsam
358 3693 443 3756 viam
453 3712 563 3756 versus
579 3691 840 3774 septemtrionem
850 3690 964 3768 eundo,
980 3691 1065 3754 inter
1074 3690 1155 3754 duas
1165 3691 1233 3754 vias

109 3801 283 3866 erexissent
298 3821 396 3866 unam
411 3807 549 3881 metam;
571 3799 645 3863 inde
661 3799 822 3863 modicum
847 3820 958 3862 versus
975 3797 1171 3862 occidentem
1187 3797 1233 3861 di-

108 3907 264 3990 vertendo,
288 3908 378 3972 vadit
393 3899 434 3972 ad
450 3912 592 3972 montem
609 3912 641 3972 et
656 3907 803 3989 pervenit
821 3905 972 3987 adriam,
988 3907 1074 3970 circa
1099 3927 1197 3988 quam
1214 3927 1234 3969 a

106 4021 197 4098 parte
221 4015 372 4080 orientali
397 4017 576 4080 erexissent
600 4035 697 4079 unam
722 4020 843 4079 metam
871 4013 1069 4096 angularem,
1094 4034 1155 4094 que
1181 4015 1233 4078 via

106 4123 148 4186 ad
165 4129 288 4206 partem
313 4122 446 4188 orientis
471 4127 601 4205 separat
626 4121 805 4204 predictam
829 4127 952 4186 terram
976 4121 1122 4204 Kechen,
1145 4129 1178 4186 et
1194 4121 1234 4185 ad

108 4237 233 4312 partem
249 4229 480 4296 occidentalem
496 4229 645 4312 distingit
669 4230 900 4312 possessionem
917 4229 1079 4294 Johannis
1094 4228 1154 4293 filii
1170 4229 1235 4293 Bu-

108 4337 171 4401 dur
191 4337 371 4421 prenotati3
394 4337 467 4402 inde
484 4336 518 4401 in
543 4337 655 4402 eadem
681 4338 733 4401 via
758 4338 791 4400 in
818 4337 897 4402 silva
922 4358 981 4421 per
995 4358 1149 4419 magnum
1165 4359 1236 4421 spa·

107 4447 192 4511 cium
208 4446 322 4527 eundo,
346 4466 437 4510 secus
454 4444 617 4528 quandam
634 4451 770 4510 stratam
795 4444 971 4510 erexissent
987 4465 1084 4510 uuam
1100 4451 1237 4523 metam3

107 4553 182 4617 inde
200 4553 304 4617 adhuc
329 4533 447 4618 sersus*
465 4553 727 4636 septemtrionem
744 4552 857 4635 eundo,
883 4553 970 4616 venit
985 4552 1027 4616 ad
1044 4559 1109 4616 tres
1134 4559 1236 4617 metas
