<?xml version="1.0" encoding="UTF-8"?>
<!DOCTYPE html PUBLIC "-//W3C//DTD XHTML 1.0 Transitional//EN"
    "http://www.w3.org/TR/xhtml1/DTD/xhtml1-transitional.dtd">
<html xmlns="http://www.w3.org/1999/xhtml" xml:lang="en" lang="en">
 <head>
  <title>
</title>
<meta http-equiv="Content-Type" content="text/html;charset=utf-8" />
  <meta name='ocr-system' content='tesseract 3.04.00' />
  <meta name='ocr-capabilities' content='ocr_page ocr_carea ocr_par ocr_line ocrx_word'/>
</head>
<body>
  <div class='ocr_page' id='page_1' title='image "./codexdiplomatic06nagygoog_0048.png"; bbox 0 0 3226 5462; ppageno 0'>
   <div class='ocr_carea' id='block_1_1' title="bbox 541 537 1215 601">
    <p class='ocr_par' dir='ltr' id='par_1_1' title="bbox 541 537 1215 601">
     <span class='ocr_line' id='line_1_1' title="bbox 541 537 1215 601; baseline 0.003 -3"><span class='ocrx_word' id='word_1_1' title='bbox 541 537 635 601; x_wconf 77' lang='lat'>1347.</span> <span class='ocrx_word' id='word_1_2' title='bbox 652 557 725 599; x_wconf 76' lang='lat' dir='ltr'><strong>aen.</strong></span> <span class='ocrx_word' id='word_1_3' title='bbox 743 540 771 600; x_wconf 84' lang='grc'><strong>6.</strong></span> <span class='ocrx_word' id='word_1_4' title='bbox 1174 541 1215 600; x_wconf 74' lang='lat'><strong>:35</strong></span> 
     </span>
    </p>
   </div>
   <div class='ocr_carea' id='block_1_2' title="bbox 92 714 1215 2315">
    <p class='ocr_par' dir='ltr' id='par_1_2' title="bbox 92 714 1215 2315">
     <span class='ocr_line' id='line_1_2' title="bbox 92 714 1211 802; baseline -0.002 -20"><span class='ocrx_word' id='word_1_5' title='bbox 92 715 264 782; x_wconf 85' lang='lat' dir='ltr'><strong>etalterius</strong></span> <span class='ocrx_word' id='word_1_6' title='bbox 290 714 422 782; x_wconf 87' lang='lat' dir='ltr'><strong>Nicolai</strong></span> <span class='ocrx_word' id='word_1_7' title='bbox 446 715 506 782; x_wconf 88' lang='lat' dir='ltr'><strong>filii</strong></span> <span class='ocrx_word' id='word_1_8' title='bbox 530 715 678 782; x_wconf 86' lang='lat' dir='ltr'><strong>Ladislai</strong></span> <span class='ocrx_word' id='word_1_9' title='bbox 703 715 742 780; x_wconf 91' lang='lat' dir='ltr'><strong>de</strong></span> <span class='ocrx_word' id='word_1_10' title='bbox 769 715 953 802; x_wconf 78' lang='lat' dir='ltr'><strong>Chythnuk,</strong></span> <span class='ocrx_word' id='word_1_11' title='bbox 979 717 1065 799; x_wconf 87' lang='lat' dir='ltr'><strong>quod</strong></span> <span class='ocrx_word' id='word_1_12' title='bbox 1092 717 1211 781; x_wconf 89' lang='lat' dir='ltr'><strong>Petrus</strong></span> 
     </span>
     <span class='ocr_line' id='line_1_3' title="bbox 93 823 1212 908; baseline -0.001 -18"><span class='ocrx_word' id='word_1_13' title='bbox 93 825 171 890; x_wconf 89' lang='lat' dir='ltr'><strong>lilius</strong></span> <span class='ocrx_word' id='word_1_14' title='bbox 186 824 327 890; x_wconf 88' lang='lat' dir='ltr'><strong>eiusdem</strong></span> <span class='ocrx_word' id='word_1_15' title='bbox 343 823 522 901; x_wconf 82' lang='lat' dir='ltr'><strong>Benedicti,</strong></span> <span class='ocrx_word' id='word_1_16' title='bbox 547 845 643 908; x_wconf 90' lang='lat' dir='ltr'><strong>super</strong></span> <span class='ocrx_word' id='word_1_17' title='bbox 670 825 766 890; x_wconf 85' lang='lat' dir='ltr'><strong>terris</strong></span> <span class='ocrx_word' id='word_1_18' title='bbox 793 847 903 891; x_wconf 91' lang='lat' dir='ltr'><strong>corum</strong></span> <span class='ocrx_word' id='word_1_19' title='bbox 930 825 1095 892; x_wconf 83' lang='lat' dir='ltr'><strong>usualibus</strong></span> <span class='ocrx_word' id='word_1_20' title='bbox 1121 832 1212 890; x_wconf 84' lang='lat' dir='ltr'><strong>extra</strong></span> 
     </span>
     <span class='ocr_line' id='line_1_4' title="bbox 93 929 1212 1017; baseline -0.002 -19"><span class='ocrx_word' id='word_1_21' title='bbox 93 933 186 1016; x_wconf 90' lang='lat' dir='ltr'><strong>ipsam</strong></span> <span class='ocrx_word' id='word_1_22' title='bbox 202 932 310 1000; x_wconf 76' lang='lat' dir='ltr'><strong>villam</strong></span> <span class='ocrx_word' id='word_1_23' title='bbox 327 929 504 1017; x_wconf 82' lang='lat' dir='ltr'><strong>Ohythnuk</strong></span> <span class='ocrx_word' id='word_1_24' title='bbox 520 933 741 1016; x_wconf 85' lang='lat' dir='ltr'><strong>existentibus,</strong></span> <span class='ocrx_word' id='word_1_25' title='bbox 758 934 900 1000; x_wconf 89' lang='lat' dir='ltr'><strong>nondum</strong></span> <span class='ocrx_word' id='word_1_26' title='bbox 910 935 1015 1000; x_wconf 85' lang='lat' dir='ltr'><strong>adhuc</strong></span> <span class='ocrx_word' id='word_1_27' title='bbox 1026 937 1109 998; x_wconf 89' lang='lat' dir='ltr'><strong>iuter</strong></span> <span class='ocrx_word' id='word_1_28' title='bbox 1127 935 1212 1017; x_wconf 91' lang='lat' dir='ltr'><strong>ipsos</strong></span> 
     </span>
     <span class='ocr_line' id='line_1_5' title="bbox 92 1040 1207 1125; baseline 0 -20"><span class='ocrx_word' id='word_1_29' title='bbox 92 1041 199 1118; x_wconf 72' lang='lat' dir='ltr'><strong>divisis,</strong></span> <span class='ocrx_word' id='word_1_30' title='bbox 216 1040 400 1123; x_wconf 87' lang='lat' dir='ltr'><strong>iobagiones</strong></span> <span class='ocrx_word' id='word_1_31' title='bbox 423 1041 573 1106; x_wconf 89' lang='lat' dir='ltr'><strong>descendi</strong></span> <span class='ocrx_word' id='word_1_32' title='bbox 590 1049 623 1106; x_wconf 89' lang='lat' dir='ltr'><strong>et</strong></span> <span class='ocrx_word' id='word_1_33' title='bbox 639 1043 828 1125; x_wconf 81' lang='lat' dir='ltr'><strong>congregari</strong></span> <span class='ocrx_word' id='word_1_34' title='bbox 855 1043 958 1108; x_wconf 86' lang='lat' dir='ltr'><strong>facere</strong></span> <span class='ocrx_word' id='word_1_35' title='bbox 983 1045 1151 1110; x_wconf 78' lang='lat' dir='ltr'><strong>niteretur.</strong></span> <span class='ocrx_word' id='word_1_36' title='bbox 1175 1043 1207 1105; x_wconf 91' lang='lat' dir='ltr'><strong>in</strong></span> 
     </span>
     <span class='ocr_line' id='line_1_6' title="bbox 92 1147 1213 1232; baseline -0.001 -20"><span class='ocrx_word' id='word_1_37' title='bbox 92 1148 291 1232; x_wconf 89' lang='lat' dir='ltr'><strong>preiudicium</strong></span> <span class='ocrx_word' id='word_1_38' title='bbox 308 1148 492 1213; x_wconf 88' lang='lat' dir='ltr'><strong>eorumdem</strong></span> <span class='ocrx_word' id='word_1_39' title='bbox 504 1147 630 1212; x_wconf 88' lang='lat' dir='ltr'><strong>Nicolai</strong></span> <span class='ocrx_word' id='word_1_40' title='bbox 641 1148 719 1212; x_wconf 90' lang='lat' dir='ltr'><strong>dicti</strong></span> <span class='ocrx_word' id='word_1_41' title='bbox 732 1148 812 1214; x_wconf 90' lang='lat' dir='ltr'><strong>Kuu</strong></span> <span class='ocrx_word' id='word_1_42' title='bbox 830 1150 1005 1215; x_wconf 89' lang='lat' dir='ltr'><strong>etalterius</strong></span> <span class='ocrx_word' id='word_1_43' title='bbox 1016 1149 1144 1214; x_wconf 85' lang='lat' dir='ltr'><strong>Nicolai</strong></span> <span class='ocrx_word' id='word_1_44' title='bbox 1156 1148 1213 1212; x_wconf 91' lang='lat' dir='ltr'><strong>filii</strong></span> 
     </span>
     <span class='ocr_line' id='line_1_7' title="bbox 92 1255 1212 1340; baseline -0.002 -18"><span class='ocrx_word' id='word_1_45' title='bbox 92 1255 225 1322; x_wconf 78' lang='lat' dir='ltr'><strong>ladislai</strong></span> <span class='ocrx_word' id='word_1_46' title='bbox 237 1278 299 1322; x_wconf 91' lang='lat' dir='ltr'><strong>non</strong></span> <span class='ocrx_word' id='word_1_47' title='bbox 309 1256 469 1321; x_wconf 89' lang='lat' dir='ltr'><strong>modicum</strong></span> <span class='ocrx_word' id='word_1_48' title='bbox 479 1262 513 1320; x_wconf 89' lang='lat' dir='ltr'><strong>et</strong></span> <span class='ocrx_word' id='word_1_49' title='bbox 523 1277 705 1339; x_wconf 82' lang='lat' dir='ltr'><strong>gravamen.</strong></span> <span class='ocrx_word' id='word_1_50' title='bbox 715 1255 876 1340; x_wconf 77' lang='lat' dir='ltr'><strong>Quocirca</strong></span> <span class='ocrx_word' id='word_1_51' title='bbox 887 1259 1066 1323; x_wconf 86' lang='lat' dir='ltr'><strong>amiciciam</strong></span> <span class='ocrx_word' id='word_1_52' title='bbox 1074 1264 1212 1322; x_wconf 84' lang='lat' dir='ltr'><strong>vestram</strong></span> 
     </span>
     <span class='ocr_line' id='line_1_8' title="bbox 93 1365 1213 1450; baseline -0.002 -20"><span class='ocrx_word' id='word_1_53' title='bbox 93 1365 283 1450; x_wconf 89' lang='lat' dir='ltr'><strong>presentibus</strong></span> <span class='ocrx_word' id='word_1_54' title='bbox 293 1367 434 1450; x_wconf 89' lang='lat' dir='ltr'><strong>petimus</strong></span> <span class='ocrx_word' id='word_1_55' title='bbox 452 1415 457 1428; x_wconf 95' lang='lat'><em>.</em></span> <span class='ocrx_word' id='word_1_56' title='bbox 475 1414 481 1428; x_wconf 93' lang='lat'><strong>.</strong></span> <span class='ocrx_word' id='word_1_57' title='bbox 500 1371 659 1446; x_wconf 85' lang='lat' dir='ltr'><strong>quatenus</strong></span> <span class='ocrx_word' id='word_1_58' title='bbox 676 1373 820 1430; x_wconf 86' lang='lat' dir='ltr'><strong>vestrum</strong></span> <span class='ocrx_word' id='word_1_59' title='bbox 836 1367 1144 1432; x_wconf 85' lang='lat' dir='ltr'><strong>mittatishomincm</strong></span> <span class='ocrx_word' id='word_1_60' title='bbox 1155 1387 1213 1448; x_wconf 86' lang='lat' dir='ltr'><strong>pro</strong></span> 
     </span>
     <span class='ocr_line' id='line_1_9' title="bbox 93 1473 1211 1559; baseline -0.003 -19"><span class='ocrx_word' id='word_1_61' title='bbox 93 1475 262 1540; x_wconf 85' lang='lat' dir='ltr'><strong>testimonio</strong></span> <span class='ocrx_word' id='word_1_62' title='bbox 273 1473 479 1558; x_wconf 87' lang='lat' dir='ltr'><strong>fidedignum,</strong></span> <span class='ocrx_word' id='word_1_63' title='bbox 496 1495 559 1556; x_wconf 91' lang='lat' dir='ltr'><strong>quo</strong></span> <span class='ocrx_word' id='word_1_64' title='bbox 570 1481 723 1559; x_wconf 80' lang='lat' dir='ltr'><strong>presente</strong></span> <span class='ocrx_word' id='word_1_65' title='bbox 735 1476 858 1541; x_wconf 88' lang='lat' dir='ltr'><strong>Paulus</strong></span> <span class='ocrx_word' id='word_1_66' title='bbox 869 1476 908 1541; x_wconf 90' lang='lat' dir='ltr'><strong>de</strong></span> <span class='ocrx_word' id='word_1_67' title='bbox 919 1475 1145 1542; x_wconf 82' lang='lat' dir='ltr'><strong>Bethlenfalva</strong></span> <span class='ocrx_word' id='word_1_68' title='bbox 1163 1474 1211 1537; x_wconf 86' lang='lat' dir='ltr'><strong>vel</strong></span> 
     </span>
     <span class='ocr_line' id='line_1_10' title="bbox 96 1582 1214 1650; baseline 0 -4"><span class='ocrx_word' id='word_1_69' title='bbox 96 1583 206 1648; x_wconf 87' lang='lat' dir='ltr'><strong>Paulus</strong></span> <span class='ocrx_word' id='word_1_70' title='bbox 225 1583 388 1649; x_wconf 83' lang='lat' dir='ltr'><strong>deblolah</strong></span> <span class='ocrx_word' id='word_1_71' title='bbox 407 1589 465 1648; x_wconf 77' lang='lat' dir='ltr'><strong>atrt</strong></span> <span class='ocrx_word' id='word_1_72' title='bbox 484 1582 573 1648; x_wconf 89' lang='lat' dir='ltr'><strong>Beke</strong></span> <span class='ocrx_word' id='word_1_73' title='bbox 596 1585 635 1646; x_wconf 74' lang='lat' dir='ltr'><strong>cle</strong></span> <span class='ocrx_word' id='word_1_74' title='bbox 655 1583 800 1648; x_wconf 89' lang='lat' dir='ltr'><strong>Melethc</strong></span> <span class='ocrx_word' id='word_1_75' title='bbox 821 1585 893 1649; x_wconf 86' lang='lat' dir='ltr'><strong>aliis</strong></span> <span class='ocrx_word' id='word_1_76' title='bbox 913 1583 1099 1650; x_wconf 80' lang='lat' dir='ltr'><strong>absentibus</strong></span> <span class='ocrx_word' id='word_1_77' title='bbox 1120 1583 1214 1648; x_wconf 90' lang='lat' dir='ltr'><strong>homo</strong></span> 
     </span>
     <span class='ocr_line' id='line_1_11' title="bbox 95 1689 1215 1777; baseline 0 -23"><span class='ocrx_word' id='word_1_78' title='bbox 95 1691 203 1756; x_wconf 91' lang='lat' dir='ltr'><strong>domini</strong></span> <span class='ocrx_word' id='word_1_79' title='bbox 214 1692 306 1775; x_wconf 83' lang='lat' dir='ltr'><strong>regis,</strong></span> <span class='ocrx_word' id='word_1_80' title='bbox 323 1692 365 1756; x_wconf 88' lang='lat' dir='ltr'><strong>ad</strong></span> <span class='ocrx_word' id='word_1_81' title='bbox 381 1691 464 1756; x_wconf 91' lang='lat' dir='ltr'><strong>dicte</strong></span> <span class='ocrx_word' id='word_1_82' title='bbox 482 1693 689 1776; x_wconf 86' lang='lat' dir='ltr'><strong>possessionis</strong></span> <span class='ocrx_word' id='word_1_83' title='bbox 701 1689 880 1777; x_wconf 77' lang='lat' dir='ltr'><strong>Chythuuk</strong></span> <span class='ocrx_word' id='word_1_84' title='bbox 893 1691 1007 1758; x_wconf 86' lang='lat' dir='ltr'><strong>sociem</strong></span> <span class='ocrx_word' id='word_1_85' title='bbox 1024 1689 1165 1767; x_wconf 87' lang='lat' dir='ltr'><strong>accedat,</strong></span> <span class='ocrx_word' id='word_1_86' title='bbox 1182 1697 1215 1754; x_wconf 88' lang='lat' dir='ltr'><strong>et</strong></span> 
     </span>
     <span class='ocr_line' id='line_1_12' title="bbox 96 1797 1214 1883; baseline 0.001 -21"><span class='ocrx_word' id='word_1_87' title='bbox 96 1799 218 1864; x_wconf 89' lang='lat' dir='ltr'><strong>eundem</strong></span> <span class='ocrx_word' id='word_1_88' title='bbox 224 1799 360 1864; x_wconf 86' lang='lat' dir='ltr'><strong>Petrum</strong></span> <span class='ocrx_word' id='word_1_89' title='bbox 370 1797 472 1863; x_wconf 87' lang='lat' dir='ltr'><strong>filium</strong></span> <span class='ocrx_word' id='word_1_90' title='bbox 485 1798 653 1864; x_wconf 74' lang='lat' dir='ltr'><strong>Benedicti</strong></span> <span class='ocrx_word' id='word_1_91' title='bbox 669 1821 688 1863; x_wconf 89' lang='lat' dir='ltr'><strong>a</strong></span> <span class='ocrx_word' id='word_1_92' title='bbox 700 1800 951 1883; x_wconf 86' lang='lat' dir='ltr'><strong>congregacione</strong></span> <span class='ocrx_word' id='word_1_93' title='bbox 963 1800 1121 1864; x_wconf 75' lang='lat' dir='ltr'><strong>(lictorum</strong></span> <span class='ocrx_word' id='word_1_94' title='bbox 1132 1797 1214 1863; x_wconf 86' lang='lat' dir='ltr'><strong>ioba.</strong></span> 
     </span>
     <span class='ocr_line' id='line_1_13' title="bbox 96 1906 1214 1992; baseline 0 -22"><span class='ocrx_word' id='word_1_95' title='bbox 96 1908 214 1990; x_wconf 89' lang='lat' dir='ltr'><strong>gionum</strong></span> <span class='ocrx_word' id='word_1_96' title='bbox 230 1907 263 1972; x_wconf 91' lang='lat' dir='ltr'><strong>in</strong></span> <span class='ocrx_word' id='word_1_97' title='bbox 278 1906 390 1971; x_wconf 90' lang='lat' dir='ltr'><strong>cadem</strong></span> <span class='ocrx_word' id='word_1_98' title='bbox 408 1907 554 1972; x_wconf 83' lang='lat' dir='ltr'><strong>facienda</strong></span> <span class='ocrx_word' id='word_1_99' title='bbox 570 1907 738 1990; x_wconf 87' lang='lat' dir='ltr'><strong>prohibeat</strong></span> <span class='ocrx_word' id='word_1_100' title='bbox 765 1909 861 1972; x_wconf 76' lang='lat' dir='ltr'><strong>verbo</strong></span> <span class='ocrx_word' id='word_1_101' title='bbox 888 1909 974 1992; x_wconf 85' lang='lat' dir='ltr'><strong>regie</strong></span> <span class='ocrx_word' id='word_1_102' title='bbox 999 1907 1186 1972; x_wconf 88' lang='lat' dir='ltr'><strong>maiestatis.</strong></span> <span class='ocrx_word' id='word_1_103' title='bbox 1203 1942 1214 1954; x_wconf 95' lang='lat'>·</span> 
     </span>
     <span class='ocr_line' id='line_1_14' title="bbox 96 2014 1214 2099; baseline -0.004 -18"><span class='ocrx_word' id='word_1_104' title='bbox 96 2017 135 2081; x_wconf 86' lang='lat' dir='ltr'><strong>Et</strong></span> <span class='ocrx_word' id='word_1_105' title='bbox 148 2023 215 2099; x_wconf 88' lang='lat' dir='ltr'><strong>post</strong></span> <span class='ocrx_word' id='word_1_106' title='bbox 230 2016 287 2080; x_wconf 89' lang='lat' dir='ltr'><strong>hec</strong></span> <span class='ocrx_word' id='word_1_107' title='bbox 304 2015 419 2079; x_wconf 90' lang='lat' dir='ltr'><strong>seriem</strong></span> <span class='ocrx_word' id='word_1_108' title='bbox 436 2015 537 2098; x_wconf 91' lang='lat' dir='ltr'><strong>ipsius</strong></span> <span class='ocrx_word' id='word_1_109' title='bbox 555 2016 782 2098; x_wconf 88' lang='lat' dir='ltr'><strong>prohibicionis</strong></span> <span class='ocrx_word' id='word_1_110' title='bbox 798 2016 926 2081; x_wconf 88' lang='lat' dir='ltr'><strong>domino</strong></span> <span class='ocrx_word' id='word_1_111' title='bbox 943 2017 1011 2098; x_wconf 85' lang='lat' dir='ltr'><strong>regi</strong></span> <span class='ocrx_word' id='word_1_112' title='bbox 1029 2067 1035 2080; x_wconf 92' lang='lat'>.</span> <span class='ocrx_word' id='word_1_113' title='bbox 1053 2065 1059 2078; x_wconf 94' lang='lat'>.</span> <span class='ocrx_word' id='word_1_114' title='bbox 1076 2014 1214 2078; x_wconf 84' lang='lat' dir='ltr'><strong>fideliter</strong></span> 
     </span>
     <span class='ocr_line' id='line_1_15' title="bbox 97 2123 1214 2208; baseline -0.002 -20"><span class='ocrx_word' id='word_1_115' title='bbox 97 2123 275 2188; x_wconf 87' lang='lat' dir='ltr'><strong>rescribatis.</strong></span> <span class='ocrx_word' id='word_1_116' title='bbox 292 2123 417 2188; x_wconf 89' lang='lat' dir='ltr'><strong>Datum</strong></span> <span class='ocrx_word' id='word_1_117' title='bbox 428 2123 530 2200; x_wconf 90' lang='lat' dir='ltr'><strong>Bude‚</strong></span> <span class='ocrx_word' id='word_1_118' title='bbox 546 2123 628 2188; x_wconf 84' lang='lat' dir='ltr'><strong>feria</strong></span> <span class='ocrx_word' id='word_1_119' title='bbox 639 2131 758 2204; x_wconf 86' lang='lat' dir='ltr'><strong>quarta</strong></span> <span class='ocrx_word' id='word_1_120' title='bbox 769 2126 917 2208; x_wconf 84' lang='lat' dir='ltr'><strong>proxima</strong></span> <span class='ocrx_word' id='word_1_121' title='bbox 927 2130 998 2208; x_wconf 90' lang='lat' dir='ltr'><strong>post</strong></span> <span class='ocrx_word' id='word_1_122' title='bbox 1010 2123 1214 2188; x_wconf 89' lang='lat' dir='ltr'><strong>Dominicam</strong></span> 
     </span>
     <span class='ocr_line' id='line_1_16' title="bbox 97 2229 1106 2315; baseline -0.004 -17"><span class='ocrx_word' id='word_1_123' title='bbox 97 2229 387 2315; x_wconf 79' lang='lat' dir='ltr'><strong>Ramispulmarum</strong></span> <span class='ocrx_word' id='word_1_124' title='bbox 404 2251 488 2295; x_wconf 84' lang='lat' dir='ltr'><strong>anno</strong></span> <span class='ocrx_word' id='word_1_125' title='bbox 505 2231 625 2296; x_wconf 93' lang='lat' dir='ltr'><strong>domini</strong></span> <span class='ocrx_word' id='word_1_126' title='bbox 641 2231 693 2297; x_wconf 83' lang='grc' dir='ltr'><strong>Μο</strong></span> <span class='ocrx_word' id='word_1_127' title='bbox 718 2229 816 2299; x_wconf 77' lang='grc'><strong>0000</strong></span> <span class='ocrx_word' id='word_1_128' title='bbox 841 2231 945 2296; x_wconf 72' lang='lat' dir='ltr'><strong>Xli¹¹¹⁰</strong></span> <span class='ocrx_word' id='word_1_129' title='bbox 961 2231 1106 2314; x_wconf 89' lang='lat' dir='ltr'><strong>septimo.</strong></span> 
     </span>
    </p>
   </div>
   <div class='ocr_carea' id='block_1_3' title="bbox 98 2377 1213 2530">
    <p class='ocr_par' dir='ltr' id='par_1_3' title="bbox 98 2377 1213 2530">
     <span class='ocr_line' id='line_1_17' title="bbox 191 2377 1213 2442; baseline 0.001 -16"><span class='ocrx_word' id='word_1_130' title='bbox 191 2377 318 2439; x_wconf 83' lang='lat' dir='ltr'><strong>Pupiron,</strong></span> <span class='ocrx_word' id='word_1_131' title='bbox 333 2377 460 2426; x_wconf 77' lang='lat' dir='ltr'><strong>zrtrlatau</strong></span> <span class='ocrx_word' id='word_1_132' title='bbox 474 2377 564 2438; x_wconf 78' lang='lat' dir='ltr'><strong>pecsdt</strong></span> <span class='ocrx_word' id='word_1_133' title='bbox 579 2378 783 2442; x_wconf 77' lang='lat' dir='ltr'><strong>tlirede&#39;keivel3</strong></span> <span class='ocrx_word' id='word_1_134' title='bbox 798 2377 928 2442; x_wconf 81' lang='lat' dir='ltr'><strong>erodetije</strong></span> <span class='ocrx_word' id='word_1_135' title='bbox 943 2395 974 2427; x_wconf 80' lang='lat' dir='ltr'><strong>az</strong></span> <span class='ocrx_word' id='word_1_136' title='bbox 989 2394 1058 2427; x_wconf 74' lang='lat' dir='ltr'><strong>cruz.</strong></span> <span class='ocrx_word' id='word_1_137' title='bbox 1073 2381 1103 2428; x_wconf 86' lang='lat' dir='ltr'><strong>lt.</strong></span> <span class='ocrx_word' id='word_1_138' title='bbox 1116 2379 1213 2427; x_wconf 79' lang='lat' dir='ltr'><strong>lriucst.</strong></span> 
     </span>
     <span class='ocr_line' id='line_1_18' title="bbox 98 2468 944 2530; baseline 0.002 -14"><span class='ocrx_word' id='word_1_139' title='bbox 98 2477 156 2518; x_wconf 83' lang='lat' dir='ltr'><strong>oszt.</strong></span> <span class='ocrx_word' id='word_1_140' title='bbox 168 2471 200 2518; x_wconf 84' lang='lat' dir='ltr'><strong>N.</strong></span> <span class='ocrx_word' id='word_1_141' title='bbox 213 2471 245 2518; x_wconf 84' lang='lat' dir='ltr'><strong>R.</strong></span> <span class='ocrx_word' id='word_1_142' title='bbox 260 2469 293 2518; x_wconf 74' lang='lat' dir='ltr'><strong>A.</strong></span> <span class='ocrx_word' id='word_1_143' title='bbox 311 2471 387 2516; x_wconf 77' lang='lat'>1537.</span> <span class='ocrx_word' id='word_1_144' title='bbox 403 2473 426 2516; x_wconf 77' lang='lat'><strong>4.</strong></span> <span class='ocrx_word' id='word_1_145' title='bbox 441 2468 507 2530; x_wconf 83' lang='lat' dir='ltr'><strong>dipl.</strong></span> <span class='ocrx_word' id='word_1_146' title='bbox 523 2471 552 2518; x_wconf 89' lang='lat' dir='ltr'><strong>lt.</strong></span> <span class='ocrx_word' id='word_1_147' title='bbox 571 2475 648 2520; x_wconf 69' lang='grc'><strong>3896.</strong></span> <span class='ocrx_word' id='word_1_148' title='bbox 670 2471 768 2519; x_wconf 81' lang='lat' dir='ltr'><strong>Kozri:</strong></span> <span class='ocrx_word' id='word_1_149' title='bbox 790 2471 897 2520; x_wconf 73' lang='lat' dir='ltr'><strong>Koraos</strong></span> <span class='ocrx_word' id='word_1_150' title='bbox 911 2472 944 2518; x_wconf 82' lang='lat' dir='ltr'><strong>N.</strong></span> 
     </span>
    </p>
   </div>
   <div class='ocr_carea' id='block_1_4' title="bbox 626 2780 675 2839">
    <p class='ocr_par' dir='ltr' id='par_1_4' title="bbox 626 2780 675 2839">
     <span class='ocr_line' id='line_1_19' title="bbox 626 2780 675 2839; baseline 0.02 -1"><span class='ocrx_word' id='word_1_151' title='bbox 626 2780 675 2839; x_wconf 88' lang='lat'><strong>18.</strong></span> 
     </span>
    </p>
   </div>
   <div class='ocr_carea' id='block_1_5' title="bbox 98 2933 1216 3348">
    <p class='ocr_par' dir='ltr' id='par_1_5' title="bbox 100 2933 1216 3024">
     <span class='ocr_line' id='line_1_20' title="bbox 100 2933 1216 3024; baseline 0 -24"><span class='ocrx_word' id='word_1_152' title='bbox 100 2939 183 3004; x_wconf 67' lang='lat'><strong><em>1347.</em></strong></span> <span class='ocrx_word' id='word_1_153' title='bbox 197 2960 265 3023; x_wconf 85' lang='lat' dir='ltr'><strong>apr.</strong></span> <span class='ocrx_word' id='word_1_154' title='bbox 282 2938 312 3000; x_wconf 81' lang='lat'><strong>6.</strong></span> <span class='ocrx_word' id='word_1_155' title='bbox 345 2933 535 3001; x_wconf 76' lang='lat' dir='ltr'><strong>Atalocsai</strong></span> <span class='ocrx_word' id='word_1_156' title='bbox 559 2935 715 3022; x_wconf 81' lang='lat' dir='ltr'><strong>kdptalcn</strong></span> <span class='ocrx_word' id='word_1_157' title='bbox 741 2937 999 3024; x_wconf 74' lang='lat' dir='ltr'><strong>hicenpea‘plevele</strong></span> <span class='ocrx_word' id='word_1_158' title='bbox 1025 2935 1216 3002; x_wconf 72' lang='lat' dir='ltr'><strong>Secutla&#39;selo&#39;</strong></span> 
     </span>
    </p>

    <p class='ocr_par' dir='ltr' id='par_1_6' title="bbox 98 3044 1213 3132">
     <span class='ocr_line' id='line_1_21' title="bbox 98 3044 1213 3132; baseline -0.001 -24"><span class='ocrx_word' id='word_1_159' title='bbox 98 3055 165 3108; x_wconf 82' lang='lat' dir='ltr'><strong>nech&#39;</strong></span> <span class='ocrx_word' id='word_1_160' title='bbox 179 3045 341 3111; x_wconf 63' lang='lat' dir='ltr'><strong>bii-olench-</strong></span> <span class='ocrx_word' id='word_1_161' title='bbox 359 3044 564 3109; x_wconf 79' lang='lat' dir='ltr'><strong>Szentdz&#39;szlai</strong></span> <span class='ocrx_word' id='word_1_162' title='bbox 580 3044 660 3108; x_wconf 81' lang='lat' dir='ltr'><strong>Rc‘ur</strong></span> <span class='ocrx_word' id='word_1_163' title='bbox 676 3047 707 3108; x_wconf 85' lang='lat' dir='ltr'><strong>e&#39;s</strong></span> <span class='ocrx_word' id='word_1_164' title='bbox 726 3046 849 3132; x_wconf 76' lang='lat' dir='ltr'><strong>Miba&#39;ly</strong></span> <span class='ocrx_word' id='word_1_165' title='bbox 856 3047 923 3128; x_wconf 79' lang='lat' dir='ltr'><strong>fiai</strong></span> <span class='ocrx_word' id='word_1_166' title='bbox 933 3047 1001 3110; x_wconf 76' lang='lat' dir='ltr'><strong>leb&#39;zt</strong></span> <span class='ocrx_word' id='word_1_167' title='bbox 1017 3069 1071 3132; x_wconf 72' lang='lat' dir='ltr'><strong>epp</strong></span> <span class='ocrx_word' id='word_1_168' title='bbox 1087 3045 1213 3126; x_wconf 70' lang='lat' dir='ltr'><strong>reszrdl,</strong></span> 
     </span>
    </p>

    <p class='ocr_par' dir='ltr' id='par_1_7' title="bbox 100 3152 1214 3348">
     <span class='ocr_line' id='line_1_22' title="bbox 100 3152 1214 3240; baseline 0 -24"><span class='ocrx_word' id='word_1_169' title='bbox 100 3158 157 3217; x_wconf 78' lang='lat' dir='ltr'><strong>rudo</strong></span> <span class='ocrx_word' id='word_1_170' title='bbox 174 3153 287 3218; x_wconf 68' lang='lat' dir='ltr'><strong>reszrdl</strong></span> <span class='ocrx_word' id='word_1_171' title='bbox 298 3153 393 3239; x_wconf 78' lang='lat' dir='ltr'><strong>pediq</strong></span> <span class='ocrx_word' id='word_1_172' title='bbox 416 3153 519 3216; x_wconf 71' lang='lat' dir='ltr'><strong>Tacts</strong></span> <span class='ocrx_word' id='word_1_173' title='bbox 534 3153 594 3218; x_wconf 76' lang='lat' dir='ltr'><strong>loir.</strong></span> <span class='ocrx_word' id='word_1_174' title='bbox 604 3152 910 3238; x_wconf 78' lang='lat' dir='ltr'><strong>fllajtciuu‘lldmester·</strong></span> <span class='ocrx_word' id='word_1_175' title='bbox 927 3157 958 3218; x_wconf 83' lang='lat' dir='ltr'><strong>c&#39;e</strong></span> <span class='ocrx_word' id='word_1_176' title='bbox 969 3155 1066 3240; x_wconf 78' lang='lat' dir='ltr'><strong>pillei</strong></span> <span class='ocrx_word' id='word_1_177' title='bbox 1076 3153 1214 3240; x_wconf 78' lang='lat' dir='ltr'><strong>fdispo&#39;u</strong></span> 
     </span>
     <span class='ocr_line' id='line_1_23' title="bbox 414 3261 879 3348; baseline 0.009 -23"><span class='ocrx_word' id='word_1_178' title='bbox 414 3263 512 3326; x_wconf 72' lang='lat' dir='ltr'><strong>bezec</strong></span> <span class='ocrx_word' id='word_1_179' title='bbox 528 3263 642 3327; x_wconf 71' lang='lat' dir='ltr'><strong>torrent</strong></span> <span class='ocrx_word' id='word_1_180' title='bbox 650 3261 879 3348; x_wconf 75' lang='lat' dir='ltr'><strong>febszhiea&#39;ro&#39;l.</strong></span> 
     </span>
    </p>
   </div>
   <div class='ocr_carea' id='block_1_6' title="bbox 37 3423 1213 4700">
    <p class='ocr_par' dir='ltr' id='par_1_8' title="bbox 37 3423 1213 4700">
     <span class='ocr_line' id='line_1_24' title="bbox 191 3423 1210 3508; baseline -0.001 -17"><span class='ocrx_word' id='word_1_181' title='bbox 191 3423 257 3492; x_wconf 89' lang='lat' dir='ltr'><strong>Nos</strong></span> <span class='ocrx_word' id='word_1_182' title='bbox 288 3424 466 3508; x_wconf 86' lang='lat' dir='ltr'><strong>capitulum</strong></span> <span class='ocrx_word' id='word_1_183' title='bbox 498 3424 630 3490; x_wconf 90' lang='lat' dir='ltr'><strong>ecclesie</strong></span> <span class='ocrx_word' id='word_1_184' title='bbox 662 3425 844 3492; x_wconf 82' lang='lat' dir='ltr'><strong>Oolocensis</strong></span> <span class='ocrx_word' id='word_1_185' title='bbox 871 3475 901 3489; x_wconf 93' lang='lat'><strong>..</strong></span> <span class='ocrx_word' id='word_1_186' title='bbox 929 3425 1146 3508; x_wconf 84' lang='lat' dir='ltr'><strong>significamus</strong></span> <span class='ocrx_word' id='word_1_187' title='bbox 1179 3474 1210 3490; x_wconf 89' lang='lat'><strong>..</strong></span> 
     </span>
     <span class='ocr_line' id='line_1_25' title="bbox 100 3531 1211 3617; baseline -0.001 -19"><span class='ocrx_word' id='word_1_188' title='bbox 100 3535 175 3617; x_wconf 91' lang='lat' dir='ltr'><strong>quod</strong></span> <span class='ocrx_word' id='word_1_189' title='bbox 183 3535 321 3601; x_wconf 79' lang='lat' dir='ltr'><strong>Thomas</strong></span> <span class='ocrx_word' id='word_1_190' title='bbox 338 3533 422 3598; x_wconf 91' lang='lat' dir='ltr'><strong>filius</strong></span> <span class='ocrx_word' id='word_1_191' title='bbox 438 3533 540 3598; x_wconf 89' lang='lat' dir='ltr'><strong>Reem</strong></span> <span class='ocrx_word' id='word_1_192' title='bbox 550 3531 588 3598; x_wconf 92' lang='lat' dir='ltr'><strong>de</strong></span> <span class='ocrx_word' id='word_1_193' title='bbox 599 3531 719 3599; x_wconf 84' lang='lat' dir='ltr'><strong>Sancto</strong></span> <span class='ocrx_word' id='word_1_194' title='bbox 732 3533 886 3598; x_wconf 88' lang='lat' dir='ltr'><strong>Ladislao</strong></span> <span class='ocrx_word' id='word_1_195' title='bbox 902 3555 961 3617; x_wconf 88' lang='lat' dir='ltr'><strong>pro</strong></span> <span class='ocrx_word' id='word_1_196' title='bbox 978 3557 1020 3613; x_wconf 86' lang='lat' dir='ltr'><strong>se,</strong></span> <span class='ocrx_word' id='word_1_197' title='bbox 1037 3556 1075 3598; x_wconf 90' lang='lat' dir='ltr'><strong>ac</strong></span> <span class='ocrx_word' id='word_1_198' title='bbox 1088 3533 1211 3600; x_wconf 82' lang='lat' dir='ltr'><strong>Thone</strong></span> 
     </span>
     <span class='ocr_line' id='line_1_26' title="bbox 99 3640 1212 3726; baseline 0.002 -22"><span class='ocrx_word' id='word_1_199' title='bbox 99 3641 148 3706; x_wconf 88' lang='lat' dir='ltr'><strong>filii</strong></span> <span class='ocrx_word' id='word_1_200' title='bbox 162 3641 328 3708; x_wconf 87' lang='lat' dir='ltr'><strong>Michaelis</strong></span> <span class='ocrx_word' id='word_1_201' title='bbox 344 3641 383 3706; x_wconf 89' lang='lat' dir='ltr'><strong>de</strong></span> <span class='ocrx_word' id='word_1_202' title='bbox 400 3642 486 3708; x_wconf 88' lang='lat' dir='ltr'><strong>dioto</strong></span> <span class='ocrx_word' id='word_1_203' title='bbox 503 3640 623 3707; x_wconf 85' lang='lat' dir='ltr'><strong>Sancto</strong></span> <span class='ocrx_word' id='word_1_204' title='bbox 633 3641 787 3708; x_wconf 86' lang='lat' dir='ltr'><strong>Ladislao</strong></span> <span class='ocrx_word' id='word_1_205' title='bbox 799 3642 996 3726; x_wconf 83' lang='lat' dir='ltr'><strong>suipronimi</strong></span> <span class='ocrx_word' id='word_1_206' title='bbox 1014 3643 1047 3707; x_wconf 91' lang='lat' dir='ltr'><strong>in</strong></span> <span class='ocrx_word' id='word_1_207' title='bbox 1063 3663 1212 3725; x_wconf 85' lang='lat' dir='ltr'><strong>persona,</strong></span> 
     </span>
     <span class='ocr_line' id='line_1_27' title="bbox 100 3749 1213 3834; baseline 0.003 -23"><span class='ocrx_word' id='word_1_208' title='bbox 100 3771 208 3815; x_wconf 87' lang='lat' dir='ltr'><strong>coram.</strong></span> <span class='ocrx_word' id='word_1_209' title='bbox 219 3801 225 3814; x_wconf 93' lang='lat'><em>.</em></span> <span class='ocrx_word' id='word_1_210' title='bbox 235 3750 260 3814; x_wconf 82' lang='lat' dir='ltr'><strong>J</strong></span> <span class='ocrx_word' id='word_1_211' title='bbox 261 3752 388 3816; x_wconf 86' lang='lat' dir='ltr'><strong>ohanne</strong></span> <span class='ocrx_word' id='word_1_212' title='bbox 398 3749 437 3814; x_wconf 91' lang='lat' dir='ltr'><strong>de</strong></span> <span class='ocrx_word' id='word_1_213' title='bbox 449 3749 579 3816; x_wconf 80' lang='lat' dir='ltr'><strong>Gerelic</strong></span> <span class='ocrx_word' id='word_1_214' title='bbox 595 3751 680 3816; x_wconf 92' lang='lat' dir='ltr'><strong>socio</strong></span> <span class='ocrx_word' id='word_1_215' title='bbox 690 3757 723 3815; x_wconf 92' lang='lat' dir='ltr'><strong>et</strong></span> <span class='ocrx_word' id='word_1_216' title='bbox 733 3752 946 3815; x_wconf 86' lang='lat' dir='ltr'><strong>concanonico</strong></span> <span class='ocrx_word' id='word_1_217' title='bbox 958 3757 1068 3816; x_wconf 90' lang='lat' dir='ltr'><strong>nostro</strong></span> <span class='ocrx_word' id='word_1_218' title='bbox 1084 3771 1142 3834; x_wconf 90' lang='lat' dir='ltr'><strong>per</strong></span> <span class='ocrx_word' id='word_1_219' title='bbox 1156 3770 1213 3814; x_wconf 88' lang='lat' dir='ltr'><strong>nos</strong></span> 
     </span>
     <span class='ocr_line' id='line_1_28' title="bbox 101 3855 1210 3944; baseline 0.002 -24"><span class='ocrx_word' id='word_1_220' title='bbox 101 3857 348 3924; x_wconf 86' lang='lat' dir='ltr'><strong>illictrensmisso</strong></span> <span class='ocrx_word' id='word_1_221' title='bbox 360 3856 398 3942; x_wconf 91' lang='lat'><strong>(..</strong></span> <span class='ocrx_word' id='word_1_222' title='bbox 409 3855 514 3944; x_wconf 84' lang='lat'><strong>......)</strong></span> <span class='ocrx_word' id='word_1_223' title='bbox 525 3858 731 3942; x_wconf 87' lang='lat' dir='ltr'><strong>infrascripta</strong></span> <span class='ocrx_word' id='word_1_224' title='bbox 742 3859 876 3924; x_wconf 83' lang='lat' dir='ltr'><strong>confessi</strong></span> <span class='ocrx_word' id='word_1_225' title='bbox 887 3860 928 3925; x_wconf 88' lang='lat' dir='ltr'><strong>ab</strong></span> <span class='ocrx_word' id='word_1_226' title='bbox 943 3880 1016 3942; x_wconf 79' lang='lat' dir='ltr'><strong>nna,</strong></span> <span class='ocrx_word' id='word_1_227' title='bbox 1027 3867 1120 3944; x_wconf 85' lang='lat' dir='ltr'><strong>parte</strong></span> <span class='ocrx_word' id='word_1_228' title='bbox 1136 3880 1210 3922; x_wconf 85' lang='lat' dir='ltr'><strong>vcro</strong></span> 
     </span>
     <span class='ocr_line' id='line_1_29' title="bbox 101 3966 1211 4051; baseline 0.002 -23"><span class='ocrx_word' id='word_1_229' title='bbox 101 3986 132 4029; x_wconf 80' lang='lat' dir='ltr'><strong>ex</strong></span> <span class='ocrx_word' id='word_1_230' title='bbox 145 3967 243 4033; x_wconf 87' lang='lat' dir='ltr'><strong>altera</strong></span> <span class='ocrx_word' id='word_1_231' title='bbox 257 3967 401 4033; x_wconf 83' lang='lat' dir='ltr'><strong>Jacobus</strong></span> <span class='ocrx_word' id='word_1_232' title='bbox 418 3967 558 4032; x_wconf 86' lang='lat' dir='ltr'><strong>famulus</strong></span> <span class='ocrx_word' id='word_1_233' title='bbox 574 3967 722 4049; x_wconf 83' lang='lat' dir='ltr'><strong>magistri</strong></span> <span class='ocrx_word' id='word_1_234' title='bbox 733 3966 854 4032; x_wconf 71' lang='lat' dir='ltr'><strong>&#39;leutos</strong></span> <span class='ocrx_word' id='word_1_235' title='bbox 871 3969 1020 4051; x_wconf 83' lang='lat' dir='ltr'><strong>magistri</strong></span> <span class='ocrx_word' id='word_1_236' title='bbox 1037 3968 1211 4032; x_wconf 90' lang='lat' dir='ltr'><strong>ianitorum</strong></span> 
     </span>
     <span class='ocr_line' id='line_1_30' title="bbox 37 4073 1213 4164; baseline 0 -27"><span class='ocrx_word' id='word_1_237' title='bbox 37 4125 39 4164; x_wconf 38' lang='lat' dir='ltr'><strong>p</strong></span> <span class='ocrx_word' id='word_1_238' title='bbox 102 4073 205 4140; x_wconf 89' lang='lat' dir='ltr'><strong>domini</strong></span> <span class='ocrx_word' id='word_1_239' title='bbox 221 4076 305 4160; x_wconf 89' lang='lat' dir='ltr'><strong>regis</strong></span> <span class='ocrx_word' id='word_1_240' title='bbox 321 4075 509 4155; x_wconf 88' lang='lat' dir='ltr'><strong>comitisque</strong></span> <span class='ocrx_word' id='word_1_241' title='bbox 527 4073 705 4139; x_wconf 90' lang='lat' dir='ltr'><strong>Pilisiensis</strong></span> <span class='ocrx_word' id='word_1_242' title='bbox 721 4075 755 4138; x_wconf 90' lang='lat' dir='ltr'><strong>in</strong></span> <span class='ocrx_word' id='word_1_243' title='bbox 772 4096 908 4158; x_wconf 86' lang='lat' dir='ltr'><strong>persona</strong></span> <span class='ocrx_word' id='word_1_244' title='bbox 933 4075 1076 4140; x_wconf 89' lang='lat' dir='ltr'><strong>eiusdem</strong></span> <span class='ocrx_word' id='word_1_245' title='bbox 1092 4074 1213 4140; x_wconf 91' lang='lat' dir='ltr'><strong>domini</strong></span> 
     </span>
     <span class='ocr_line' id='line_1_31' title="bbox 39 4183 1213 4282; baseline -0.001 -35"><span class='ocrx_word' id='word_1_246' title='bbox 39 4265 41 4282; x_wconf 44' lang='grc' dir='ltr'>Ι</span> <span class='ocrx_word' id='word_1_247' title='bbox 102 4185 141 4248; x_wconf 85' lang='lat' dir='ltr'><strong>sui</strong></span> <span class='ocrx_word' id='word_1_248' title='bbox 155 4185 193 4249; x_wconf 84' lang='lat' dir='ltr'><strong>ad</strong></span> <span class='ocrx_word' id='word_1_249' title='bbox 207 4192 350 4250; x_wconf 86' lang='lat' dir='ltr'><strong>nostram</strong></span> <span class='ocrx_word' id='word_1_250' title='bbox 366 4183 581 4268; x_wconf 88' lang='lat' dir='ltr'><strong>personaliter</strong></span> <span class='ocrx_word' id='word_1_251' title='bbox 597 4183 775 4249; x_wconf 88' lang='lat' dir='ltr'><strong>accedendo</strong></span> <span class='ocrx_word' id='word_1_252' title='bbox 801 4185 1007 4266; x_wconf 86' lang='lat' dir='ltr'><strong>presenciam,</strong></span> <span class='ocrx_word' id='word_1_253' title='bbox 1025 4183 1109 4249; x_wconf 90' lang='lat' dir='ltr'><strong>idem</strong></span> <span class='ocrx_word' id='word_1_254' title='bbox 1129 4183 1213 4248; x_wconf 82' lang='lat' dir='ltr'><strong>Tho-</strong></span> 
     </span>
     <span class='ocr_line' id='line_1_32' title="bbox 103 4291 1212 4375; baseline 0.001 -20"><span class='ocrx_word' id='word_1_255' title='bbox 103 4312 159 4356; x_wconf 88' lang='lat' dir='ltr'><strong>mas</strong></span> <span class='ocrx_word' id='word_1_256' title='bbox 173 4291 254 4358; x_wconf 89' lang='lat' dir='ltr'><strong>filius</strong></span> <span class='ocrx_word' id='word_1_257' title='bbox 271 4294 374 4359; x_wconf 89' lang='lat' dir='ltr'><strong>Reem</strong></span> <span class='ocrx_word' id='word_1_258' title='bbox 390 4291 552 4358; x_wconf 81' lang='lat' dir='ltr'><strong>consessus</strong></span> <span class='ocrx_word' id='word_1_259' title='bbox 569 4299 617 4356; x_wconf 90' lang='lat' dir='ltr'><strong>est</strong></span> <span class='ocrx_word' id='word_1_260' title='bbox 634 4341 640 4356; x_wconf 93' lang='lat'>.</span> <span class='ocrx_word' id='word_1_261' title='bbox 657 4342 662 4356; x_wconf 94' lang='lat'><em>.</em></span> <span class='ocrx_word' id='word_1_262' title='bbox 681 4291 766 4374; x_wconf 88' lang='lat' dir='ltr'><strong>quod</strong></span> <span class='ocrx_word' id='word_1_263' title='bbox 783 4292 851 4374; x_wconf 91' lang='lat' dir='ltr'><strong>ipse</strong></span> <span class='ocrx_word' id='word_1_264' title='bbox 868 4299 899 4356; x_wconf 89' lang='lat' dir='ltr'><strong>et</strong></span> <span class='ocrx_word' id='word_1_265' title='bbox 915 4291 1059 4375; x_wconf 86' lang='lat' dir='ltr'><strong>prelatus</strong></span> <span class='ocrx_word' id='word_1_266' title='bbox 1070 4291 1212 4356; x_wconf 79' lang='lat' dir='ltr'><strong>Thomas</strong></span> 
     </span>
     <span class='ocr_line' id='line_1_33' title="bbox 103 4397 1213 4485; baseline 0.002 -25"><span class='ocrx_word' id='word_1_267' title='bbox 103 4397 172 4466; x_wconf 89' lang='lat' dir='ltr'><strong>filius</strong></span> <span class='ocrx_word' id='word_1_268' title='bbox 187 4401 355 4467; x_wconf 80' lang='lat' dir='ltr'><strong>Michaelis</strong></span> <span class='ocrx_word' id='word_1_269' title='bbox 370 4406 518 4485; x_wconf 89' lang='lat' dir='ltr'><strong>presente</strong></span> <span class='ocrx_word' id='word_1_270' title='bbox 534 4401 619 4466; x_wconf 88' lang='lat' dir='ltr'><strong>dicto</strong></span> <span class='ocrx_word' id='word_1_271' title='bbox 645 4407 754 4465; x_wconf 90' lang='lat' dir='ltr'><strong>nostro</strong></span> <span class='ocrx_word' id='word_1_272' title='bbox 770 4401 960 4476; x_wconf 80' lang='lat' dir='ltr'><strong>testimonio,</strong></span> <span class='ocrx_word' id='word_1_273' title='bbox 991 4399 1126 4464; x_wconf 85' lang='lat' dir='ltr'><strong>sabbato</strong></span> <span class='ocrx_word' id='word_1_274' title='bbox 1143 4421 1213 4482; x_wconf 90' lang='lat' dir='ltr'><strong>pro-</strong></span> 
     </span>
     <span class='ocr_line' id='line_1_34' title="bbox 104 4507 1213 4591; baseline 0.004 -23"><span class='ocrx_word' id='word_1_275' title='bbox 104 4508 174 4572; x_wconf 84' lang='lat' dir='ltr'><strong>ximo</strong></span> <span class='ocrx_word' id='word_1_276' title='bbox 206 4517 280 4574; x_wconf 87' lang='lat' dir='ltr'><strong>ante</strong></span> <span class='ocrx_word' id='word_1_277' title='bbox 311 4508 506 4573; x_wconf 84' lang='lat' dir='ltr'><strong>dominicam</strong></span> <span class='ocrx_word' id='word_1_278' title='bbox 538 4507 836 4589; x_wconf 83' lang='lat' dir='ltr'><strong>Ramispalmarum</strong></span> <span class='ocrx_word' id='word_1_279' title='bbox 870 4509 1012 4591; x_wconf 78' lang='lat' dir='ltr'><strong>proxime</strong></span> <span class='ocrx_word' id='word_1_280' title='bbox 1044 4509 1213 4591; x_wconf 87' lang='lat' dir='ltr'><strong>preterito·</strong></span> 
     </span>
     <span class='ocr_line' id='line_1_35' title="bbox 103 4613 1212 4700; baseline 0.001 -21"><span class='ocrx_word' id='word_1_281' title='bbox 103 4614 248 4693; x_wconf 83' lang='lat' dir='ltr'><strong>quandam</strong></span> <span class='ocrx_word' id='word_1_282' title='bbox 264 4616 447 4700; x_wconf 91' lang='lat' dir='ltr'><strong>porcionem</strong></span> <span class='ocrx_word' id='word_1_283' title='bbox 473 4613 759 4698; x_wconf 88' lang='lat' dir='ltr'><strong>possessionariam</strong></span> <span class='ocrx_word' id='word_1_284' title='bbox 787 4617 887 4699; x_wconf 86' lang='lat' dir='ltr'><strong>ipsius</strong></span> <span class='ocrx_word' id='word_1_285' title='bbox 902 4617 1052 4699; x_wconf 84' lang='lat' dir='ltr'><strong>magistri</strong></span> <span class='ocrx_word' id='word_1_286' title='bbox 1069 4616 1212 4680; x_wconf 82' lang='lat' dir='ltr'><strong>Teuteus</strong></span> 
     </span>
    </p>
   </div>
   <div class='ocr_carea' id='block_1_7' title="bbox 104 4721 1214 4898">
    <p class='ocr_par' dir='ltr' id='par_1_9' title="bbox 104 4721 1214 4898">
     <span class='ocr_line' id='line_1_36' title="bbox 104 4721 1214 4808; baseline 0.005 -23"><span class='ocrx_word' id='word_1_287' title='bbox 104 4725 243 4788; x_wconf 85' lang='lat' dir='ltr'><strong>enticiam</strong></span> <span class='ocrx_word' id='word_1_288' title='bbox 256 4725 288 4788; x_wconf 95' lang='lat' dir='ltr'><strong>in</strong></span> <span class='ocrx_word' id='word_1_289' title='bbox 298 4723 386 4788; x_wconf 92' lang='lat' dir='ltr'><strong>dicto</strong></span> <span class='ocrx_word' id='word_1_290' title='bbox 402 4721 521 4790; x_wconf 82' lang='lat' dir='ltr'><strong>Sancto</strong></span> <span class='ocrx_word' id='word_1_291' title='bbox 538 4723 694 4788; x_wconf 84' lang='lat' dir='ltr'><strong>Ladislao</strong></span> <span class='ocrx_word' id='word_1_292' title='bbox 710 4723 863 4808; x_wconf 77' lang='lat' dir='ltr'><strong>habitam,</strong></span> <span class='ocrx_word' id='word_1_293' title='bbox 876 4724 907 4788; x_wconf 88' lang='lat' dir='ltr'><strong>iu</strong></span> <span class='ocrx_word' id='word_1_294' title='bbox 919 4725 1074 4790; x_wconf 83' lang='lat' dir='ltr'><strong>comitatu</strong></span> <span class='ocrx_word' id='word_1_295' title='bbox 1085 4723 1214 4790; x_wconf 89' lang='lat' dir='ltr'><strong>Budru-</strong></span> 
     </span>
     <span class='ocr_line' id='line_1_37' title="bbox 1073 4849 1104 4898; baseline 0 -19"><span class='ocrx_word' id='word_1_296' title='bbox 1073 4849 1104 4898; x_wconf 68' lang='lat'><strong>3*</strong></span> 
     </span>
    </p>
   </div>
   <div class='ocr_carea' id='block_1_8' title="bbox 0 0 1630 5462">
    <p class='ocr_par' dir='ltr' id='par_1_10' title="bbox 0 0 1630 5462">
     <span class='ocr_line' id='line_1_38' title="bbox 0 0 1630 5462; baseline 0 0"><span class='ocrx_word' id='word_1_297' title='bbox 0 0 1630 5462; x_wconf 95' lang='lat' dir='ltr'><strong> </strong></span> 
     </span>
    </p>
   </div>
  </div>
 </body>
</html>
