3138 5462
519 431 612 492 1347.
629 447 701 491 nne.
720 431 748 492 5.
1144 433 1206 493 159

98 626 216 682 suarum,
250 605 404 671 emcionis
431 606 526 672 titulo
551 613 588 672 nt
612 607 804 673 dicebat'ad
831 608 937 690 ipsum
962 608 1207 690 pertinencium,

97 719 120 780 in
134 721 232 780 monte
247 715 375 780 Wodas
392 717 477 780 dicto
493 716 712 794 existendum,
736 716 879 800 predicto
904 717 1046 800 capitulo
1064 717 1208 800 Wespri·

97 823 189 888 roiensi
206 843 264 905 pro
281 822 464 903 quindecim
480 825 588 908 pensis
608 823 749 888 latorum
759 823 977 888 viennensium
993 824 1207 903 denariorum,

96 933 171 1016 plene
187 931 227 995 ab
243 931 356 996 eodem
373 931 515 1014 capitulo
531 930 650 996 habitis
667 938 699 996 et
714 932 860 1014 receptis,
886 932 1081 997 vendidisset
1096 954 1208 1016 perpe-

98 1049 159 1105 tuo.
175 1089 180 1102 .
197 1040 408 1122 possidendas
425 1090 431 1103 .
449 1076 457 1104 .-
472 1040 597 1104 Datum
622 1040 656 1104 in
681 1039 762 1105 festo
788 1040 875 1104 beati
901 1039 1034 1105 Andree
1059 1043 1207 1124 apostoli,

98 1170 165 1212 anno
181 1149 301 1213 domini
317 1149 370 1213 M⁰
395 1146 493 1214 0000
516 1148 621 1212 XL¹¹¹⁰
638 1148 782 1232 septime.

186 1311 338 1375 Hatlapjan
357 1311 448 1374 peeset
475 1312 652 1375 nyomaiva13
675 1311 806 1375 eredetije
825 1327 856 1362 az
877 1327 945 1362 orsz.
966 1315 997 1363 lt.
1018 1314 1117 1364 kinost.
1139 1320 1207 1364 oszt.

98 1405 186 1452 Errles,
203 1408 241 1452 19.
263 1403 471 1465 reciprocat.
493 1407 570 1452 3957.
590 1403 688 1452 Kozli:
709 1403 816 1452 Koraos
836 1405 869 1452 N.

565 1617 726 1626 ——-———

623 1801 673 1861 72.

104 1954 183 2024 1347.
199 1962 260 2028 dec.
277 1965 307 2025 5.
326 1959 373 2025 Aa
389 1963 457 2046 effri
472 1960 627 2047 lcu‘ptahm
635 1961 780 2044 jeleute‘se
798 1959 825 2024 I.
838 1958 933 2046 Lajoa
949 1961 1123 2047 kiru’lplroz,
1134 1963 1213 2048 kopp

99 2069 282 2154 Scirospolak
313 2076 406 2136 adres
431 2073 464 2132 e's
487 2093 526 2133 oz
549 2069 648 2132 olaszi
671 2069 812 2133 nemorale
836 2069 959 2134 birtolcu
984 2071 1068 2156 ludzti
1091 2072 1210 2148 batdrl,

99 2181 171 2239 nzr'rl.
196 2191 271 2240 merl
287 2203 308 2242 o
327 2181 418 2240 miros
434 2177 525 2241 arro'l
539 2176 687 2240 Erzse'bet
712 2177 862 2262 kiro'lync'
882 2177 1028 2241 olclecela‘t
1042 2203 1112 2242 nem
1129 2179 1212 2242 birlu

363 2283 565 2369 feline-latui,
582 2307 649 2369 moy
665 2307 734 2348 uem
743 2285 923 2370 ju'rhatldlc.

194 2496 223 2511 ..
246 2446 408 2511 Lodorico
432 2495 464 2515 .,
486 2447 553 2530 regi
579 2497 610 2511 ..
636 2446 812 2530 capitulum
838 2447 969 2530 ecclesie
995 2445 1166 2529 Agriensis
1183 2499 1214 2514 ..

98 2553 198 2619 literas
212 2561 316 2621 vestre
333 2555 540 2620 serenitatis.
557 2605 563 2619 .
581 2557 759 2638 recepimus
776 2556 809 2618 in
826 2556 884 2620 hec
899 2554 1014 2620 verba:
1031 2555 1213 2622 Lodoricus

100 2683 194 2725 ..rex
210 2711 240 2726 ..
262 2663 405 2748 capitulo
439 2663 571 2728 ecclesie
597 2661 769 2747 Agriensis
795 2712 825 2727 ..
850 2663 1001 2727 noveritis
1033 2663 1119 2746 quod
1144 2686 1215 2728 curn

99 2770 173 2834 inter
196 2771 335 2836 Paulum
366 2771 468 2838 filium
493 2771 597 2836 Blasii
630 2777 662 2835 et
693 2770 883 2835 Ladislaum
914 2769 1016 2834 filium
1042 2771 1215 2836 Fendruch

99 2877 210 2943 nobiles
225 2879 264 2942 de
280 2877 382 2964 Olazy
398 2879 438 2944 ab
464 2901 529 2944 una
554 2885 656 2962 parte,
680 2884 712 2944 et
728 2879 811 2944 cives
827 2884 860 2942 et
875 2878 1018 2962 hospites
1035 2885 1161 2943 nostros
1178 2878 1216 2943 de

99 2983 193 3051 Potalr
208 3009 245 3051 ex
262 2987 374 3069 altera,
398 3009 495 3072 super
512 2987 651 3071 quadam
669 2993 757 3052 terra
776 2987 861 3050 inter
886 2986 1048 3050 civitatem
1074 2987 1216 3069 regalem

99 3093 195 3159 Potak
218 3103 365 3160 vocatam
390 3102 423 3160 et
448 3097 532 3160 inter
557 3095 788 3178 possessionem
814 3092 1030 3176 predictorum
1061 3093 1216 3157 nobilium

98 3201 186 3287 Olazy
216 3210 360 3269 vocatam
384 3204 534 3268 existenti
559 3203 709 3267 diuturno
728 3208 871 3295 tempore
897 3201 1114 3266 controversia
1139 3223 1214 3266 ren·

100 3311 197 3376 tillats
212 3319 244 3376 et
260 3313 362 3376 eciam
378 3311 445 3376 litis
462 3311 600 3375 materia
616 3315 728 3374 exorta
756 3329 863 3372 coram
890 3309 1019 3374 domina
1036 3310 1148 3393 regina
1165 3329 1216 3391 ge·

101 3419 203 3484 ultrice
218 3425 330 3485 nostra
347 3471 353 3484 .
370 3469 376 3483 .
393 3418 516 3496 fuisset,
532 3423 564 3483 et
589 3417 686 3482 iidem
711 3418 794 3481 cives
820 3423 852 3480 et
877 3415 1021 3500 hospites
1047 3417 1086 3481 de
1112 3417 1217 3482 Potalr

101 3548 189 3611 super
203 3529 307 3606 metis,
324 3549 388 3611 que
403 3534 508 3592 terras
524 3523 545 3609 (.
562 3575 569 3590 .
586 3575 592 3588 .
610 3523 632 3609 .)
650 3525 790 3590 civitatis
815 3545 835 3588 a
860 3525 1058 3606 possessione
1075 3525 1216 3608 ipsorum

105 3635 250 3701 nobilium
277 3641 440 3718 separant,
464 3634 608 3700 efficacia
633 3635 847 3698 instrumenta
863 3653 896 3696 se
912 3632 1031 3697 habere
1056 3633 1222 3712 dixissent,

102 3764 153 3808 nos
168 3745 315 3820 uolentes,
339 3751 375 3809 ut
390 3744 475 3808 bona
491 3743 580 3828 pacis
606 3743 681 3806 unio
707 3742 791 3806 inter
816 3742 903 3826 ipsos
928 3741 1052 3806 nobiles
1069 3747 1100 3804 et
1116 3741 1219 3824 ipsam

101 3850 254 3916 ciritatem
283 3851 388 3916 Potak
412 3851 612 3926 reformetur,
637 3850 852 3928 decrevimus,
874 3855 911 3912 ut
936 3850 1098 3913 creceione
1124 3869 1218 3912 nova·

102 3979 168 4022 rum
182 3966 339 4025 metarum
365 3965 519 4042 perpetuo
551 3957 770 4022 durandarum
801 3956 890 4021 dicta
921 3956 1034 4020 civitas
1067 3956 1173 4021 Potah
1190 3962 1221 4020 et

102 4073 181 4131 terre
205 4068 355 4144 eiusdem,
378 4089 398 4132 a
423 4067 622 4151 possessione
648 4066 806 4130 dictorum
832 4063 986 4128 nobilium
1013 4071 1222 4147 separentur;

106 4182 294 4259 quapropter
311 4225 317 4240 .
335 4227 341 4239 .
357 4175 557 4257 mundamus,
574 4181 733 4255 quatenus
749 4178 891 4237 vestrum
908 4171 1047 4237 mittatis
1062 4172 1222 4236 hominem

103 4279 284 4364 dignitatem
300 4283 334 4347 in
350 4283 484 4347 ecclesia
509 4289 616 4347 vestra
642 4280 837 4346 habentem.
855 4333 860 4344 .
878 4301 936 4363 pro
950 4279 1145 4361 testimonio,
1171 4299 1221 4341 co·

103 4411 167 4454 ram
184 4413 243 4474 quo
259 4391 412 4474 magister
429 4389 601 4455 Ladislaus
618 4387 703 4453 filius
718 4388 894 4452 Laurencii
919 4386 1010 4450 miles
1027 4387 1100 4451 aule
1116 4392 1222 4450 nostre

103 4505 133 4560 et
148 4547 177 4560 ..
201 4498 354 4564 Nicolaus
385 4504 500 4562 cantor
530 4498 661 4562 ecclesie
693 4495 862 4560 Vaoiensis
894 4494 1080 4578 capellanus
1105 4499 1222 4570 noster,

102 4603 237 4672 homines
262 4609 364 4672 nostri
390 4608 514 4671 adhoc
541 4607 731 4684 transmissi,
762 4605 796 4668 in
823 4603 994 4685 quindenis
1021 4603 1093 4668 sesti
1120 4601 1224 4668 sancti
