3226 5462
336 505 375 565 12
682 511 868 562 nurouxoer
885 500 1099 560 creterris.
1126 577 1135 594 x

332 681 485 747 vidissent
501 679 656 746 contineri
672 679 802 764 penitus
818 677 1011 760 discrepare,
1028 677 1091 740 imo
1102 697 1159 760 per
1172 675 1280 742 omnia
1296 697 1358 740 non
1376 675 1458 742 bono

332 789 492 858 velmede
508 789 653 874 legitimo
672 793 847 866 emanatas,
873 785 929 852 sed
944 784 1028 851 falsa
1053 791 1086 850 et
1109 785 1231 857 iniusta
1256 787 1461 871 suggestione

332 899 493 967 coniectas
508 898 576 964 iore
591 897 726 962 inissent
751 894 901 962 arbitrati
925 899 957 959 et
981 900 1183 977 procuratas,
1207 899 1372 978 protectus
1388 917 1462 962 vero

331 1007 505 1076 Ladislaus
523 1005 608 1072 filius
624 1004 716 1072 Petri
732 1005 767 1069 in
783 1003 868 1070 dicto
893 1003 1030 1068 termino
1046 1023 1105 1087 per
1121 1023 1154 1068 se
1171 1003 1221 1069 vel
1237 1025 1331 1070 suum
1347 1025 1462 1088 procu·

332 1125 483 1200 retorem,
506 1117 584 1181 licet
598 1117 632 1180 in
649 1113 779 1180 civitate
795 1133 907 1178 eorum
923 1111 1092 1195 «lauriensi
1117 1112 1231 1180 fuisset
1246 1119 1279 1179 et
1294 1112 1334 1180 de
1350 1115 1463 1181 eadem

331 1225 406 1310 fuge
422 1224 562 1310 presidio
577 1223 669 1289 nulla
683 1223 874 1288 necessitate
889 1226 1033 1305 urgente
1058 1221 1250 1302 recessisset,
1268 1243 1377 1288 eoram
1392 1223 1462 1308 ipso

331 1333 473 1419 capitulo
488 1332 514 1398 J
515 1333 657 1399 auriensi
672 1354 736 1397 non
753 1337 898 1398 curasset
913 1336 1022 1396 tamen
1039 1351 1234 1416 comparere,
1260 1330 1366 1398 adhue
1391 1355 1463 1416 pre-

332 1443 515 1509 nominatus
539 1440 698 1508 Albertus
729 1440 815 1508 filius
840 1447 873 1506 et
904 1447 1095 1524 procurator
1127 1439 1265 1524 predicti
1289 1440 1460 1508 Merherdi

331 1551 489 1637 quasdem
504 1559 571 1618 tres
586 1551 698 1618 literas
714 1550 874 1617 dictorum
901 1549 1117 1634 capitulorum
1133 1549 1159 1614 J
1159 1548 1318 1615 auriensis
1343 1556 1376 1616 et
1400 1550 1462 1616 Po·

331 1660 487 1726 soniensis
512 1659 720 1727 ecclesiarum
745 1680 783 1724 ec
808 1665 981 1726 cenventus
1007 1659 1111 1725 sancti
1136 1656 1277 1724 Martini
1302 1659 1341 1724 de
1368 1679 1460 1727 sacro

330 1775 439 1834 monte
453 1768 621 1835 Pannonis
632 1766 906 1850 inquisitionales,
922 1765 982 1833 sub
998 1788 1064 1833 una
1079 1766 1250 1833 verborum
1269 1767 1373 1835 forma
1389 1789 1456 1835 con-

327 1879 439 1956 iectas,
455 1883 565 1943 nostro
580 1875 749 1942 iudiciario
766 1876 906 1942 examini
931 1877 1139 1961 presentavit,
1161 1876 1194 1941 in
1221 1897 1359 1960 quarum
1375 1877 1457 1943 serie
1501 1921 1503 1924 -

331 2007 479 2071 expresse
494 1985 684 2067 hebebatur,
701 1985 940 2069 quodhomines
950 1985 1032 2069 regii
1042 1985 1320 2070 adsubsequentis
1336 1986 1461 2070 negocii

330 2093 552 2160 execucioncm
576 2093 739 2179 deputatis
749 2093 951 2179 presentibus
976 2093 1170 2160 testimoniis
1196 2093 1413 2178 capitulorum
1429 2101 1462 2160 et

330 2208 504 2270 conventus
519 2201 788 2287 supradictorum,
804 2201 902 2268 telem
927 2202 967 2268 de
983 2201 1199 2287 infrascriptis
1224 2201 1276 2268 die
1301 2203 1461 2270 dominico

330 2313 475 2396 proximo
490 2316 564 2396 post
579 2311 698 2378 festum
717 2311 811 2377 beate
827 2311 1038 2396 Margarethe
1063 2311 1198 2395 virginis
1222 2333 1308 2379 nunc
1323 2313 1458 2396 preteri-

329 2427 398 2487 tum
415 2420 453 2484 in·
464 2419 628 2504 provincia
644 2417 844 2486 Ohalloukuz
869 2424 991 2503 vocate,
1015 2419 1169 2486 videlicet
1181 2419 1215 2485 in
1231 2420 1348 2486 minori
1365 2423 1460 2488 eomi-

329 2536 400 2596 tatu
417 2529 605 2595 Posoniensi
622 2551 642 2594 a
665 2529 827 2595 nobilibus
844 2535 877 2595 et
892 2527 1113 2596 communibus
1139 2529 1222 2596 dicte
1248 2531 1412 2616 provincie
1428 2538 1461 2597 et

329 2637 479 2704 villarum
503 2637 694 2718 hominibus,
710 2639 894 2723 specialiter
918 2639 1046 2704 invilla
1070 2640 1210 2724 Megyer
1235 2646 1268 2706 et
1293 2637 1386 2726 Ogya
1409 2661 1460 2705 vo·

271 2812 274 2818 .
329 2748 411 2814 cetis
435 2745 584 2831 diligenti
614 2747 863 2832 investigacione
893 2747 1066 2833 prehabito,
1095 2747 1204 2832 palam
1230 2755 1263 2814 et
1287 2749 1459 2815 occulte..

329 2855 495 2948 scivissent
509 2856 688 2940 veritatem,
704 2857 789 2941 quod
813 2860 979 2940 protectus
1003 2855 1176 2923 Ladislaus
1201 2856 1287 2923 filius
1312 2857 1405 2924 Petri
1421 2859 1461 2925 de

329 2964 440 3030 eadem
456 2965 605 3050 Magum,
620 2965 702 3032 ferie
717 2965 857 3030 secunde
866 2965 1013 3048 proxima
1022 2965 1222 3049 postfestum
1232 2972 1342 3032 sancte
1354 2967 1460 3033 Trini-

328 3073 407 3138 tatis
422 3094 507 3139 anno
522 3073 667 3158 proxime
682 3078 847 3140 transacto
862 3074 1028 3158 preterita,
1053 3074 1095 3139 ad
1110 3075 1343 3158 possessionem
1359 3077 1461 3161 ipsius

328 3181 499 3248 Merherdi
524 3181 637 3248 danulr
664 3188 812 3248 vocatam
844 3183 878 3247 in
908 3181 1053 3266 predicto
1084 3181 1240 3250 comitatu
1269 3184 1460 3252 Posoniensi

329 3289 520 3357 existentem
529 3289 754 3376 potencialiter
763 3290 927 3369 veniendo,
943 3289 995 3356 die
1005 3289 1095 3356 clara
1105 3291 1344 3376 quinquaginta
1360 3315 1460 3378 equas

330 3397 522 3483 equaciales‚
553 3398 697 3484 exceptis
720 3398 863 3483 poledris
885 3399 1072 3465 earumdem
1088 3407 1166 3466 tunc
1191 3403 1268 3466 anni
1291 3401 1459 3487 presentis,

330 3507 566 3592 quinquaginta
589 3508 735 3592 pecudes,
767 3507 933 3575 duodecim
959 3507 1063 3592 boves,
1095 3514 1167 3575 octo
1192 3529 1291 3593 equos
1322 3509 1459 3576 domitos

330 3637 530 3682 cumeorum
554 3616 653 3682 irenis
679 3623 712 3684 et
736 3615 833 3701 sellis,
858 3624 987 3683 centum
1013 3638 1088 3683 oves
1113 3625 1146 3683 et
1170 3619 1321 3685 ducentos
1347 3641 1461 3704 porcos

328 3725 431 3810 ipsius
461 3724 586 3791 comitis
617 3725 795 3808 Merherdi‚
821 3725 886 3791 alie
909 3725 1005 3809 plure
1020 3715 1139 3795 damna
1154 3726 1258 3792 eidem
1273 3728 1456 3813 irrogando,

330 3834 437 3917 recepi
453 3831 581 3899 iecisset
596 3837 629 3898 et
644 3831 768 3917 abduci,
785 3855 848 3917 que
873 3834 995 3900 seilicet
1018 3856 1136 3919 pecore
1160 3857 1233 3902 cum
1258 3837 1402 3920 equaciis
1427 3843 1460 3902 et

331 3941 423 4025 equis
438 3941 624 4026 prenotatis,
645 3943 853 4028 quamplures
869 3963 909 4008 ex
924 3943 1077 4028 predictis
1093 3943 1255 4010 nobilibus
1271 3951 1305 4010 et
1320 3965 1459 4010 commu-

331 4049 426 4115 nibus
450 4048 634 4116 hominibus
661 4071 719 4134 per
750 4051 910 4136 prefatum
941 4052 1132 4118 Ladislaum
1157 4053 1274 4138 depelli
1300 4060 1333 4119 et
1358 4054 1459 4120 eciem

332 4157 444 4242 alique
460 4179 499 4224 ex
519 4158 638 4224 eisdem
664 4160 758 4226 vendi
789 4183 823 4227 se
847 4161 965 4234 vidisse
989 4161 1193 4244 retulissent;
1218 4163 1350 4249 insuper
1374 4163 1459 4228 idem

331 4265 487 4332 Nicolaus
502 4265 588 4332 filius
603 4265 767 4335 Dominici
783 4269 878 4336 modo
894 4269 993 4336 simili
1019 4271 1175 4354 quasdam
1200 4276 1267 4337 tres
1282 4271 1394 4338 literas
1410 4293 1460 4337 eo-

331 4373 477 4440 rumdem
509 4375 727 4460 capitulorum
758 4383 791 4443 et
820 4384 994 4444 conventus
1025 4378 1175 4444 similiter
1205 4380 1459 4466 inquisitorieles

333 4483 458 4548 curavit
472 4484 563 4550 nobis
588 4484 818 4566 demonstrare,
843 4509 901 4570 per
918 4509 1055 4570 quarum
1081 4489 1180 4554 series
1205 4489 1459 4555 informabamur

333 4588 393 4656 sub
418 4592 479 4658 hec
503 4591 615 4672 forme,
640 4593 727 4676 quod
754 4595 836 4678 regii
862 4599 895 4659 et
919 4595 1078 4660 dictorum
1103 4596 1317 4682 capitulorum
1334 4619 1372 4663 ao
1388 4619 1459 4663 oon·

332 4705 445 4766 ventus
468 4699 613 4766 homines
637 4701 671 4767 in
695 4702 840 4787 predicto
865 4701 916 4774 die
941 4703 1100 4775 dominico
1124 4711 1198 4789 post
1221 4705 1338 4776 festum
1366 4705 1459 4777 beate
