3226 5462
483 503 490 521 ⁸
575 511 669 575 1347.
688 531 780 577 suun.
798 517 849 576 28.
1240 521 1280 582 tl

145 709 208 770 per
230 686 365 752 eundem
390 689 582 771 magistrum
609 689 790 774 Tyboldum
817 713 877 758 suu
902 700 935 758 et
959 693 1120 760 dictorum
1138 697 1278 762 filiorum

144 816 277 860 suorum
293 798 327 860 in
343 799 488 879 personis
513 799 581 862 vive
606 800 693 864 vocis
719 801 897 865 ministerio
921 805 1124 887 propositum
1150 807 1278 872 exstitit

145 911 181 970 et
195 903 342 985 relatum,
359 907 446 988 quod
463 909 541 990 quie
555 908 654 972 iidem
669 908 728 973 filii
744 909 769 973 J
771 909 905 975 ohannis
929 912 1276 990 iuxtsordinaeionem

144 1063 152 1076 .
172 1061 178 1076 .
195 1012 370 1095 proborum
393 1017 639 1100 virorum..pro
656 1016 782 1082 demnis
793 1021 826 1081 et
836 1019 1036 1084 nocumentis
1053 1019 1114 1084 sibi
1131 1027 1163 1085 et
1178 1021 1278 1087 dictis

144 1118 221 1202 tiliis
238 1121 304 1186 suis
320 1123 474 1206 irrogatis
490 1131 522 1189 et
546 1123 824 1206 infrespeoificetis
850 1125 1017 1208 porciones
1042 1127 1185 1210 ipsorum
1202 1149 1275 1212 pos·

148 1228 359 1295 sessionarias
375 1233 410 1296 in
425 1233 575 1316 porcione
602 1233 781 1316 Dorugme,
807 1253 871 1314 que
897 1234 936 1298 de
961 1236 1111 1318 porcione
1136 1238 1272 1303 condam
1297 1303 1300 1310 Δ
1359 1234 1362 1240 ’

142 1332 171 1397 J
173 1333 307 1401 ehennis
323 1336 383 1402 filii
402 1337 547 1423 Ohepeni
573 1341 711 1424 proximi
738 1342 882 1423 ipsorum
903 1343 967 1408 iem
984 1343 1126 1409 defuncti
1151 1345 1273 1412 eisdem

142 1440 221 1506 filiis
245 1443 409 1512 Johannis
439 1447 551 1514 cedere
583 1448 747 1514 debuisset
771 1455 804 1514 et
830 1451 864 1513 in
897 1452 1047 1532 porcione
1072 1451 1190 1518 dacobi
1215 1452 1276 1518 filii

141 1551 320 1620 Laurencii
355 1553 483 1635 Kasch,
515 1575 614 1637 quem
639 1555 699 1620 filii
724 1555 750 1620 J
751 1557 887 1621 ohannis
913 1579 933 1622 e
958 1552 1043 1623 dicto
1069 1558 1215 1643 Tyboldo
1232 1561 1276 1626 xin

141 1663 304 1746 condigna
328 1664 536 1728 estimecione
562 1661 720 1728 redimere
744 1663 939 1742 debuissent,
965 1664 1111 1732 videlicet
1137 1670 1275 1734 terciam

141 1778 269 1854 partem
286 1772 388 1854 ipsius
413 1767 572 1853 porcionis
588 1770 715 1849 Kascb,
741 1791 780 1835 eo
803 1772 838 1836 in
857 1774 1008 1854 porcione
1024 1772 1276 1860 Kelemenylese

140 1885 336 1962 noncupata,
356 1899 419 1959 que
437 1879 551 1959 quinte
567 1899 644 1961 pers
661 1877 803 1942 eiusdem
819 1878 887 1943 fore
903 1879 1111 1963 dignoscitur,
1128 1883 1162 1946 in
1178 1885 1274 1948 comi·

139 1993 212 2060 tatu
227 1986 438 2052 Borsodiensi
454 1991 492 2050 ut
506 1985 626 2050 dicitur
651 1985 864 2051 existentibus
880 1985 1019 2070 habites,
1035 2009 1108 2053 cum
1125 1990 1271 2056 omnibus

140 2094 399 2180 ..pertinenciis
426 2093 611 2158 earumdem
642 2092 744 2158 trium
774 2095 962 2177 porcionem
993 2115 1126 2176 suerum
1151 2099 1212 2164 sibi
1239 2105 1272 2164 et

139 2203 312 2287 prelibatis
346 2201 421 2268 filiis
458 2203 525 2267 suis
550 2200 768 2284 perennaliter
798 2203 1008 2287 possidendos
1039 2205 1273 2290 contulissent3

138 2311 245 2384 obhoc
259 2312 330 2394 ipse
356 2315 389 2376 et
412 2309 490 2374 dicti
515 2307 574 2374 lilii
599 2310 649 2374 sui
675 2330 773 2393 super
795 2311 915 2376 eisdem
940 2311 1044 2377 tribus
1068 2313 1274 2396 porcionibus

139 2419 402 2502 possessionariis
428 2417 624 2484 sufficienter
645 2419 795 2496 contenti,
815 2425 987 2486 annotatos
1003 2419 1222 2488 Laurencium
1238 2430 1272 2489 et

139 2527 316 2595 Nicolaum
341 2547 439 2608 super
463 2525 610 2590 omnibus
636 2525 799 2590 iniuriosis
824 2525 925 2604 lectis,
952 2533 1062 2610 utpote
1079 2528 1273 2596 combuscio·

139 2635 238 2702 nibus
248 2635 488 2718 possessionum
498 2654 638 2712 suerum,
654 2632 933 2700 interfectionibus
951 2637 1168 2716 equecierum,
1184 2637 1272 2704 eblo÷

137 2745 244 2810 cionis
260 2739 342 2829 (igy)
360 2763 517 2824 equorum
528 2748 560 2808 et
570 2741 708 2808 eliorum
723 2745 832 2807 rerum
848 2763 980 2808 suerum
996 2794 1002 2808 .
1019 2793 1026 2806 .
1042 2763 1101 2828 per
1110 2745 1272 2827 predictos

136 2851 226 2917 filios
241 2850 404 2916 lobannis
420 2857 453 2915 et
468 2849 510 2915 ad
535 2851 622 2933 ipsos
647 2850 844 2933 pertinentes
870 2850 931 2916 sibi
956 2850 1112 2918 hactenus
1137 2853 1272 2921 inimici·

137 2961 229 3027 ciose
245 2959 395 3042 irrogetis
412 2965 445 3023 et
460 2961 667 3042 perpetratis,
686 2958 900 3024 reddidissent
911 2965 943 3024 et
959 2958 1165 3040 reliquissent
1180 2983 1273 3045 expe·

134 3069 252 3134 ditos.
269 3117 276 3130 .
292 3064 357 3150 Qui
374 3066 505 3148 quidem
530 3067 631 3132 eciem
647 3065 705 3132 filii
731 3065 756 3134 J
757 3065 893 3132 ohannis
918 3065 1095 3150 prelibatas
1120 3075 1186 3135 tres
1202 3092 1275 3152 por·-

134 3179 250 3243 ciones
266 3196 339 3240 sues
356 3225 363 3238 .
380 3224 387 3239 .
403 3196 512 3240 coram
528 3174 620 3240 nobis
636 3175 881 3258 assignaverunt
896 3176 929 3241 in
940 3175 989 3240 ius
1000 3183 1032 3241 et
1041 3178 1275 3260 proprietatem

134 3285 312 3350 memorati
328 3281 465 3368 Tyboldi
481 3289 515 3347 et
530 3282 670 3347 filiorum
687 3303 817 3348 suorum
842 3304 881 3348 sc
906 3283 1094 3350 eorumdem
1119 3284 1273 3352 heredum

133 3391 359 3477 perennaliter
384 3390 593 3473 possidendas
619 3439 650 3456 ..
676 3389 818 3473 Insuper
843 3397 952 3455 eutem
977 3391 1088 3457 eedem
1113 3399 1225 3476 partes
1242 3443 1273 3459 ..

134 3521 253 3565 omnes
268 3499 381 3566 literas
397 3521 472 3565 suas
482 3497 651 3565 iudiciales
668 3547 693 3563 ..
709 3499 864 3563 hactenus
875 3504 1067 3566 contresese
1077 3500 1238 3567 coniectas

132 3614 285 3674 cassatas
309 3659 340 3673 ..
364 3607 565 3689 reliquerunt
590 3627 698 3672 coram
722 3605 813 3671 nobis
830 3655 861 3670 ..
889 3605 1015 3673 Detum
1040 3608 1074 3672 in
1104 3608 1273 3690 quindenis

132 3717 206 3782 diei
222 3714 386 3796 Oinerum,
401 3735 486 3781 anno
501 3715 623 3780 domini
639 3713 691 3778 M⁰
716 3711 813 3783 000⁰
836 3714 990 3781 XXXX
1007 3716 1153 3800 septimo.

247 3853 401 3940 Hirtlepjtn
414 3877 506 3939 pecset
518 3876 686 3941 nymnaival.
700 3876 839 3940 Eredetije
861 3893 894 3926 uz
908 3893 977 3928 orsu.
992 3880 1024 3927 lt.
1038 3879 1137 3929 kincst.
1153 3886 1220 3929 oszt.
1236 3881 1272 3930 N.

133 3971 173 4019 It.
188 3969 222 4018 A.
245 3971 306 4017 381.
331 3971 354 4016 5.
377 3967 443 4030 dipl.
466 3974 534 4017 oszt.
558 3971 637 4018 3886.
657 3967 758 4019 szli:
776 3969 886 4019 Kovrtcs
900 3969 934 4019 N.
948 3969 980 4018 V.
995 3972 1020 4018 ὃ.
1044 3968 1124 4034 Fejer
1137 3971 1189 4034 Gy.
1202 3970 1221 4020 i.
1235 3986 1272 4022 nr.

132 4060 191 4110 IX.
206 4064 228 4108 1.
243 4062 304 4109 529.
318 4059 337 4107 l.
350 4057 378 4107 ds
389 4057 438 4106 IX.
453 4065 477 4109 6.
492 4064 534 4109 ³0.
