3138 5462
332 487 394 569 156
683 525 869 571 insonnem
886 511 1100 571 ounrlurrln

330 689 464 764 constat,
481 683 554 750 ideo
575 735 605 750 ..
631 687 826 770 precipimus
851 710 909 772 por
933 696 1109 774 presentes,
1133 693 1295 771 <protenus
1321 695 1450 756 vostrum

330 793 468 858 mittatis
493 795 656 859 hominem
680 817 740 878 pro
764 799 949 863 testimonio
974 848 1005 864 ..
1030 819 1094 883 quo
1119 805 1269 882 presente
1286 797 1453 864 Ladizlaus

330 901 416 966 filins
443 901 613 968 Laurencii
639 903 712 968 aule
736 910 845 970 nostre
870 907 977 984 miles,
1009 905 1059 971 vel
1084 905 1241 972 Nicolaus
1265 906 1305 971 de
1332 905 1453 990 Thotby

332 1009 435 1074 altero
451 1009 583 1075 absente
598 1011 693 1077 homo
718 1019 835 1092 noster,
861 1013 903 1078 ad
919 1013 1018 1078 facies
1043 1015 1203 1079 dictarum
1225 1013 1454 1098 possessionum

332 1117 513 1182 rucrcdendo
530 1171 536 1184 .
554 1168 561 1182 .
577 1119 758 1186 reambulet
773 1121 861 1205 ipsas
879 1174 884 1186 .
901 1171 908 1186 .
925 1121 1209 1203 reambulatasqne
1225 1129 1258 1186 et
1267 1121 1309 1186 ab
1325 1121 1453 1186 aliorum

330 1226 582 1309 possessionibus
613 1227 782 1294 distinctas
813 1235 939 1320 statuat
969 1230 1098 1295 easdem
1129 1229 1274 1314 predicto
1307 1231 1455 1312 magistro

332 1333 466 1419 Chenylr
482 1335 577 1400 titulo
593 1343 702 1402 nostre
718 1357 796 1402 nove
821 1337 1006 1404 donacionis
1031 1345 1187 1422 perpetuo
1211 1337 1419 1421 possidendas
1433 1336 1456 1402 si

333 1465 396 1507 non
413 1443 510 1509 luerit
525 1445 768 1524 contradictum,
784 1445 1073 1512 contradictoribus
1089 1467 1163 1511 nero
1179 1445 1221 1510 ad
1233 1452 1378 1510 nostram
1394 1467 1456 1529 pre·

338 1553 480 1617 sanciam
496 1553 537 1617 ad
554 1553 728 1619 terminum
745 1561 978 1637 competentem
1006 1554 1148 1638 legitime
1167 1554 1322 1634 evocatis3
1347 1559 1459 1637 etpost

332 1661 393 1727 hec
409 1661 525 1726 seriem
540 1663 643 1727 tocius
659 1662 738 1728 sacti
764 1712 794 1726 ..
820 1663 911 1728 nobis
937 1714 967 1728 ..
993 1661 1188 1728 rescribatis.
1211 1661 1337 1726 Datum
1361 1660 1458 1738 Bude,

335 1768 416 1834 seria
433 1775 551 1850 quarta
567 1769 714 1853 proxima
738 1777 810 1853 post
835 1770 953 1835 festum
978 1769 1200 1835 Exaltacionis
1226 1775 1336 1835 sancte
1353 1769 1459 1846 crucis,
1548 1776 1549 1810 l

334 1897 419 1942 anno
435 1877 557 1942 domini
572 1875 625 1942 M⁰
648 1875 747 1946 000⁰
771 1878 877 1944 XLffl⁰
893 1880 1041 1962 septimo.
1064 1877 1185 1960 Itaque
1204 1899 1285 1942 nos.
1303 1926 1310 1940 .
1326 1897 1459 1940 unacum

335 1984 479 2068 predicto
495 1985 651 2052 Ladislac
667 1985 733 2051 filio
750 1988 924 2052 Laurencii
941 1987 1070 2052 homine
1096 1987 1197 2070 ipsius
1222 1985 1343 2051 domini
1364 1983 1459 2048 nostri

336 2098 430 2176 regie,
452 2098 644 2180 magistrum
660 2095 836 2161 Albertum
853 2095 974 2161 socium
1000 2103 1033 2161 et
1057 2095 1307 2161 concanonicum
1323 2115 1361 2159 ac
1377 2097 1461 2156 nota·
1552 2146 1553 2164 ,

336 2205 419 2270 rium
430 2204 562 2270 ecclesie
572 2211 681 2271 nostre
697 2207 858 2271 hominem
876 2212 1031 2284 nostrum,
1048 2204 1090 2269 ad
1106 2203 1294 2288 exequenda
1308 2201 1461 2284 premissa
1553 2240 1554 2256 ,

336 2314 572 2380 transmisimus
597 2335 656 2397 pro
689 2313 873 2380 testimonio
898 2363 929 2378 ..
955 2315 1010 2396 qui
1036 2314 1164 2378 demum
1185 2361 1216 2376 ..
1242 2311 1334 2375 nobis
1349 2307 1462 2374 retule·
1554 2332 1555 2348 ¹

338 2422 532 2503 1·nnt‚qnod
557 2422 620 2505 ipsi
645 2423 677 2486 in
703 2422 786 2487 festo
812 2421 905 2488 beate
922 2419 1042 2488 Cecilie
1067 2420 1200 2504 virginis
1227 2418 1372 2503 proxime
1397 2435 1462 2500 pre·
1555 2424 1556 2448 ¹

341 2529 445 2610 terito,
463 2528 613 2596 adsocies
630 2530 850 2614 predictarum
866 2538 1028 2595 terrarum
1044 2551 1100 2594 seu
1116 2527 1352 2612 possessionum
1368 2545 1462 2608 popu·
1556 2518 1557 2542 ¹

336 2635 440 2700 lorum
465 2639 677 2703 castrensium
692 2637 891 2722 prefatorum
910 2637 1032 2722 Zwaylr
1057 2643 1089 2701 et
1105 2635 1241 2700 Kechen
1267 2639 1461 2706 vocatarum,
1557 2635 1558 2646 ¹

337 2743 449 2808 vicinis
466 2751 498 2808 et
515 2747 741 2810 commetaneis
757 2766 867 2810 earnm
887 2746 1044 2809 universis
1068 2743 1211 2827 legitime
1237 2739 1417 2807 convocatis
1433 2745 1463 2802 et

336 2852 537 2933 presentibus
547 2852 992 2932 accedendo‚reambnlassent
1002 2851 1130 2916 easdem
1140 2851 1283 2934 undique
1293 2845 1463 2914 circuendo

340 2965 371 3022 ct
396 2958 485 3024 nullo
511 2962 747 3026 contradictore
772 2967 957 3044 apparente,
980 2982 1039 3045 per
1063 2960 1346 3043 infrascriptarum
1370 2961 1465 3020 meta·

339 3089 411 3131 rum
436 3069 614 3134 creceiones
640 3069 681 3133 ab
715 3069 851 3134 aliorum
882 3066 1137 3153 possessionibus
1162 3063 1376 3148 distingendo,
1401 3068 1463 3128 sta·

340 3173 478 3240 tuissent
493 3177 715 3258 prenominato
732 3177 887 3260 magistro
903 3174 1037 3260 Ohenyk
1061 3179 1218 3258 perpetuo
1243 3171 1467 3256 possidendas;

340 3282 431 3347 cuius
447 3284 590 3367 predicte
606 3293 691 3351 terre
707 3285 828 3371 Zwayk
852 3292 962 3351 vocate
978 3291 1073 3362 meta,
1098 3289 1195 3368 prout
1210 3281 1308 3348 iidem
1324 3282 1467 3346 homines

341 3392 427 3474 regie
444 3393 644 3460 celsitudinis
661 3403 693 3461 et
707 3403 817 3461 noster
841 3395 934 3460 nobis
959 3395 992 3458 in
1018 3393 1156 3476 registro
1181 3394 1398 3474 reportarunt,
1423 3387 1467 3452 in-

340 3499 419 3581 cipit
434 3521 470 3565 eo
487 3503 596 3568 modo:
622 3504 708 3585 quod
732 3483 819 3568 ultra
843 3501 1076 3586 longitudinem
1093 3497 1306 3580 quorumdam
1331 3496 1467 3561 duorum

342 3605 489 3689 iugerum
524 3617 609 3676 terre
642 3635 662 3676 a
696 3613 836 3693 quodam
876 3617 971 3695 portu
1006 3629 1063 3674 seu
1096 3608 1236 3673 transitu
1261 3603 1468 3690 Zwaykzorm

343 3722 455 3780 vocato
481 3717 646 3802 incipiens,
670 3719 846 3784 erexissent
870 3719 949 3783 duas
974 3723 1076 3782 metas
1101 3723 1233 3792 terreas,
1258 3735 1356 3778 unam
1381 3713 1471 3777 iuxta

343 3821 476 3889 fluvium
492 3825 613 3912 Zuayk
638 3835 784 3893 vocatum
808 3827 849 3892 ad
874 3825 1037 3911 quandam
1062 3823 1211 3889 arborem
1235 3821 1349 3905 eguria
1364 3817 1471 3902 vulga·

344 3933 424 3998 riter
440 3940 596 4018 vocatam,
621 3941 652 3999 et
677 3935 774 3999 aliam
800 3955 863 3999 non
887 3933 981 4016 longe
1016 3931 1152 4014 abipsa
1177 3934 1313 4013 aparte
1338 3923 1473 3992 orientis

344 4042 386 4108 ad
411 4041 558 4108 arborem
589 4042 697 4108 salicis
722 4041 805 4107 sulla
830 4039 912 4125 (igy)
935 4040 1063 4118 dictam,
1088 4039 1180 4104 euius
1203 4035 1293 4101 fluvii
1318 4034 1474 4100 medietas

346 4151 470 4235 equalis
493 4151 535 4216 ad
550 4157 677 4235 partem
701 4148 921 4215 occidentalen
941 4151 1108 4230 separaret
1124 4143 1286 4209 nobilibus
1303 4142 1342 4208 de
1358 4139 1474 4224 Zuayk

347 4260 413 4325 alia
427 4281 502 4325 vero
519 4259 668 4325 similiter
684 4259 810 4340 equalis
826 4255 982 4322 medietas
1007 4253 1149 4319 eiusdem
1166 4251 1254 4317 fluvii
1279 4250 1321 4316 ad
1347 4253 1474 4333 partem

346 4368 535 4434 orientalem
551 4373 731 4433 remaneret
746 4373 832 4432 terre
849 4364 1011 4447 quondam
1036 4362 1195 4427 dictorum
1214 4357 1405 4446 populorum
1423 4377 1475 4420 ca·

347 4479 519 4544 strensium
535 4475 656 4562 Zwaylr
681 4475 858 4553 antedicte3
882 4471 956 4536 inde
980 4471 1072 4535 iuxta
1097 4470 1203 4551 ipsum
1228 4465 1362 4531 fluvium
1386 4463 1476 4528 radit

346 4607 457 4650 versus
473 4585 733 4667 septemtrionem
748 4603 850 4664 usque
867 4580 963 4644 finem
987 4577 1128 4644 nemoris
1144 4576 1245 4660 ipsius
1260 4573 1359 4655 fluvii,
1374 4592 1476 4657 prope

349 4693 435 4776 quod
459 4693 492 4758 in
516 4697 605 4758 terra
630 4689 745 4756 arabili
771 4689 947 4754 erexissent
970 4707 1070 4752 unam
1094 4691 1222 4766 metam,
1247 4682 1304 4747 ubi
1328 4679 1477 4766 predicta
