3188 5470
668 501 853 551 nasonicum
871 487 1086 550 cantiensis.

841 765 914 825 204.

319 923 413 984 1350.
422 925 493 1006 joc.
510 923 562 986 22.
580 919 758 986 Aboezmui
772 922 926 1007 kctptalou
937 919 1300 1007 bizoopsdglevcle,hopy
1311 919 1454 982 Nekchei

317 1029 412 1092 Denk
437 1031 546 1092 ha‘rom
573 1031 728 1116 Boranga
763 1033 941 1116 rctrmegyei
975 1029 1077 1093 birtok
1102 1030 1219 1092 turrira
1246 1026 1401 1112 dolpdbuu
1429 1051 1450 1088 α

316 1139 490 1220 ὴοίμθκὶπέη
515 1162 552 1202 oz
578 1139 666 1200 estut
691 1139 796 1216 teratu,
821 1138 930 1224 melyet
957 1137 1097 1202 azoubon
1121 1119 1159 1202 uz
1186 1135 1313 1222 elleafel
1332 1137 1454 1220 Korogi

624 1247 744 1333 Fulpes
763 1248 933 1311 hunrisuuk
947 1247 1084 1323 jelentett
1097 1249 1139 1312 ki.

424 1407 493 1474 Nos
509 1408 685 1492 capitulum
705 1409 838 1474 ecclesie
856 1409 1033 1476 Bonnensis
1059 1410 1173 1474 damus
1198 1429 1257 1492 pro
1282 1408 1451 1484 memoria,

317 1516 402 1597 quod
412 1537 470 1581 nos
479 1517 570 1581 iuxta
586 1517 822 1583 continenciam
839 1519 1010 1584 literarum
1028 1569 1034 1581 .
1052 1568 1058 1582 .
1076 1516 1451 1600 NicolaiStrigoniensis

316 1624 449 1689 ecclesie
465 1626 620 1708 prepositi
637 1626 761 1690 comitis
788 1627 910 1708 capelle
936 1647 975 1690 ao
1000 1626 1168 1690 secretarii
1192 1623 1377 1690 cancellarii
1394 1624 1450 1688 do

315 1732 394 1795 mini
419 1733 513 1815 regie,
538 1754 611 1796 cum
635 1732 788 1797 Ladislao
813 1731 879 1798 filio
895 1733 1040 1798 Ladislai
1066 1733 1144 1797 dicti
1169 1733 1294 1798 Potroh
1319 1733 1450 1797 homine

316 1839 394 1904 dicti
410 1840 530 1904 domini
547 1841 639 1923 regis,
656 1843 848 1924 magistrum
865 1840 890 1904 J
891 1861 1028 1904 oannem
1054 1840 1175 1904 socium
1201 1845 1234 1903 et
1259 1840 1450 1904 concanoni-

316 1971 387 2013 cum
413 1955 557 2012 nostrum
583 1969 642 2031 pro
656 1955 748 2032 parte
771 1950 918 2032 magistri
945 1948 1041 2014 Denk
1057 1949 1097 2012 de
1112 1947 1256 2022 Nehche,
1272 1949 1348 2012 item
1373 1968 1448 2010 oum

314 2055 446 2120 Leuluis
471 2054 537 2119 filio
563 2055 691 2119 Nicolai
716 2055 863 2120 similiter
888 2057 1015 2120 homine
1041 2055 1182 2120 eiusdem
1207 2055 1327 2120 domini
1351 2055 1450 2137 regis,

316 2165 507 2246 magistrum
524 2161 723 2246 Stephanum
740 2165 887 2228 similiter
913 2165 1035 2229 socium
1060 2170 1092 2228 et
1117 2164 1366 2229 concanonicum
1392 2183 1448 2227 no

315 2277 419 2335 strum
435 2293 493 2354 pro
510 2277 606 2355 parte'
618 2272 767 2355 magistri
784 2273 930 2356 Phylpus
946 2272 1005 2338 filii
1020 2272 1194 2338 Laurencii
1210 2272 1250 2336 de
1265 2271 1390 2354 Korog,
1406 2272 1450 2336 ad

315 2379 501 2459 exequenda
521 2379 730 2462 infrascripta
755 2402 814 2463 pro
830 2381 1024 2446 testimoniis
1046 2380 1195 2445 duximus
1220 2379 1450 2458 destinandos;

317 2486 444 2550 demum
470 2487 567 2552 iidem
592 2488 737 2552 homines
763 2489 844 2572 regii
869 2487 1018 2553 videlicet
1042 2494 1075 2552 et
1099 2489 1202 2552 nostri
1218 2539 1225 2553 .
1242 2535 1249 2550 .
1266 2487 1308 2551 ad
1323 2508 1383 2552 nos
1399 2509 1449 2551 re-

315 2595 629 2678 ve1·si,primoidem
653 2597 827 2662 Ladislaus
854 2597 941 2662 filius
966 2597 1113 2662 Ladislai
1137 2619 1276 2662 unacum
1302 2595 1449 2679 predicto

313 2704 469 2786 magistro
485 2704 511 2769 J
512 2704 638 2768 ohanne
655 2705 840 2770 testimonio
865 2711 975 2770 nostro
1001 2705 1203 2771 concorditer
1227 2703 1318 2768 nobis
1334 2704 1450 2770 retulit

313 2813 346 2876 in
362 2811 447 2876 hunc
463 2813 609 2877 modum:
626 2812 712 2895 quod
728 2813 797 2896 ipse
822 2813 855 2876 in
881 2815 1001 2878 octavis
1026 2813 1099 2878 sesti
1115 2813 1376 2898 Epiphaniamm
1392 2812 1449 2876 do

315 2920 394 2982 mini
420 2940 505 2983 nuno
536 2919 681 3002 proxime
715 2921 888 3002 preteritis,
914 2941 1052 2985 unacum
1085 2920 1264 3003 prescripto
1290 2919 1448 3002 magistro

315 3027 466 3092 Johanne
484 3027 666 3092 testimonio
683 3033 800 3106 nostro,
820 3029 911 3092 iuxta
927 3029 1162 3093 continenciam
1188 3029 1348 3094 dictarum
1374 3028 1449 3092 lite·

313 3158 423 3200 rarum
439 3136 565 3199 comitis
581 3135 703 3216 capelle
719 3136 815 3217 regie,
832 3136 874 3200 ad
891 3135 988 3200 facies
1005 3137 1241 3218 possessionum
1252 3135 1446 3200 chtlazlou

313 3243 409 3308 Luka
425 3250 458 3307 et
473 3242 626 3325 Jagodna
641 3249 837 3322 vocatarum,
853 3245 885 3308 in
903 3246 1058 3308 comitatu
1084 3244 1123 3308 de
1139 3244 1294 3328 Baranya
1309 3245 1448 3308 existen-

312 3353 405 3433 cium,
436 3352 583 3434 partibus
614 3353 759 3434 utrisque
791 3354 825 3416 in
856 3353 937 3417 facie
969 3354 1154 3418 earumdem
1185 3352 1447 3437 comparentibus

312 3460 505 3536 accessisset,
522 3465 554 3524 et
564 3459 709 3542 prefatus
726 3461 880 3543 magister
896 3459 993 3525 Denk
1008 3460 1137 3526 easdem
1153 3463 1370 3544 possessiones
1386 3481 1447 3543 per

312 3573 414 3632 metas
431 3567 584 3631 terminos
601 3574 633 3630 et
648 3566 861 3632 limitaoiones
887 3567 987 3648 signis
1013 3567 1156 3632 arboreis
1181 3569 1397 3652 consignatas,
1414 3577 1447 3632 et

313 3695 472 3757 aquarum
489 3682 614 3739 meatus
631 3697 686 3738 seu
703 3696 823 3752 cursus,
840 3695 921 3756 quas
938 3697 1012 3740 suas
1028 3675 1179 3740 videlicet
1197 3675 1358 3741 dictarum
1373 3698 1447 3760 pos-

313 3784 489 3847 sessionum
515 3782 582 3846 fore
608 3782 789 3882 asserendp,
813 3783 847 3846 in
872 3783 1014 3864 ipsorum
1040 3782 1206 3849 hominum
1232 3785 1395 3866 regiorum
1413 3792 1447 3849 et

312 3895 495 3954 nostrorum
511 3910 570 3972 pro
596 3891 742 3972 utrisque
767 3889 914 3973 partibus
939 3891 1177 3972 assignatorum
1201 3894 1369 3975 presencia
1384 3895 1446 3958 cir·

312 3997 434 4062 cuendo
455 3995 696 4078 reambulassct,
722 3999 808 4062 intra
825 4019 905 4080 quas
924 4003 1027 4062 metas
1044 4005 1076 4062 et
1092 3999 1245 4064 circuitus
1270 3999 1353 4065 alias
1378 4008 1447 4066 tres

311 4105 405 4170 villas
422 4105 583 4169 Parlacha
598 4105 753 4188 Ledenyk
764 4112 796 4168 et
806 4105 959 4189 Lyohaan
976 4114 1114 4184 vocatas,
1125 4113 1158 4170 et
1173 4107 1270 4172 silvas
1280 4109 1314 4172 in
1325 4129 1446 4191 magna

313 4214 495 4293 quantitate
526 4235 584 4296 per·
615 4213 750 4277 eundem
781 4213 973 4296 magistrum
998 4215 1095 4280 Denk
1119 4215 1349 4292 reambulatas,
1366 4216 1443 4280 dicti

309 4321 455 4385 homines
471 4320 711 4402 regiividelicet
726 4328 759 4385 et
769 4323 879 4400 nostri,
890 4343 949 4405 pro
959 4322 1115 4386 ambabus
1131 4322 1278 4405 partibus
1295 4324 1444 4406 deputati

309 4429 467 4506 dixerunt,
494 4448 575 4510 quae
602 4428 722 4492 scilicet
746 4429 853 4494 dictus
877 4431 1033 4512 magister
1048 4429 1146 4494 Denk
1161 4431 1195 4494 in
1210 4433 1376 4495 territorio
1393 4453 1444 4496 ea-

310 4535 455 4600 rumdam
471 4537 707 4618 possessionum
723 4537 912 4602 Zentlazlou
928 4537 1024 4602 Luka
1040 4544 1072 4602 et
1085 4537 1238 4621 Jagodna
1253 4545 1443 4604 vocatarum

310 4645 433 4708 locatas
450 4651 482 4706 et
506 4646 678 4708 existentes
705 4667 773 4708 esse
800 4645 940 4726 dixisset,
967 4647 1129 4728 predictus
1154 4653 1262 4710 autem
1287 4649 1445 4730 magister
