3188 5470
381 506 445 573 340
732 522 919 574 nusocxonr
935 511 1150 574 onulurriu.

378 691 571 773 sanguinum
588 688 794 754 effusionibus
811 697 845 754 et
869 690 1194 757 dimembracionibus
1210 688 1407 768 reformavit,
1423 695 1455 754 et
1470 709 1502 754 eo

377 797 470 879 plene
486 796 668 874 reformato,
685 795 776 860 nobis
791 797 922 861 tandem
940 798 1154 880 personaliter
1169 797 1238 862 illic
1253 798 1504 882 properantibus,

377 904 462 968 idem
478 925 615 986 regnum
632 902 749 986 Syoilie
773 926 847 968 eum
863 905 958 988 pleno
984 905 1033 969 sui
1059 905 1140 970 iuris
1166 905 1316 984 dominio,
1333 907 1366 970 in
1384 913 1504 971 nostres

376 1037 495 1100 manus
509 1015 615 1096 regias
641 1015 674 1078 in
700 1019 789 1078 statu
814 1013 946 1097 pacifico
973 1015 1167 1097 assignando
1193 1021 1303 1080 nostre
1328 1013 1506 1098 subiugavit

377 1124 541 1207 potestati,
571 1125 635 1188 inno
665 1125 826 1205 pociorem
856 1123 969 1188 fratris
1010 1113 1122 1188 nostri
1143 1125 1383 1188 interemtorem
1417 1123 1506 1188 simul

378 1253 452 1297 oum
476 1231 596 1314 iniquis
623 1232 765 1296 eiusdem
791 1231 1026 1296 consultoribus
1052 1237 1194 1314 captum,
1221 1231 1263 1296 ad
1289 1231 1506 1296 decollandum

378 1339 592 1423 promissique
609 1339 830 1404 nefandissimi
846 1339 1026 1422 perpetrati
1053 1340 1195 1405 criminis
1221 1340 1446 1404 summendum
1461 1339 1505 1403 ul·

379 1447 480 1512 cionis
496 1447 660 1526 iudicium,
670 1453 798 1512 nostras
815 1448 848 1512 in
859 1469 973 1512 manus
990 1447 1126 1525 induxit,
1137 1447 1369 1528 mulieremque
1387 1447 1507 1512 dohan-

378 1577 452 1619 nem
467 1555 644 1634 viricidam,
660 1555 841 1639 perfusione
858 1555 979 1620 innoxii
1006 1557 1172 1639 sanguinis
1198 1557 1318 1620 domini
1345 1563 1378 1622 et
1403 1557 1507 1620 mariti

379 1665 429 1728 sui
454 1665 613 1729 naturalis
638 1665 749 1728 fratris
773 1665 876 1728 nostri
901 1686 999 1742 ream,
1025 1666 1121 1729 simul
1146 1687 1218 1731 cum
1243 1665 1405 1730 Lodovico
1425 1686 1507 1728 nnnc

379 1772 496 1836 marito
512 1793 580 1850 suo,
596 1773 630 1836 in
646 1778 757 1856 partes
777 1773 900 1837 alienas
925 1771 1132 1856 vagabundos
1158 1771 1344 1854 auffugarit,
1368 1778 1402 1834 et
1418 1793 1456 1835 eo
1472 1771 1508 1834 de

379 1880 456 1963 ipsis
473 1879 621 1963 partibus
645 1881 872 1945 transmarinis
898 1887 1009 1944 nostra
1025 1880 1158 1962 propria
1183 1886 1216 1944 et
1240 1879 1388 1944 benivola
1403 1901 1443 1944 ex
1460 1880 1509 1944 ad-

378 1987 531 2052 ducoione
556 1986 721 2051 nobiscum
748 1989 957 2071 repatriante,
991 1988 1184 2070 magistrum
1210 1986 1349 2052 Lewhus
1376 1988 1508 2053 fratrem

379 2117 480 2174 suum,
496 2117 634 2161 unacum
651 2095 779 2160 domino
797 2095 963 2179 Stephano
978 2097 1119 2180 voyvoda
1144 2095 1375 2160 Transsilrano
1401 2103 1508 2160 nostro
1584 2183 1585 2190 ἵ

380 2203 468 2268 fideli
498 2211 531 2269 et
560 2204 678 2270 dilecto
706 2205 847 2289 speciali,
864 2207 897 2270 in
916 2205 1036 2270 dictum
1062 2227 1197 2289 regnum
1223 2204 1340 2288 Syoilie
1366 2205 1461 2270 nobis
1480 2211 1509 2269 et

380 2331 479 2394 regno
495 2318 605 2376 nostro
620 2311 760 2376 fideliter
785 2312 1016 2389 famulandum,
1041 2313 1212 2397 ipsumque
1238 2333 1374 2395 regnum
1400 2319 1509 2377 nostra

379 2422 412 2485 in
437 2441 575 2504 persone
600 2421 853 2506 gubernandum,
878 2421 1028 2486 duximus
1064 2421 1295 2505 deputandum,
1320 2423 1377 2500 qui
1402 2422 1507 2496 eciam,

378 2535 416 2594 ut
449 2550 488 2593 ex
521 2529 673 2594 continua
707 2531 776 2593 eius
811 2529 932 2594 domini
963 2529 1120 2614 Stephani
1151 2529 1291 2614 voyvode
1321 2528 1411 2592 fideli
1442 2529 1507 2592 lite

378 2637 501 2702 ratoria
528 2637 742 2720 reseripoione
776 2637 986 2722 percepimus,
1019 2637 1130 2702 fideles
1154 2639 1188 2701 in
1213 2636 1361 2702 omnibus
1387 2643 1420 2701 et
1444 2637 1505 2720 pla-
1584 2697 1585 2720 ,

379 2744 490 2809 cibiles
505 2745 598 2810 nobis
614 2752 647 2810 et
662 2747 724 2810 toti
739 2766 839 2828 regno
864 2751 975 2810 nostro
992 2746 1147 2824 exhibuit,
1173 2751 1207 2810 ct
1223 2751 1260 2809 ut
1275 2745 1390 2828 procul
1414 2743 1505 2809 dubio
1584 2727 1585 2760 ¹

379 2873 554 2936 speramus,
570 2853 605 2916 in
621 2851 768 2918 futurum
786 2853 950 2918 exhibebit
965 2853 1157 2933 famulatus3
1172 2874 1231 2937 pro
1246 2859 1295 2918 tot
1305 2860 1338 2917 et
1347 2859 1505 2918 tantorum

379 2959 563 3025 eorumdem
579 2961 809 3043 magistrorum
828 2959 957 3026 Nicolai
983 2969 1016 3026 et
1040 2961 1177 3026 Lewkus
1201 2960 1342 3026 filiorum
1368 2959 1504 3025 eiusdem

379 3066 526 3149 magistri
541 3066 717 3132 Laurencii
726 3055 868 3131 fidelium
878 3068 1087 3132 servicicrum
1102 3067 1258 3150 preclaris
1267 3069 1392 3133 meritis
1406 3068 1507 3132 multa

378 3174 473 3239 laude
490 3175 605 3257 dignis,
620 3175 697 3238 licet
714 3181 863 3257 respectu
880 3175 1086 3240 seruiciorum
1102 3175 1287 3240 eorumdem
1298 3175 1401 3240 multo
1416 3177 1507 3258 plura

380 3289 413 3348 ct
428 3284 552 3348 maiora
567 3305 587 3347 a
602 3282 694 3348 nobis
719 3290 907 3362 mereretur,
923 3285 956 3347 in
973 3285 1203 3367 particularem
1228 3291 1339 3348 tamen
1364 3282 1506 3348 servicio-
1584 3361 1585 3380 Χ

379 3414 450 3457 rum
467 3413 599 3456 suorum
615 3393 960 3474 recompensacionem,
977 3391 1136 3474 quasdam
1153 3392 1369 3474 possessiones
1383 3396 1505 3454 nostres

379 3499 536 3585 Golgoch,
552 3499 682 3584 Wylok,
698 3500 904 3579 Wdusrnulr,
921 3499 1031 3584 Saagh
1056 3507 1090 3566 et
1104 3499 1227 3584 Dywch
1252 3505 1384 3564 vocatas
1407 3499 1438 3561 in
1457 3517 1505 3561 oo·
1584 3545 1585 3548 η

379 3611 495 3674 mitatu
521 3607 680 3674 Nitriensi
705 3610 887 3688 existentes,
904 3610 1067 3693 quondam
1093 3609 1168 3674 Aba
1192 3609 1302 3692 magni
1327 3607 1368 3672 de
1394 3625 1504 3690 genere

378 3715 463 3796 Aba,
479 3739 569 3784 sacre
594 3718 682 3801 regie
707 3739 823 3782 corone
847 3717 995 3799 infidelis,
1021 3719 1078 3801 qui
1094 3717 1271 3783 damnabili
1288 3714 1505 3800 presumcione

379 3826 542 3907 quondam
558 3827 694 3892 Matheo
713 3827 752 3890 de
780 3826 969 3892 'Princhinio
985 3828 1131 3910 proximo
1148 3848 1214 3904 suc,
1240 3823 1374 3908 capitali
1389 3821 1505 3887 infideli

379 3933 499 3997 domini
534 3931 652 3998 Karoli
678 3933 840 4016 quondam
866 3933 1002 3998 illustris
1028 3935 1112 4018 regis
1142 3933 1313 4016 Hungarie
1350 3929 1505 3996 karissimi

380 4041 483 4126 patris
493 4041 595 4104 nostri
606 4040 768 4104 laudande
783 4042 954 4121 memorie3
971 4063 1042 4132 cum
1060 4041 1170 4104 eodem
1186 4047 1278 4122 patre
1295 4045 1404 4104 nostro
1418 4039 1507 4100 iuxta

379 4149 541 4213 ciuitatem
572 4153 715 4212 nostram
741 4148 780 4211 de
805 4147 916 4212 Kassa
941 4147 1136 4228 adherendo,
1162 4148 1243 4212 facie
1269 4147 1312 4210 ad
1336 4147 1446 4211 faciem
1467 4145 1504 4207 in

379 4255 558 4320 subsidium
584 4254 727 4320 eiusdem
752 4255 889 4332 Mathei,
915 4256 1045 4320 racione
1076 4255 1295 4339 proximitatis
1321 4261 1355 4318 et
1378 4273 1506 4320 consan-

379 4363 567 4446 guineitatis
581 4363 746 4441 veniendo,
763 4364 797 4428 in
812 4363 1027 4447 preindicium
1044 4363 1222 4428 maiestatis
1238 4364 1327 4446 regie
1351 4360 1508 4444 preliavit.

378 4472 412 4534 in
429 4491 493 4551 quo
510 4469 660 4536 conflictu
684 4471 760 4536 licet
784 4470 895 4554 plures
910 4478 1078 4554 magnates
1103 4472 1194 4554 regni
1211 4472 1314 4535 nostri
1331 4477 1407 4535 tune
1421 4469 1508 4532 dicto

379 4578 506 4644 domino
523 4580 610 4661 patri
626 4587 738 4644 nostro
754 4587 787 4643 et
805 4601 894 4644 sacre
911 4601 1025 4645 corone
1052 4581 1141 4663 regie
1159 4579 1271 4644 fideles
1287 4581 1321 4643 in
1338 4601 1391 4643 ore
1407 4573 1507 4660 gladii

374 4686 553 4764 occidisset,
569 4694 677 4750 tamen
688 4687 816 4751 demum
834 4688 952 4752 ibidem
963 4688 1287 4770 divinaprovidencia
1303 4687 1508 4769 suffragante,
