3138 5462
496 536 591 597 1347.
609 553 678 597 ocr.
697 537 747 598 30.

602 807 653 868 64.

82 965 160 1029 1347.
185 965 379 1050 Erzlerpom,
407 978 462 1030 ccl.
488 968 541 1030 30.
574 944 708 1032 Cscodd'
729 968 910 1052 ascierpomi
932 967 1020 1030 arser
1045 965 1194 1051 Elefa'nti

79 1073 247 1138 llihldsnalc
265 1075 369 1138 Kerek
387 1075 451 1140 Pol
465 1075 543 1139 allec
560 1074 701 1161 bizoayos
727 1077 906 1162 ecaterpomi
929 1077 988 1140 tria
1006 1076 1096 1139 iaciat
1112 1075 1191 1140 indi*-

400 1193 455 1249 rou
465 1183 600 1270 perideo
616 1184 786 1249 balaoztrist
800 1185 851 1248 ud.

167 1344 236 1411 Nos
246 1346 459 1414 Chanadinus
475 1395 482 1410 .
499 1399 506 1412 .
522 1347 782 1432 archiepiscopus
801 1345 1034 1430 Strigoniensis
1058 1347 1187 1429 locique

78 1453 203 1519 ciusdem
228 1477 333 1520 comes
350 1463 525 1540 perpetuus
542 1457 656 1521 damus
681 1476 741 1540 pro
766 1457 930 1534 memorie,
955 1456 1041 1537 quod
1057 1478 1188 1522 causam

78 1584 159 1644 quam
176 1564 330 1648 magister
344 1563 501 1630 Nicotaus
517 1563 604 1628 filius
619 1563 747 1630 Mathis
763 1561 879 1628 nobilis
896 1562 935 1628 de
951 1561 1116 1640 Elefanth,
1133 1563 1189 1648 qui

78 1671 274 1752 personaliter
298 1672 411 1750 astiti,
436 1672 526 1738 iuxta
551 1671 785 1736 continenciam
809 1670 980 1735 literarum
1004 1677 1190 1754 prorogato·

77 1779 183 1842 riarum
193 1779 308 1844 iudicis
317 1780 498 1844 iuratorum
509 1779 648 1844 civitatis
659 1778 900 1861 StrigoniensiS,
910 1779 1063 1860 vigesimo
1075 1781 1189 1860 quinto

77 1887 118 1950 die
140 1894 209 1970 post
233 1887 350 1952 festum
376 1887 462 1952 beati
488 1886 659 1952 Michaelis
686 1886 882 1970 archangeli,
913 1891 1025 1950 eontra
1049 1887 1189 1951 Paulum

78 1994 182 2060 «lictum
198 1993 311 2060 Kerek
327 1997 487 2080 hospitem
512 1994 554 2058 de
578 1995 690 2058 eadem
708 1993 872 2076 Strigonio
897 1983 1024 2059 movere
1049 1993 1191 2060 habebat

77 2124 170 2167 coram
185 2101 295 2184 nohis3
318 2124 383 2186 quo
399 2102 537 2166 termino
553 2102 741 2167 adveniente
758 2101 918 2186 predictus
934 2101 1090 2166 Nicolaus
1105 2102 1190 2168 filius

78 2209 188 2274 llsthie
203 2211 237 2274 in
253 2209 360 2294 figura
376 2211 478 2275 nostri
504 2209 615 2274 iudicii
641 2214 755 2275 contra
779 2209 885 2294 ipsum
910 2210 1052 2274 Paulum
1076 2208 1190 2274 Kerek

77 2317 132 2399 egit
146 2319 203 2382 isto
220 2318 324 2397 medo,
343 2325 381 2384 ut
396 2317 557 2384 racionem
583 2318 681 2382 vellet
697 2317 787 2396 scire,
814 2337 877 2398 quo
893 2318 963 2382 iure
979 2323 1088 2382 teneat
1103 2319 1189 2382 idem
1239 2335 1242 2338 ·

79 2424 182 2490 Paulus
197 2426 288 2492 illam
304 2427 434 2491 domum
463 2448 561 2509 quam
577 2425 750 2506 habitaret,
776 2448 848 2490 cum
865 2425 926 2490 sibi
942 2425 1075 2490 annuali
1091 2447 1188 2492 censu

77 2533 181 2598 solvere
204 2540 388 2615 teneretur;
421 2535 478 2614 qui
504 2532 633 2613 quidem
665 2531 790 2598 Paulus
815 2531 849 2596 in
874 2533 924 2597 sui
949 2531 1189 2614 expedicionem

77 2641 221 2720 quoddam
246 2643 450 2726 privilegium
467 2691 474 2706 .
491 2692 498 2706 .
515 2640 690 2706 Benedicta
716 2641 868 2723 priorisse
893 2640 1079 2705 monasterii
1096 2641 1189 2706 beate

77 2748 192 2830 virginis
215 2750 255 2814 de
279 2749 395 2815 Insula
411 2749 626 2833 Strigoniensi
651 2757 684 2814 et
708 2749 847 2814 aliarum
872 2749 1031 2813 sociarum
1057 2771 1189 2814 suarum

75 2865 230 2923 conventus
256 2859 398 2924 eiusdem
423 2859 456 2923 in
484 2880 568 2923 anne
594 2857 713 2923 domiui
739 2857 791 2922 M⁰
824 2855 922 2925 000ο
955 2857 1059 2922 XL¹⁰⁰
1084 2859 1188 2941 primo

76 2965 239 3032 conlectum
255 2966 349 3031 nobis
365 2967 607 3047 demonstrarit,
623 2967 656 3030 in
681 2987 745 3047 quo
769 2965 999 3050 reperiebatur,
1025 2967 1109 3049 quod
1135 2965 1188 3031 de-

76 3074 151 3138 mina
172 3074 343 3140 Elisabeth
368 3077 455 3140 socia
480 3081 514 3140 et
536 3077 640 3140 amica
665 3075 809 3158 ipsarum
834 3075 867 3138 in
893 3075 960 3139 suis
986 3077 1137 3141 extremis
1153 3076 1186 3140 in

75 3183 224 3262 presencia
239 3183 333 3248 Petri
350 3183 521 3266 presbiteri
533 3183 717 3247 etomnium
728 3183 866 3247 aliarum
877 3184 1037 3248 sociarum
1048 3205 1188 3263 suarum,

75 3309 179 3354 necnon
205 3291 343 3356 aliorum
367 3289 574 3374 providorum
598 3293 748 3367 virorum,
781 3291 826 3356 sic
851 3290 985 3358 dixisset
1010 3300 1043 3358 et
1059 3293 1188 3358 commi·

76 3399 164 3477 sisset,
186 3401 270 3483 quod
288 3399 450 3483 predictus
467 3399 590 3464 Paulus
610 3399 714 3463 dictus
733 3398 846 3462 Kerek
862 3400 1047 3465 decivitate
1064 3398 1187 3483 Strigo·

77 3507 164 3572 riensi
178 3508 216 3572 de
232 3509 299 3573 suis
315 3508 462 3573 domibus
478 3509 512 3572 in
528 3507 640 3572 eadem
665 3508 796 3572 civitate
823 3507 1035 3573 existentibus
1053 3507 1113 3574 sibi
1130 3532 1188 3592 pro

76 3635 158 3679 ceusu
172 3637 226 3680 seu
241 3617 385 3698 terragio
401 3617 537 3699 singulis
553 3617 646 3680 annis
656 3638 754 3681 unum
771 3616 928 3681 fertonem
939 3616 1016 3682 dare
1026 3617 1189 3684 debuisset

76 3730 101 3784 et
123 3722 315 3805 persolvere3
348 3723 404 3787 sed
428 3723 639 3788 consideratis
665 3724 806 3818 sericiis
830 3725 932 3808 ipsius
957 3725 1072 3804 Pauli,
1106 3747 1188 3808 quas

76 3828 125 3892 sibi
140 3837 279 3913 tempore
297 3851 353 3895 sue
379 3833 579 3897 necessitatis
606 3831 733 3898 fecisset
758 3839 791 3897 et
816 3833 1034 3918 impendisset,
1058 3857 1186 3902 censum

75 3935 162 4018 ipsius
177 3939 269 4002 unius
286 3939 421 4004 fertonis
447 3941 480 4004 in
502 3941 608 4004 medio
633 3940 758 4005 fertone
785 3942 927 4007 misisset
953 3949 984 4007 et
1009 3944 1188 4010 relaxasset

75 4063 169 4108 coram
184 4046 262 4128 ipsis
276 4045 337 4110 tali
361 4048 463 4129 modo,
490 4047 575 4131 quod
600 4050 705 4132 ipsum
730 4049 870 4113 medium
886 4050 1043 4114 fertonem
1060 4050 1187 4117 domine

75 4149 188 4216 (lenich
202 4152 313 4218 fratris
330 4177 386 4218 sue
402 4157 495 4220 annis
512 4156 647 4240 singulis
672 4155 750 4221 dare
776 4165 809 4221 et
834 4158 965 4250 solvere,
991 4164 1024 4222 et
1050 4159 1138 4225 ultra
1154 4161 1186 4224 id

76 4257 168 4338 ipsum
181 4259 320 4325 Paulum
335 4261 458 4328 dictum
483 4263 595 4330 Kerek
611 4271 644 4331 ct
657 4287 731 4330 suos
747 4265 881 4330 heredes
907 4287 962 4330 seu
989 4288 1186 4333 successores

76 4368 190 4431 racione
199 4389 311 4433 census
322 4389 378 4434 seu
386 4372 522 4454 terragii
531 4373 566 4436 in
575 4373 684 4454 aliquo
701 4393 878 4456 aggravare
895 4373 1045 4458 deinceps
1061 4377 1186 4456 possint

76 4495 127 4537 nec
140 4483 371 4559 presummant3
395 4500 458 4561 quo
483 4480 594 4544 audito
620 4485 653 4544 et
678 4481 821 4564 perlecto
837 4480 1014 4564 prelibatus
1031 4479 1187 4549 Nicolaus

80 4579 153 4647 tilius
167 4583 287 4650 Mathis
297 4593 411 4652 contra
420 4589 600 4671 predictum
616 4589 818 4672 privilegium
830 4591 919 4655 aliud
935 4591 1187 4659 instrumentum

79 4687 185 4756 habere
200 4713 230 4758 se
245 4693 416 4781 allegabat,
433 4703 466 4764 et
482 4697 543 4762 sibi
560 4695 601 4763 ad
618 4697 830 4764 exhibendum
853 4720 873 4765 a
897 4698 989 4765 nobis
1014 4703 1186 4767 terminum
