3180 5470
537 542 632 604 1351.
649 561 743 604 naar.
762 548 790 602 2.
1157 543 1222 604 433

95 712 317 802 ll(icolaum).
344 771 350 783 .
382 721 567 804 episcopum
592 721 676 785 dicte
703 719 835 784 ecclesie
861 715 1032 801 Agriensis
1058 719 1222 785 dominum

95 833 123 889 et
154 828 316 910 prelatum
347 834 493 892 nostrum
525 851 583 912 pro
614 834 759 912 tempore
790 829 982 892 constituti.
1009 877 1016 891 .
1051 827 1151 893 Petro
1182 829 1222 892 de

95 934 302 1018 Kesepnemti
335 933 356 1016 l.
374 985 379 998 .
397 986 404 999 .
422 935 444 1019 .)
470 935 509 1000 de
535 936 683 1020 Perueyn
715 937 922 1001 ecclesiarum
954 935 1174 1002 sacerdotibus
1192 985 1223 1001 ..

95 1043 222 1108 Dicitur
238 1043 330 1107 nobis
347 1045 379 1106 in
396 1045 541 1126 personis
566 1044 706 1110 filiorum
721 1044 853 1110 Leukus
872 1043 932 1109 filii
957 1043 1045 1110 Pons
1062 1049 1094 1108 et
1109 1043 1221 1108 Herke

95 1151 151 1216 lilii
175 1149 347 1216 Michaelis
366 1151 521 1218 nobilium
539 1154 578 1216 de
595 1152 722 1237 Kendy‚
739 1155 826 1234 quod
843 1153 866 1218 J
869 1152 1012 1218 ohannes
1029 1153 1068 1217 de
1084 1151 1223 1234 Wyum,

96 1259 173 1325 alter
192 1259 361 1325 lohannes
387 1262 425 1326 de
451 1260 557 1344 Scyria
583 1266 614 1326 et
640 1259 825 1344 Stephanus
851 1263 890 1326 dc
916 1259 1048 1344 Enyzlre
1073 1259 1223 1326 similiter

96 1374 230 1434 rectores
263 1369 478 1448 ecclesiarum,
503 1371 694 1436 mendcium
726 1377 879 1448 nostrum,
912 1373 976 1437 imo
1007 1372 1113 1435 verius
1144 1371 1224 1434 dicti

95 1477 211 1542 domini
236 1480 339 1542 nostri
368 1480 518 1562 episcopi,
549 1481 733 1562 nuperrime
760 1501 857 1563 super
880 1478 966 1544 lacto
997 1479 1222 1562 requisicionis

95 1586 256 1649 cuiusdam
275 1591 389 1668 quarte
406 1585 514 1651 filialis
531 1593 563 1650 et
579 1587 717 1652 aliarum
744 1607 914 1652 causarum
931 1607 988 1671 per
1005 1589 1091 1672 ipsos
1110 1593 1223 1651 contra

96 1691 115 1756 ‚J
117 1693 276 1757 ohannem
292 1692 394 1759 filium
410 1695 508 1758 Pauli
527 1693 585 1759 filii
611 1695 783 1760 Marhardi
799 1697 838 1760 de
854 1694 987 1779 Zykzou
1002 1697 1068 1760 iam
1084 1696 1140 1760 diu
1156 1717 1223 1759 mo-

94 1809 208 1878 tarum,
225 1803 304 1885 ipsis
329 1801 545 1866 mediantibus
561 1803 635 1868 aliis
651 1802 754 1867 literis
773 1805 892 1868 nostris
917 1805 1101 1886 nuperrime
1120 1803 1222 1867 iniun-

95 1916 187 1986 ctum,
198 1913 372 1974 temeraria
389 1913 611 1992 presumcione
628 1912 760 1988 inducti,
773 1913 903 1975 minime
920 1931 1069 1976 exercere
1082 1909 1223 1975 effectui-

56 2097 64 2110 ·
95 2037 152 2097 que
177 2020 364 2101 mancipare
390 2020 596 2096 curavissent,
613 2025 645 2082 et
661 2020 707 2082 sic
731 2039 789 2101 per
803 2017 903 2082 talem
928 2019 1223 2083 dissimulacionem

93 2146 244 2208 magnum
273 2127 486 2209 preindicium
518 2127 614 2190 (lictis
645 2127 808 2191 actoribus
840 2129 1055 2210 irrogassent;
1088 2132 1218 2191 etcum

94 2235 172 2298 tales
191 2233 322 2316 subditi,
339 2237 395 2317 qui
419 2237 607 2300 mandatum
633 2238 683 2300 sui
708 2237 884 2318 superioris
900 2258 963 2300 non
983 2243 1099 2301 curant
1123 2237 1223 2301 adim-

93 2343 188 2425 plere,
204 2365 269 2407 non
286 2343 388 2409 solum
405 2345 520 2408 vicium
547 2343 798 2427 ingratitudinis
814 2365 923 2408 rerum
953 2346 1054 2409 eciam
1072 2345 1099 2408 si
1115 2343 1224 2408 clerici

94 2456 174 2532 sunt,
185 2453 384 2516 sentenciam
397 2453 739 2518 excommunicacionis
753 2457 786 2516 et
798 2473 924 2518 omnem
941 2473 1109 2519 censuram
1123 2453 1222 2520 eccle·

93 2561 254 2624 siasticam
282 2563 454 2626 incurrisse
470 2563 701 2644 dignoscuntur
721 2583 758 2626 eo
774 2561 868 2644 facto,
894 2564 994 2645 igitur
1018 2563 1164 2627 volumus
1189 2567 1222 2626 et

93 2673 194 2732 vestre
219 2670 408 2734 discrecioni
434 2671 526 2735 firmo
551 2671 664 2734 damus
690 2673 723 2734 in
747 2677 908 2754 precepto,
926 2677 1085 2754 quatenus
1110 2672 1222 2736 statim

93 2779 230 2860 receptis
245 2778 460 2860 presentibus
484 2780 567 2842 eatis
583 2779 797 2861 personaliter
813 2780 855 2844 ad
870 2784 937 2844 tres
953 2780 1134 2845 sacerdotes
1150 2799 1222 2862 pre-

93 2891 229 2964 notatos,
254 2907 334 2968 quos
359 2885 456 2952 verbo
482 2888 582 2970 ipsius
607 2886 729 2952 domini
760 2889 862 2952 nostri
888 2889 1029 2972 episcopi
1054 2893 1087 2952 et
1111 2892 1222 2952 nostro

93 2995 250 3057 moneatis
270 2999 302 3058 et
321 2993 423 3058 alcius
448 2994 710 3078 compellabant
736 2996 797 3078 ipsi
822 3017 887 3060 una
911 2995 1074 3060 nobiscum
1099 2996 1221 3060 dictum

91 3102 283 3182 magistrum
299 3099 324 3166 J
325 3101 484 3166 ohannem
509 3101 611 3168 filium
630 3103 737 3182 Pauli,
754 3104 781 3167 si
797 3103 952 3168 hactenus
971 3125 1034 3169 non
1051 3104 1222 3169 denuncia-

92 3210 203 3291 verint,
220 3208 342 3290 absque
358 3231 449 3275 mora
465 3209 601 3290 aliquali
617 3213 927 3277 excommunicatum
947 3211 1086 3276 debeant
1101 3213 1221 3277 denun-

91 3318 186 3398 ciare,
211 3315 433 3399 familiamque
458 3322 491 3381 et
515 3316 701 3401 iobagiones
727 3339 801 3382 suos
827 3317 965 3384 ubilibet
993 3321 1173 3395 existentes,
1190 3323 1222 3382 et

91 3425 277 3507 specialiter
302 3427 335 3490 in
360 3425 437 3490 villa
469 3425 609 3510 thzou,
625 3425 666 3490 ab
694 3426 841 3492 omnibus
873 3428 988 3492 divinis
1019 3427 1221 3512 prohibeant,

89 3538 180 3597 statu
206 3539 240 3598 et
265 3533 368 3598 forma
397 3535 536 3600 aliarum
567 3535 737 3601 literarum
765 3542 948 3602 nostrarum
973 3537 1077 3620 pridie
1102 3535 1222 3600 eisdem

90 3643 328 3708 destinatarum
354 3647 552 3726 permanetis
569 3641 661 3729 ligy).
687 3641 753 3728 Qui
768 3647 796 3709 si
821 3643 911 3710 robis
936 3642 1138 3728 presentibus
1163 3643 1223 3706 hec

87 3749 226 3815 fecerint
250 3751 333 3816 bene
357 3753 497 3834 quidem,
513 3752 655 3835 alioquin
673 3774 727 3818 vos
751 3755 878 3819 eosdem
895 3753 936 3818 ab
952 3756 1099 3836 ingressu
1124 3751 1221 3816 eccle-

87 3861 137 3922 sie
155 3864 323 3942 tamquam
349 3863 641 3926 excommunicatos
658 3861 866 3944 prohibeatis,
883 3867 916 3925 et
931 3863 1062 3945 insuper
1078 3862 1120 3926 ad
1136 3865 1221 3926 octa·

88 3987 150 4031 ras
166 3967 227 4033 diei
245 3969 344 4033 medii
358 3966 613 4051 Quadragesime
631 3971 663 4034 in
680 3971 880 4053 presenciam
903 3972 1004 4054 ipsius
1019 3971 1139 4036 domini
1156 3969 1222 4051 epi-

85 4077 180 4158 scopi
195 4077 389 4159 peremtorie
405 4077 438 4139 et
456 4079 524 4141 sine
545 4078 778 4142 crastinacicne
795 4096 926 4141 evocare
951 4076 1096 4142 debeatis
1120 4078 1222 4142 racio·

87 4203 166 4246 nem
189 4205 248 4266 pro
264 4183 325 4248 tali
340 4184 549 4267 negligencia,
566 4185 674 4249 favore
693 4187 795 4249 eciam
811 4185 860 4248 vel
879 4185 1136 4250 dissimulacione
1152 4183 1222 4249 red-

85 4291 233 4373 dituros3
258 4299 291 4356 et
317 4291 405 4356 aliud
425 4313 483 4356 nec
499 4313 553 4357 vos
569 4293 629 4357 sub
649 4293 740 4376 penis
757 4295 922 4376 premissis
946 4291 1051 4357 facere
1077 4313 1220 4374 presum-

85 4401 191 4462 matis
205 4403 239 4464 in
257 4399 319 4464 hac
334 4405 446 4484 porte;
470 4400 604 4483 posthae
629 4407 737 4466 autem
762 4405 876 4467 seriem
906 4403 1004 4484 ipsius
1024 4402 1221 4466 evocacionis

84 4511 115 4573 si
134 4530 263 4575 necesse
283 4511 389 4588 fuerit,
405 4512 438 4575 in
453 4509 557 4575 literis
583 4510 704 4576 domini
728 4510 858 4577 Nicolai
884 4509 1058 4575 sacerdotis
1075 4511 1114 4576 de
1130 4511 1222 4594 Popy

83 4617 382 4683 vicearchidiaconi
398 4616 447 4681 vel
472 4616 602 4700 plebani
628 4617 667 4682 de
684 4617 794 4697 (lassa,
820 4618 911 4683 nobis
937 4617 1070 4682 rescribi
1095 4616 1222 4682 faciatis

139 4857 293 4894 carcerom
309 4845 481 4894 oxnlrrrrln.
497 4861 523 4896 r.
540 4850 636 4894 strar.
1082 4856 1114 4900 28
