3180 5470
575 508 668 570 1350.
684 526 751 570 run.
773 511 799 571 1.
1174 515 1237 576 389

108 681 215 765 magni
244 683 421 769 iobagionis
447 687 665 768 prenominati
700 685 867 770 Stephani,
888 687 1036 755 habitum
1060 691 1157 756 terris
1181 713 1241 774 pro

108 794 198 858 metis
216 791 427 872 cumulatum,
443 816 515 858 cnm
533 793 728 876 quibusdam
753 794 877 861 duobus
903 797 1025 878 tenetis,
1042 822 1105 866 nno
1121 801 1155 864 in
1171 802 1241 866 loco

106 899 216 985 Debey
236 899 322 966 dicto
338 907 371 965 et
387 901 452 966 alio
467 902 501 966 in
517 899 580 966 fine
597 901 688 968 Geth
713 903 934 984 existentibus,
952 906 1101 972 cessisset
1116 907 1150 970 in
1167 929 1238 990 por-

107 1009 228 1073 cionem
246 1010 462 1092 prenominati
487 1009 678 1092 Michaelis;
701 1010 779 1076 item
796 1011 967 1078 abeodem
992 1020 1103 1080 tronoo
1129 1038 1239 1081 versus

106 1116 304 1182 occidentem
330 1140 432 1201 usque
457 1118 562 1200 finem,
588 1119 665 1184 item
682 1119 715 1184 in
740 1120 807 1185 alia
831 1121 943 1203 platea
959 1144 978 1186 a
994 1129 1087 1205 parte
1104 1130 1240 1206 septem·

107 1225 239 1289 trionali
264 1227 420 1292 existente
451 1226 633 1310 incipiendo
659 1247 678 1292 a
704 1226 845 1309 quodam
870 1235 982 1294 trunco
1007 1231 1091 1296 inter
1116 1234 1238 1298 curiam

105 1332 240 1418 Georgii
257 1333 315 1400 filii
332 1336 423 1401 Petri
440 1341 472 1400 et
488 1337 611 1400 curiam
628 1336 765 1401 Martini
783 1337 961 1420 iobagionis
971 1339 1088 1421 prefati
1100 1339 1134 1404 N
1135 1340 1238 1422 icolai,

104 1444 198 1509 simul
215 1465 289 1510 cum
306 1445 396 1510 curia
411 1445 512 1528 ipsius
528 1442 662 1528 Georgii
679 1445 737 1508 filii
748 1446 849 1523 Petri,
860 1446 902 1511 ab
912 1448 983 1530 ipsa
999 1448 1108 1530 platea
1124 1469 1234 1516 versus

104 1553 303 1618 occidentem
320 1574 421 1637 usque
438 1553 532 1618 finem
550 1553 646 1618 simul
671 1575 744 1618 cum
770 1555 860 1619 curia
884 1554 1001 1620 Jacobi
1024 1558 1132 1640 magni
1149 1557 1234 1623 inter

104 1663 189 1745 ipsas
206 1661 289 1726 duas
305 1662 432 1744 plateas
447 1661 569 1740 habita,
585 1662 662 1726 item
678 1683 743 1726 una
759 1663 849 1726 curia
875 1683 894 1726 a
918 1667 1010 1746 parte
1035 1664 1237 1731 meridionali

104 1769 248 1853 predicte
266 1769 407 1846 ecclesie,
419 1769 451 1834 in
463 1769 575 1834 eadem
588 1770 772 1852 quantitate
789 1790 853 1852 qua
866 1770 1014 1854 predicta
1029 1773 1120 1837 curia
1134 1775 1237 1856 patris

103 1899 214 1942 eorum
230 1878 330 1943 fuisse
346 1878 533 1958 dinoscitur,
550 1899 651 1961 usque
677 1877 841 1961 quandam
866 1881 951 1944 viam
976 1901 1177 1948 communem
1203 1883 1237 1947 in

103 2009 167 2069 qua
184 1994 270 2053 esset
286 2008 369 2052 unus
386 1993 516 2051 truncus
533 1985 685 2064 sambuci,
711 2007 773 2069 que
798 1987 850 2052 via
874 1995 1041 2071 separaret
1065 1989 1168 2072 ipsam
1185 2011 1237 2055 cu-

102 2097 183 2162 riam
201 2117 222 2161 a
239 2097 331 2161 curia
347 2095 465 2178 prefati
482 2093 620 2172 Nicolai,
645 2117 704 2178 pro
730 2095 893 2177 personali
919 2096 1100 2162 residencia
1125 2100 1235 2164 cessis·

101 2211 172 2269 sent
188 2205 222 2268 iu
240 2204 424 2286 porcionem
449 2203 663 2287 prenominati
690 2203 866 2286 Stephani3
889 2205 967 2269 item
992 2207 1102 2289 porcio
1118 2207 1235 2289 prefati

100 2311 232 2377 Nicolai
258 2312 415 2394 inciperet
439 2332 459 2376 a
484 2311 629 2394 predicto
661 2317 773 2376 tronco
802 2313 887 2377 inter
913 2313 1019 2378 curias
1045 2313 1178 2397 Georgii
1205 2323 1237 2381 et

99 2419 238 2485 Martini
256 2419 377 2494 habito,
395 2424 426 2484 et
442 2421 513 2502 ipsa
529 2419 639 2502 platea
655 2441 727 2484 cum
753 2421 843 2485 curia
868 2420 988 2502 prelati
1013 2420 1151 2486 Martini
1168 2443 1254 2488 ver·-

100 2553 153 2594 sus
179 2529 337 2594 orientem
364 2551 465 2612 usque
490 2529 603 2610 finem3
627 2530 705 2593 item
731 2529 796 2594 alia
821 2530 931 2612 platea
956 2531 1111 2615 incipiens
1128 2555 1148 2598 a
1164 2553 1234 2615 pro-

99 2637 187 2703 dicta
204 2638 258 2703 via
276 2637 436 2703 communi
455 2637 570 2720 inqua
595 2643 644 2702 est
668 2643 799 2702 troncus
825 2638 978 2716 sambuci,
994 2661 1104 2705 versus
1131 2641 1233 2706 orien-

98 2754 164 2810 tem
197 2767 301 2828 usque
331 2746 511 2829 predictum
553 2747 657 2812 locum
690 2746 897 2830 Wkruszugh
928 2754 961 2812 et
991 2747 1033 2813 ab
1064 2750 1133 2832 ipso
1164 2751 1234 2814 loco

99 2856 313 2940 Wkruszugh
329 2877 393 2921 una
409 2857 519 2941 platea
536 2857 623 2922 circa
638 2855 772 2921 fluvium
790 2858 937 2925 Crassow
962 2878 1072 2924 versus
1098 2866 1234 2942 septem·

96 2965 235 3030 trionem
252 2965 402 3032 adiacens
418 2967 566 3031 cessisset
591 2967 624 3030 in
650 2965 832 3048 porcionem
848 2967 1066 3050 prenominati
1083 2967 1233 3048 Nicolai3

95 3074 175 3137 item
192 3075 227 3138 in
244 3074 443 3156 possessione
460 3073 542 3158 Paly
558 3081 672 3139 vocata
690 3095 756 3138 una
781 3073 891 3157 platea
916 3097 936 3138 a
961 3076 1096 3140 meridie
1121 3075 1233 3142 subtus

95 3187 241 3246 montem
266 3181 388 3264 habita,
414 3201 475 3263 que
500 3183 658 3266 inciperet
682 3181 723 3246 ab
748 3181 911 3247 occidente
936 3189 969 3247 et
993 3183 1116 3249 veniret
1131 3205 1233 3265 usque

96 3291 264 3374 gurgitem
281 3290 321 3354 de
338 3291 478 3372 quodam
504 3297 601 3373 puteo
628 3295 812 3354 manantem
838 3296 871 3354 et
894 3289 1039 3356 flecteret
1064 3314 1163 3376 supra
1191 3293 1232 3358 ad

94 3401 204 3482 ipsum
221 3405 365 3483 putenm,
390 3398 445 3464 ubi
470 3404 555 3463 esset
580 3421 645 3463 una
671 3399 761 3464 curia
787 3420 886 3482 supra
911 3399 1059 3466 arborem
1085 3401 1232 3486 gyrtian3

93 3510 174 3572 item
191 3509 284 3572 curia
309 3507 477 3572 cuiusdam
502 3506 682 3590 iobagionis
708 3508 835 3572 nomine
861 3505 998 3590 Chugul,
1024 3531 1086 3593 qne
1112 3515 1232 3574 eseeta

92 3622 189 3700 parte
206 3614 369 3698 aquilonis
385 3615 469 3679 inter
486 3615 667 3698 porcionem
685 3614 803 3698 prefati
820 3614 991 3680 Michaelis
1008 3621 1041 3680 et
1052 3616 1231 3698 predictum

92 3725 260 3808 gurgitem
277 3730 311 3788 et
340 3723 431 3788 fundi
463 3725 629 3788 curiarum
654 3723 738 3788 Pala
759 3729 791 3787 et
807 3723 904 3788 Pauli
931 3723 993 3788 rufi
1019 3745 1057 3788 ac
1082 3723 1229 3789 Ladislai

92 3833 175 3898 dicti
192 3832 233 3896 de
250 3829 450 3911 Gurdanch3
467 3852 590 3896 necnon
620 3831 775 3896 medietas
797 3831 885 3895 curie
901 3830 1040 3914 Dragsa,
1066 3853 1129 3914 que
1147 3839 1231 3897 esset

91 3963 112 4006 a
129 3949 229 4024 parte
245 3939 392 4004 meridiei
409 3940 442 4004 in
459 3939 601 4022 quadam
618 3938 719 4020 valle3
742 3941 819 4004 item
844 3940 937 4004 curia
962 3938 1053 4004 Petri
1077 3939 1229 4025 Fakasuy

91 4048 184 4130 dicti,
201 4049 294 4114 curia
309 4047 424 4115 Oosme
440 4047 525 4130 nigri
542 4052 574 4111 et
591 4047 681 4111 curia
706 4046 804 4112 Pauli
819 4045 877 4112 filii
893 4045 1019 4129 Kupse,
1045 4069 1106 4131 que
1123 4057 1231 4115 essent

90 4158 124 4221 in
143 4157 218 4223 loco
235 4152 415 4221 Gurdanch
441 4153 536 4232 dicte,
561 4155 730 4220 cessissent
755 4155 788 4219 in
814 4154 999 4239 porcionem
1014 4157 1230 4239 prenominati

91 4265 258 4351 Stephani
276 4263 335 4330 filii
354 4263 535 4344 Johannis3
551 4264 628 4328 item
644 4264 774 4328 termini
799 4263 959 4348 porcionis
978 4261 1106 4328 Nicolai
1125 4265 1158 4329 in
1179 4287 1230 4330 ea·

89 4373 167 4440 dem
183 4373 264 4439 villa
274 4371 356 4458 Paly
368 4371 487 4455 habite,
498 4371 677 4457 inciperent
693 4371 733 4438 ab
750 4373 873 4438 oriente
890 4371 949 4437 sub
962 4372 1102 4455 quadam
1114 4372 1230 4438 arbore

88 4483 188 4547 nucis
204 4481 300 4546 terris
316 4481 485 4562 premetis
502 4481 676 4560 cumulata,
696 4480 770 4544 inde
795 4479 942 4545 tenderet
956 4500 1066 4544 versus
1083 4480 1227 4546 occiden-

89 4598 155 4656 tem
177 4591 264 4656 circa
280 4609 388 4671 sepem
405 4589 493 4654 curie
510 4589 725 4670 prenominati
750 4589 834 4654 Pala
859 4588 1037 4672 iobagionis
1063 4589 1142 4655 dicti
1159 4589 1228 4658 Ste-

87 4699 203 4784 phani,
220 4703 253 4763 et
268 4695 393 4761 veniret
409 4695 449 4760 ad
475 4695 640 4778 quandam
664 4697 748 4761 viam
774 4703 807 4761 et
831 4717 889 4779 per·
914 4697 1017 4781 ipsam
1043 4696 1228 4764 flecteretur
