3192 5466
341 451 405 512 216
704 465 888 510 nurouuenr
905 453 1119 512 enulnrrln.

342 627 546 694 Posoniensis
573 629 605 692 in
632 629 732 694 nestri
767 627 934 710 presencia
958 628 1171 710 personaliter
1186 630 1390 707 constitutus,
1417 650 1481 712 per

341 737 470 802 medum
487 736 733 820 protestueiouis
749 734 931 818 significare
947 735 1080 813 curarit,
1106 736 1192 817 quod
1209 757 1283 801 cum
1298 737 1480 801 seeundum

341 845 575 909 continenciam
590 844 760 908 literarum
776 849 961 908 nostrarum
986 842 1252 926 obligatorias-um
1268 865 1306 908 ex
1323 843 1481 926 porcione

342 952 593 1037 possessionaris
609 950 634 1016 J
635 950 771 1015 ohannis
791 949 869 1016 dieti
885 948 1008 1036 Mester
1024 950 1082 1016 filii
1099 951 1190 1016 Petri
1216 950 1255 1015 de
1281 949 1479 1034 Gurgethek

343 1069 467 1146 septem
492 1060 590 1126 medii
615 1060 700 1126 lanei
725 1082 798 1125 cum
828 1061 1035 1143 pertinenciis
1057 1059 1250 1142 eorumdem,
1275 1067 1308 1125 et
1333 1061 1479 1126 Dionisii

343 1171 454 1235 fratris
470 1169 612 1235 eiusdem
623 1169 733 1234 totalis
744 1170 854 1252 porcio
863 1169 897 1234 in
907 1168 985 1234 villa
994 1169 1105 1235 Laetis
1117 1190 1179 1251 que
1189 1171 1295 1252 ipsum
1307 1170 1481 1253 contingit,

345 1279 405 1346 sibi
422 1279 521 1344 stetui
537 1277 707 1354 debuisset,
724 1298 762 1342 ex
778 1279 869 1343 ouius
895 1277 1023 1358 quidem
1048 1279 1200 1362 porcione
1225 1277 1251 1342 J
1252 1279 1389 1344 ohannis
1404 1285 1480 1344 tan-

344 1396 412 1453 tum
429 1388 572 1470 quinque
588 1385 710 1450 medios
726 1386 837 1450 laneos
853 1384 996 1467 haberet,
1016 1386 1055 1451 de
1071 1387 1223 1470 porcione
1238 1405 1314 1450 vere
1330 1385 1477 1450 Dionisii

345 1496 472 1579 penitus
489 1493 569 1558 nihil
595 1493 798 1578 percepisset,
823 1515 897 1558 cum
918 1515 976 1558 sna
1002 1493 1086 1558 sicut
1111 1492 1272 1558 Johannis
1298 1493 1411 1558 fratris
1428 1495 1481 1558 sui

346 1603 407 1668 sibi
423 1603 525 1668 statui
541 1601 714 1678 debuisset,
739 1623 778 1666 ex
795 1601 856 1666 hoc
875 1600 1029 1666 damnum
1054 1623 1117 1666 non
1143 1599 1305 1666 modicum
1322 1653 1328 1666 .
1348 1651 1354 1664 .
1371 1623 1481 1684 peree-

345 1714 454 1797 pisset.
479 1709 602 1775 Datum
628 1710 660 1773 in
687 1710 738 1775 die
762 1710 858 1775 beste
884 1708 992 1776 Msrie
1016 1707 1221 1792 Magdalene‚
1246 1729 1332 1774 anno
1359 1709 1481 1776 domini

346 1821 398 1886 Μ0
420 1817 518 1885 0000
542 1817 624 1882 XL⁰
648 1825 767 1882 octavo.

454 1981 584 2046 Paplron,
598 1981 724 2032 ztrletan
746 1979 839 2044 pecset
861 1980 1037 2045 rrycnrraiva13
1057 1977 1188 2044 eredetije
1202 1995 1219 2032 a
1232 1959 1266 2032 li.
1280 1985 1480 2034 Muzeurnban.

877 2361 949 2423 104.

352 2523 445 2586 1348.
463 2523 585 2606 Lipcse,
593 2520 656 2606 jul.
674 2523 725 2585 23.
752 2522 781 2584 I.
798 2518 893 2604 Lujos
910 2521 1018 2606 kirtly
1042 2521 1137 2585 Vb'rb's
1156 2521 1237 2584 Belre
1257 2545 1358 2586 cemes
1366 2521 1484 2604 flduulr

354 2630 511 2710 Petemelc,
529 2629 614 2695 Scire
627 2631 706 2693 besu
731 2628 818 2693 Bora
838 2631 1017 2716 oduntepyei
1033 2629 1197 2694 bertoltus
1215 2635 1392 2717 odsdrjopet
1410 2629 1485 2695 ede-

845 2741 983 2824 nrdrryoz.

459 2900 529 2966 Nos
548 2900 728 2966 Lodovieus
745 2948 752 2962 .
769 2949 776 2962 .
794 2919 850 2964 rex
868 2950 873 2962 .
891 2949 897 2962 .
915 2899 1132 2983 significamus
1150 2953 1156 2965 .
1173 2951 1180 2965 .
1198 2901 1286 2982 quod
1306 2922 1365 2965 uos
1381 2901 1487 2965 consi-

279 3036 285 3044 ·
352 3009 473 3074 deratis
489 3008 700 3074 fidelitatibus
717 3014 749 3072 et
764 3008 958 3073 fidelitatum
974 3008 1125 3090 plurimis
1140 3009 1304 3090 obsequiis
1316 3010 1409 3074 Petri
1426 3009 1488 3074 tilii

352 3119 477 3184 comitis
502 3117 591 3183 Bede
616 3115 687 3198 ruli,
713 3115 831 3199 quibus
857 3114 947 3180 nobis
973 3139 993 3180 a
1018 3116 1167 3199 plurimis
1198 3118 1262 3182 iam
1294 3111 1489 3199 retrolapsis

352 3227 550 3312 temporibus
566 3225 750 3292 adherendo
766 3245 802 3289 eo
818 3224 957 3289 fideliter
974 3247 1038 3309 quo
1054 3232 1238 3291 constanter
1258 3225 1384 3291 studuit
1401 3246 1489 3291 com·

353 3337 489 3417 placere,
506 3335 539 3397 in
555 3333 753 3417 possessione
771 3353 829 3396 sua
840 3332 949 3399 Sarow
966 3340 1078 3398 uocata
1094 3335 1127 3398 in
1149 3333 1305 3398 comitatu
1314 3333 1488 3397 Borsiensi

353 3444 473 3520 habits,
489 3443 539 3508 die
557 3443 683 3508 sabbati
710 3441 845 3525 singulis
871 3441 1088 3522 hebdomodis,
1114 3441 1211 3506 salvis
1237 3441 1314 3506 foris
1340 3463 1489 3523 eompre-

354 3550 550 3628 rincialibus,
567 3549 672 3614 forum
689 3550 860 3614 annuimus
876 3556 908 3613 et
924 3550 1137 3614 concessimus
1157 3548 1392 3614 celebrandum.
1421 3548 1491 3630 Igi-

354 3669 409 3725 tnr
426 3661 588 3723 universos
604 3663 808 3737 mercatores,
825 3663 857 3720 et
875 3656 1035 3740 quoslibet
1050 3657 1195 3722 homines
1205 3655 1246 3720 ad
1257 3657 1363 3738 ipsum
1379 3654 1491 3720 forum

354 3789 452 3834 causa¹
476 3767 672 3832 vendicionis
698 3771 731 3828 et
755 3766 906 3829 emeionis
938 3765 1158 3846 quarumlibet
1184 3787 1290 3829 rerum
1317 3765 1491 3829 convenire

356 3879 499 3942 volentes
526 3882 558 3940 et
583 3895 710 3940 neeesse
726 3873 890 3946 hebentes,
923 3895 1147 3938 assecuramus
1173 3880 1205 3937 et
1230 3871 1401 3938 allidamus
1430 3895 1493 3955 per

355 3991 531 4070 presentes,
548 3991 585 4048 ut
602 3983 642 4048 ad
660 3985 765 4066 ipsum
782 3981 887 4046 forum
903 3981 1004 4046 libere
1022 3989 1054 4046 et
1070 3981 1192 4062 absque
1209 3982 1323 4046 timore
1349 3981 1493 4045 alicuius
1592 3967 1593 3990 ¹

355 4093 601 4176 inquietacionis
619 4090 785 4154 convenire
802 4090 927 4171 possint
937 4097 970 4153 et
980 4089 1020 4155 ud
1031 4091 1163 4172 propria
1179 4087 1333 4154 redeundi
1349 4087 1493 4152 liberam

355 4200 497 4266 habeant
523 4198 720 4274 facultatem,
752 4196 810 4261 snb
835 4203 947 4261 nostre
972 4197 1172 4280 proteceione
1199 4197 1290 4278 regia
1315 4201 1347 4260 et
1372 4196 1494 4260 tutela.

356 4310 474 4390 Itaque
491 4307 580 4372 vobis
596 4305 731 4390 prelatis
747 4304 921 4370 baronibus
938 4304 1107 4370 comitibus
1124 4303 1317 4382 castellanis,
1335 4323 1495 4385 quarum·
1591 4329 1592 4390 ᾗ

356 4416 435 4481 libet
450 4414 656 4480 ecelesiarum
676 4411 862 4492 rectoribus,
879 4409 1039 4476 nobilibus
1055 4417 1088 4476 et
1103 4411 1242 4477 cuiusvis
1267 4409 1443 4492 dignitatis
1461 4419 1496 4476 et
1591 4393 1592 4404 ἵ

356 4521 589 4608 preeminencie
605 4520 788 4586 hominibus
805 4518 921 4602 quibus
932 4525 1095 4603 presentes
1116 4518 1333 4611 ostendentur,
1349 4516 1495 4584 firmiter

357 4631 551 4718 precipimus
568 4637 600 4695 et
616 4629 773 4711 distincte,
800 4633 959 4708 quatenus
985 4627 1026 4692 ad
1051 4628 1158 4712 ipsum
1183 4626 1287 4692 forum
1312 4625 1495 4708 procedere
