3188 5476
338 590 402 650 570
687 604 873 649 uurouuour
891 589 1105 646 ouulur‘rlu.

337 764 488 843 cedendo,
514 765 573 829 sub
590 764 704 829 arbore
730 763 811 847 sylla
836 763 1014 846 vulgariter
1040 762 1127 828 dicta
1152 765 1236 826 esset
1252 765 1338 825 meta
1354 767 1473 836 terrea,

337 873 454 938 abinde
478 893 552 938 vero
576 894 634 956 per
658 871 818 955 quendam
844 871 959 935 rubum
983 870 1189 948 transeundo,
1215 871 1306 933 iuxta
1332 868 1472 935 eundem

336 982 452 1047 rubum
469 978 529 1046 sub
545 981 660 1045 arbore
685 979 795 1063 egeria
810 981 897 1045 dicta
913 985 997 1044 esset
1017 984 1103 1044 meta
1119 985 1237 1054 terrea,
1262 977 1378 1042 deinde
1395 997 1472 1040 vero

336 1091 389 1166 ad
404 1091 488 1155 viam
513 1090 675 1175 publicam
702 1111 764 1172 que
789 1107 899 1152 versus
924 1087 1100 1170 Privigiam
1127 1092 1160 1151 et
1183 1085 1312 1150 'Puroch
1339 1085 1473 1149 duceret

337 1198 546 1282 procedendo
562 1199 652 1262 iuxta
668 1199 772 1281 ipsam
788 1179 873 1261 viam
890 1203 974 1261 esset
990 1201 1077 1260 metu
1092 1201 1207 1272 terrea,
1233 1192 1351 1257 deinde
1367 1195 1472 1276 ipsam

336 1309 420 1373 viam
445 1329 542 1390 super
568 1305 730 1388 quandam
755 1311 878 1370 terram
903 1303 1060 1368 arabilem
1086 1301 1281 1369 transeundo
1306 1303 1339 1366 in
1366 1303 1471 1367 medio

336 1417 437 1499 ipsius
448 1423 534 1481 terre
551 1415 683 1480 arabilis
695 1421 778 1478 esset
793 1420 879 1480 meta
895 1420 1010 1490 terrea,
1027 1413 1069 1477 ab
1085 1411 1156 1495 ipsa
1171 1431 1246 1475 vero
1263 1417 1350 1474 meta
1368 1417 1471 1474 trans·

337 1524 441 1588 eundo
472 1546 581 1589 versus
613 1525 697 1588 riam
729 1544 790 1604 que
821 1523 861 1588 de
894 1542 1012 1603 magna
1051 1520 1221 1603 Wgrouch
1250 1519 1283 1582 in
1313 1518 1470 1582 minorem

336 1631 489 1714 Vgrouch
510 1632 650 1708 duceret,
675 1631 766 1694 iuxta
781 1631 885 1713 ipsam
901 1631 984 1695 vium
1011 1635 1093 1693 esset
1108 1635 1195 1693 meta
1211 1633 1328 1702 terrea,
1355 1625 1468 1690 deinde

337 1741 441 1821 ipsam
457 1739 541 1804 viam
567 1739 773 1816 transeundo,
797 1759 907 1802 uersus
934 1737 1097 1820 quendam
1122 1741 1263 1802 montem
1290 1733 1470 1817 vulgariter

337 1845 489 1932 Syplrheg
499 1849 621 1914 dictum
638 1846 846 1930 procedendo,
856 1848 889 1910 in
901 1846 1011 1913 eodem
1027 1854 1135 1911 monte
1152 1851 1236 1910 esset
1251 1849 1468 1917 motuterrae,

336 1955 452 2020 abinde
478 1977 553 2020 vero
579 1953 789 2040 procedendo,
815 1954 856 2020 ud
882 1953 992 2019 album
1017 1953 1157 2036 lapidem
1182 1952 1353 2028 venissent,
1380 1959 1414 2017 et
1429 1949 1469 2014 ab

335 2065 405 2146 ipso
422 2063 529 2146 lapide
547 2065 588 2129 ad
604 2063 735 2127 dorsum
755 2064 873 2126 montis
890 2061 1072 2138 Hosechno‚
1088 2067 1122 2124 et
1136 2059 1253 2124 abhinc
1270 2059 1312 2127 ad
1328 2064 1471 2122 montem

336 2169 488 2235 Drencva
513 2169 554 2234 ad
579 2175 697 2234 metam
723 2168 887 2252 Keulrapu
913 2168 1042 2245 dictam,
1068 2168 1183 2232 deinde
1208 2167 1250 2231 ad
1275 2172 1343 2230 tres
1367 2170 1470 2228 metas

337 2287 459 2345 terreas
476 2277 581 2344 Oerok
596 2277 773 2356 vulgariter
790 2277 901 2354 dictae,
928 2297 1065 2359 quarum
1082 2297 1146 2339 una
1163 2281 1333 2358 separaret
1348 2293 1470 2356 posses-

336 2389 416 2453 sioni
441 2387 615 2469 Baragian‚
641 2385 746 2449 altera
771 2385 832 2468 ipsi
857 2383 1048 2468 possessioni
1074 2383 1239 2465 Vgrouch‚
1268 2383 1373 2446 tercia
1398 2401 1470 2444 vero

338 2495 531 2580 possessioni
562 2493 688 2560 abbatis
720 2493 759 2556 de
790 2491 903 2568 Koios
934 2493 1067 2574 posthec
1099 2497 1243 2556 curreret
1267 2491 1301 2554 in
1330 2489 1470 2572 quodam

336 2603 513 2668 monticulo
538 2602 635 2666 berch
651 2600 828 2683 vulgariter
854 2600 939 2664 dicto
955 2599 997 2664 ad
1013 2598 1188 2680 meridiem,
1214 2607 1247 2665 et
1263 2598 1424 2663 incideret
1438 2597 1470 2660 in

336 2711 500 2795 quandam
517 2711 610 2786 viam,
636 2729 693 2792 per
719 2729 815 2790 quam
842 2708 984 2788 hospites
1001 2707 1040 2770 de
1056 2705 1161 2772 Kolos
1182 2707 1272 2788 ligna
1288 2706 1409 2770 ducere
1425 2727 1470 2769 so-

336 2820 414 2901 lent,
431 2819 550 2900 etipsa
575 2817 627 2880 via
652 2815 808 2880 incideret
833 2815 866 2878 in
893 2815 975 2878 viam
1000 2815 1164 2897 publicam
1191 2835 1253 2896 que
1279 2813 1416 2878 duceret
1431 2813 1469 2878 ad

336 2926 479 3005 Hrusou,
505 2931 537 2988 et
562 2945 618 3010 per
642 2924 746 3007 ipsam
762 2924 846 2986 viam
872 2929 1022 3005 pergeret
1047 2943 1149 3004 usque
1174 2921 1214 2986 ad
1240 2921 1469 3002 Remetelruth

275 3025 278 3028 ¹
336 3053 398 3116 que
415 3031 455 3098 ad
472 3037 596 3115 partem
622 3029 788 3095 dexteram
814 3035 980 3112 separaret
1004 3028 1257 3112 possessionibus
1284 3028 1417 3094 abbatis
1433 3028 1469 3092 de

334 3138 448 3220 Kolos,
474 3139 516 3203 ad
544 3144 670 3222 partem
685 3158 760 3201 vero
777 3137 943 3202 sinistram
967 3136 1042 3202 filiis
1067 3135 1184 3202 Jacohi
1210 3137 1469 3220 sepenominatis,

334 3249 453 3314 abhinc
469 3248 510 3312 ad
529 3252 671 3310 montem
695 3244 829 3326 Razdel
855 3265 917 3326 que
943 3245 984 3309 ad
1009 3251 1136 3328 partem
1161 3245 1352 3311 orientalem
1380 3267 1467 3329 sepa-

334 3360 423 3421 raret
439 3355 501 3436 ipsi
518 3354 710 3436 possessioni
736 3352 901 3435 Vgrouch
926 3353 967 3418 ad
993 3359 1118 3437 partem
1135 3375 1208 3417 vero
1234 3354 1466 3419 occidentalem

335 3469 441 3528 castro
457 3462 590 3526 Hrusou
608 3460 779 3539 antedicto,
807 3461 939 3544 posthec
956 3461 996 3524 ad
1012 3467 1143 3544 pratum
1163 3459 1316 3543 Ohaslou,
1344 3469 1379 3526 et
1394 3462 1467 3526 inci·

334 3573 426 3636 deret
452 3570 588 3634 inviam
615 3591 677 3651 que
702 3571 857 3636 transiret
883 3571 924 3635 ad
950 3567 1153 3652 Velikapole,
1178 3569 1219 3633 ad
1245 3571 1406 3636 orientem
1430 3570 1466 3633 ad

336 3679 497 3762 quendam
522 3677 626 3742 locum
654 3676 784 3743 Scallou
810 3677 986 3760 vulgariter
1002 3677 1131 3754 dictum,
1156 3677 1271 3740 deiude
1287 3678 1330 3742 ud
1348 3677 1465 3761 Mysia-

334 3786 446 3863 lrutha
472 3786 602 3850 tandem
619 3785 661 3850 ad
686 3791 826 3849 montem
853 3784 1053 3868 Tyssaberch
1079 3784 1211 3862 dictum,
1235 3784 1311 3848 inde
1327 3785 1372 3849 ad
1388 3787 1465 3850 rivu-

334 3893 402 3958 lum
432 3893 685 3977 Konopenyche,
718 3893 831 3958 exinde
863 3894 904 3957 ad
936 3893 1159 3976 rur-kpotuua,
1191 3899 1223 3958 et
1245 3893 1465 3977 pertransiens

334 4003 439 4085 ipsum
461 4001 612 4077 rivulum,
643 4001 782 4064 intraret
810 4001 894 4065 viam
925 4000 1088 4083 quandam
1114 4007 1146 4064 et
1170 4022 1227 4084 per
1254 4004 1359 4085 ipsam
1385 4003 1464 4066 riam

335 4113 481 4174 curreret
506 4109 547 4174 ad
573 4108 685 4174 silvam
711 4109 752 4172 ad
777 4107 897 4174 fontem
924 4109 1032 4186 Palas,
1058 4109 1134 4173 hinc
1157 4116 1307 4192 pergeret
1322 4111 1358 4174 in
1374 4109 1464 4174 dorso

334 4217 502 4281 monticuli
527 4216 624 4280 berch
650 4216 729 4280 dicti
755 4237 856 4298 usque
882 4216 922 4280 ad
947 4218 1103 4281 terminos
1128 4217 1261 4282 metales
1294 4218 1463 4300 possessio

332 4327 383 4390 nis
414 4323 552 4406 Felialu,
585 4345 646 4405 que
670 4325 711 4390 ad
736 4330 863 4408 partem
895 4324 1042 4389 dextram
1075 4331 1242 4407 separaret
1272 4324 1462 4407 possessioni

333 4433 523 4499 Radouiche
554 4432 710 4499 nobilium
736 4433 775 4497 de
802 4431 942 4518 Symoni
973 4435 1015 4498 ad
1046 4438 1171 4516 partem
1201 4453 1275 4496 vero
1301 4433 1463 4498 sinistram

332 4541 395 4623 ipsi
425 4540 618 4622 possessioni
648 4539 794 4624 Vgroch,
830 4561 932 4623 usque
963 4541 1005 4605 ad
1035 4540 1175 4624 priorem
1205 4546 1334 4618 metam,
1367 4545 1399 4603 et
1420 4537 1462 4602 ibi

332 4649 638 4713 terminarentur..
670 4649 794 4712 Datum
827 4648 907 4714 feria
939 4655 1056 4731 quarta
1080 4649 1225 4731 proxima
1250 4653 1326 4712 unte
1349 4647 1462 4713 festum

333 4755 593 4824 Resurreccionis
610 4756 738 4836 domini,
764 4777 848 4822 anno
874 4756 1015 4821 eiusdem
1041 4755 1217 4821 Millesimo
1241 4756 1462 4821 trecentesimo
