3138 5462
354 463 417 540 14'4
701 493 888 540 aurouuom
904 473 1119 540 0111111111.

349 663 498 738 patenter
514 655 683 734 confectas,
709 662 821 740 petens
838 679 895 720 nos
924 679 997 721 cum
1022 657 1190 734 instancia,
1217 663 1254 720 ut
1269 661 1408 720 tenorem
1424 675 1467 719 ea·

349 784 420 826 rum
438 814 444 826 .
461 761 672 827 ‚transscribi
690 811 714 825 ..
731 763 953 846 dignaremur;
967 784 1106 844 quarum
1115 765 1286 828 literarum
1297 769 1467 828 nostrarum

349 878 441 936 tenor
464 871 540 935 talis
566 877 630 936 est:
659 871 728 936 Nos
754 893 858 937 comes
884 871 1008 938 Paulus
1033 871 1128 938 iudex
1154 874 1242 938 curie
1268 921 1299 936 ..
1326 873 1466 936 memorie

348 980 617 1062 commendamus,
634 979 721 1061 quod
746 1002 819 1044 cum
838 983 992 1064 magister
1008 981 1161 1046 Andreas
1177 979 1264 1046 filius
1280 979 1406 1044 Nicolai
1422 1000 1465 1044 ca·

348 1088 504 1153 atellanus
520 1087 560 1152 de
575 1089 724 1154 Machow
748 1091 940 1172 magistrum
966 1089 1169 1173 Stephanum
1193 1089 1296 1154 lilium
1323 1087 1468 1172 Stephani

348 1197 387 1261 de
402 1195 560 1262 Morouth
584 1217 680 1280 super
696 1197 887 1262 iudiciorum
904 1204 936 1262 et
952 1198 1153 1264 iudicialium
1170 1196 1416 1280 gravaminibus,
1440 1197 1467 1260 in

348 1304 464 1385 quibus
490 1306 618 1370 racione
643 1305 877 1389 hospitalitatis
904 1305 1117 1386 quorumdam
1142 1305 1250 1370 furum
1275 1303 1467 1388 Zuyuiohaa·

346 1413 462 1478 draxiu
478 1421 510 1480 ct
525 1415 796 1500 Znyniohaobrad
812 1421 998 1480 vocatorum
1024 1417 1057 1478 in
1082 1415 1284 1499 deposicione
1309 1413 1465 1478 cuiusdam

347 1521 519 1586 iuramenti
537 1529 652 1588 contra
677 1524 782 1607 ipsum
807 1525 999 1606 magistrum
1025 1522 1196 1587 Andream
1220 1521 1324 1585 filiurn
1349 1519 1468 1586 Nicolai

347 1631 509 1696 convictus
525 1631 642 1712 fuerat,
656 1633 760 1714 primo
777 1633 910 1710 evocari,
937 1639 968 1696 et
983 1632 1112 1696 demum
1128 1633 1161 1696 in
1177 1631 1284 1695 tribus
1301 1629 1378 1696 fo'ria
1395 1652 1468 1694 com·

346 1740 597 1821 provincialibus
608 1741 698 1805 iuxta
707 1742 941 1805 continenciam
951 1743 1095 1822 priorum
1106 1741 1276 1804 literarum
1293 1747 1467 1804 nostrarum

347 1854 378 1912 et
395 1849 530 1930 capituli
546 1849 723 1914 Bozneusis
739 1847 1062 1931 proclamatoriarum
1083 1849 1124 1912 ad
1141 1855 1270 1914 octavas
1287 1847 1350 1912 diei
1368 1846 1468 1914 Stren-

346 1977 461 2020 narum
478 1956 607 2040 publice
622 1963 656 2021 et
680 1956 849 2022 manifeste
874 1957 1001 2022 fecisset
1025 1957 1228 2039 proclamari,
1253 1955 1382 2020 tandem
1398 1956 1468 2037 ipsis

346 2065 466 2128 octavis
477 2063 764 2129 dieiStrennarum
782 2065 1033 2144 occurrentibus,
1053 2063 1218 2148 Stephano
1228 2063 1295 2130 filio
1305 2062 1468 2128 Michaelis

346 2193 404 2254 pro
430 2171 574 2254 predicto
599 2173 757 2256 magistro
782 2171 918 2238 Andrea
943 2173 1009 2237 filio
1034 2173 1161 2238 Nicolai
1180 2223 1209 2236 ..
1236 2171 1277 2236 ab
1303 2193 1376 2249 una,
1398 2172 1467 2235 item

345 2279 489 2362 predicto
506 2282 660 2362 magistro
677 2279 843 2364 Stephano
868 2281 935 2346 filio
952 2280 1110 2364 Stephani
1135 2280 1174 2344 de
1199 2279 1355 2345 Morouth
1370 2299 1468 2361 perso·

345 2385 464 2451 naliter
480 2392 574 2470 parte
600 2387 640 2452 ab
666 2387 769 2452 altera
794 2407 902 2452 coram
927 2387 1018 2452 nobis
1044 2387 1236 2464 constitutis,
1264 2409 1322 2470 per
1348 2384 1466 2450 eosdem

345 2496 545 2578 propositum
570 2497 717 2560 exstitit.
735 2546 742 2559 .
760 2495 846 2578 quod
871 2498 934 2580 ipsi
958 2497 1190 2561 interveniente
1215 2494 1417 2559 ordinacione
1441 2501 1468 2556 et

345 2603 576 2686 composicione
592 2601 749 2668 baronum
765 2610 797 2668 et
814 2603 969 2668 nobilium
985 2611 1172 2683 vestrorum,
1188 2602 1340 2668 videlicet
1355 2601 1466 2666 domiui

345 2709 471 2775 Nicolai
489 2759 495 2774 .
513 2762 519 2774 .
535 2710 682 2794 palatini,
692 2712 788 2776 Pauli
798 2713 945 2796 magistri
962 2711 1341 2776 tavarnicorumdomiue
1358 2709 1468 2792 regine,

344 2819 491 2900 magistri
507 2817 532 2883 J
534 2819 668 2884 ohannis
685 2818 743 2884 filii
755 2819 872 2904 Gelety
885 2821 1010 2884 comitis
1021 2819 1060 2883 de
1071 2818 1213 2900 Turuch,
1229 2818 1356 2884 comitis
1366 2817 1467 2880 Deseu

344 2925 383 2990 de
399 2925 472 2991 Puk
488 2925 556 2990 vice
585 2926 699 2991 iudicis
725 2935 757 2992 et
781 2929 928 3011 magistri
947 2927 1044 2992 Pauli
1070 2927 1109 2990 de
1134 2925 1235 3009 Wgal
1261 2925 1466 3009 protonotarii

343 3033 446 3096 nostri
463 3054 501 3097 ac
517 3033 655 3098 aliorum
672 3034 994 3118 quamplurimorum,
1011 3055 1108 3118 super
1133 3033 1280 3098 omnibus
1305 3051 1467 3097 nocumen-

343 3139 385 3202 tis
402 3189 408 3202 .
425 3189 432 3204 .
448 3140 525 3205 hino
541 3147 573 3204 et
589 3141 663 3205 inde
679 3142 764 3205 inter
780 3143 864 3226 ipsos
882 3191 888 3204 .
905 3191 911 3204 .
928 3161 1031 3222 usque
1058 3140 1142 3204 diem
1168 3140 1319 3205 datarum
1345 3159 1467 3222 presen-

343 3247 427 3312 cium
443 3247 536 3312 sactis
553 3297 560 3311 .
576 3298 583 3312 .
600 3255 712 3313 mutuo
729 3248 789 3314 sibi
805 3249 941 3316 invicem
957 3248 1201 3326 satisfacientes,
1217 3249 1251 3311 in
1268 3247 1369 3312 talem
1384 3245 1467 3330 pacis

343 3360 376 3420 et
392 3355 559 3421 concordie
576 3405 582 3420 .
600 3409 606 3421 .
623 3357 823 3422 devenissent
839 3358 990 3422 unionem
1016 3363 1114 3437 atque
1140 3355 1340 3420 devenerunt
1365 3373 1466 3418 coram

343 3461 451 3526 nobis:
474 3462 560 3544 quod
571 3463 654 3528 idem
665 3465 819 3548 magister
836 3463 1021 3548 Stephanus
1037 3463 1123 3528 filius
1141 3461 1299 3547 Stephani
1309 3461 1466 3543 quandam

342 3571 574 3652 possessiouem
591 3570 710 3638 Sumus
726 3578 871 3636 vocatam
888 3573 921 3636 iu
938 3569 1152 3646 comitatu.de
1169 3570 1318 3634 Wolhow
1335 3571 1468 3634 existen·

343 3683 416 3754 tem,
432 3698 452 3740 a
468 3674 627 3762 Gregorio
652 3685 685 3742 et
700 3678 825 3744 Jacobo
850 3677 924 3743 filiis
950 3677 1043 3763 Apor
1067 3679 1165 3744 titulo
1190 3677 1467 3761 impignoracionis

343 3783 403 3848 sibi
421 3785 611 3864 devolutam,
637 3788 698 3869 ipsi
723 3789 878 3870 magistro
893 3786 1027 3852 Andree
1043 3786 1109 3851 filio
1125 3785 1254 3852 Nicolai
1270 3807 1328 3869 per
1345 3783 1466 3850 eosdem

341 3891 424 3956 filios
440 3891 534 3975 Apor
550 3895 583 3957 iu
600 3915 638 3957 ea
655 3895 839 3974 quantitate
857 3895 990 3977 pecunie
1016 3917 1075 3977 pro
1095 3915 1158 3976 qua
1176 3894 1236 3958 sibi
1254 3895 1467 3977 impignorata

342 4000 516 4064 exstitisset
541 4001 617 4065 dum
633 4001 794 4066 voluerint
810 4001 1040 4086 redimendam,
1066 4003 1125 4067 sub
1141 4002 1296 4086 premisse
1312 4003 1466 4086 impigno-

342 4109 479 4173 racionis
504 4108 611 4174 federe
637 4132 701 4192 qua
727 4109 788 4174 sibi
813 4109 927 4176 fuisset
951 4111 1104 4193 obligata,
1129 4133 1202 4174 cum
1228 4109 1377 4174 omnibus
1403 4107 1466 4173 suis

340 4216 537 4281 utilitatibus
562 4216 704 4282 dedisset
728 4223 760 4282 et
785 4213 988 4300 assignasset,
1014 4240 1052 4282 ac
1068 4219 1100 4282 in
1126 4218 1303 4284 dominium
1327 4217 1467 4282 eiusdem

341 4323 481 4386 secundo
498 4324 549 4387 die
566 4324 639 4390 festi
655 4325 740 4389 beati
758 4323 892 4408 Georgii
909 4327 1051 4391 martiris
1077 4347 1162 4391 nuuc
1187 4328 1315 4391 venturi
1332 4325 1466 4390 errudem

342 4431 531 4512 magistrum
548 4427 716 4496 Andream
733 4432 834 4497 filium
850 4432 980 4498 Nicolai
995 4433 1209 4516 introducere,
1226 4435 1467 4515 acinterquan-

341 4536 415 4602 dam
441 4539 536 4603 aliam
564 4541 794 4624 possessionem
820 4563 909 4606 suam
937 4541 1152 4626 Dywaufalua
1178 4549 1211 4606 et
1235 4546 1464 4626 possessionem

340 4645 487 4728 magistri
498 4645 630 4712 Andree
642 4647 699 4712 filii
711 4649 837 4714 Nicolai
850 4650 1008 4715 Zelenzad
1021 4658 1157 4734 vocatas,
1174 4651 1302 4716 indicto
1313 4653 1466 4716 comitato
