3188 5476
358 558 423 618 630
706 572 891 616 nuiouuoar
909 558 1124 616 ouurlsrrlu.

358 756 428 800 rum
500 755 537 798 ao
562 735 663 798 tercia
687 740 780 816 parte
805 733 983 799 sessionum
1008 733 1150 797 eiusdem
1173 734 1382 816 possessionis
1413 734 1479 799 Fel-

359 841 487 919 barcha,
503 848 631 925 aparte
648 841 837 907 occidentali
854 842 945 906 iuxta
960 861 1111 922 magnam
1127 841 1212 906 viam
1224 861 1288 922 qua
1299 841 1366 906 itur
1381 862 1479 908 versus

360 952 494 1018 Cassam
511 951 678 1028 iacentem,
695 951 736 1015 ah
753 951 866 1014 eadem
891 955 984 1032 parte
1001 951 1158 1032 superiori
1184 949 1225 1013 ad
1241 943 1478 1035 partem'inleri·

360 1079 447 1124 orem
463 1059 680 1124 mensurando
698 1111 704 1123 .
722 1109 728 1122 .
753 1057 857 1122 eidem
874 1057 1001 1124 domiue
1025 1058 1124 1123 matri
1138 1059 1289 1140 ipsorum,
1306 1053 1478 1140 filielllene·

360 1167 437 1231 dicti
454 1166 512 1230 filii
529 1163 683 1231 Corrardi
710 1173 787 1231 tunc
811 1167 903 1230 uxori
920 1167 1057 1239 Komen,
1082 1188 1141 1250 pro
1168 1187 1226 1230 sua
1252 1165 1326 1230 dote
1343 1172 1375 1230 et
1392 1167 1477 1231 rebus

360 1275 629 1359 paralernalibus,
655 1281 688 1338 et
715 1276 892 1358 peripsam
915 1273 1018 1339 eidem
1043 1274 1172 1338 Kemen
1189 1295 1227 1339 ac
1243 1294 1354 1338 eorum
1370 1274 1480 1339 heredi-

360 1383 419 1446 bus
436 1384 504 1446 iure
530 1387 687 1466 perpetuo
705 1434 710 1447 .
728 1433 734 1446 .
759 1381 1015 1464 possidendas..
1041 1381 1204 1446 dedisset.
1222 1433 1227 1446 .
1253 1380 1429 1464 obligantes
1451 1405 1480 1446 se

360 1499 518 1556 eteorum
535 1489 668 1555 heredes
686 1490 845 1573 predictos
871 1491 1033 1556 dominam
1059 1495 1092 1553 et
1117 1490 1265 1554 vitricum
1290 1491 1428 1572 ipsorum
1449 1511 1479 1556 ar
1566 1529 1567 1580 1

360 1599 493 1666 heredes
510 1597 693 1664 eorumdem
710 1652 716 1664 .
733 1649 739 1662 .
765 1599 806 1665 ab
831 1601 979 1664 omnibus
1005 1600 1133 1664 racione
1157 1601 1254 1663 terrie
1270 1599 1374 1683 partis
1389 1599 1478 1682 ipsius

360 1707 568 1792 possessionis
585 1707 767 1773 Felbaroha
784 1715 815 1773 et
830 1709 1007 1774 sessionum
1028 1707 1169 1772 eiusdem
1186 1707 1342 1790 impetere
1359 1709 1475 1772 nitenti·

360 1817 418 1881 bus
436 1815 606 1880 defendere
624 1821 657 1880 et
673 1817 824 1900 expedire
841 1816 979 1900 propriis
991 1815 1153 1880 laboribus
1165 1816 1309 1898 ipsorum
1326 1823 1358 1880 et
1373 1837 1475 1900 expeu-

360 1926 410 1990 sis.
435 1921 559 2008 Quibus
576 1923 651 1988 visis
662 1931 693 1988 et
709 1925 876 1990 tenoribus
892 1928 1037 2008 ipsarum
1052 1925 1222 1990 literarum
1239 1925 1474 2008 privilegialium

361 2031 506 2116 partibus
531 2031 689 2114 perlectis,
717 2034 794 2113 quia
819 2035 989 2099 ambarum
1014 2033 1159 2117 parcium
1189 2033 1358 2110 relacione,
1374 2033 1477 2117 prelati

362 2139 509 2222 magistri
525 2139 643 2204 Petrus
670 2146 701 2205 et
727 2140 915 2206 Gothardus
942 2161 1038 2223 super
1064 2162 1100 2204 eo
1126 2141 1229 2206 edocti
1246 2141 1389 2218 fiiissent,
1405 2141 1478 2224 quod
1567 2177 1568 2186 =

362 2249 447 2313 idem
464 2247 605 2312 Thomas
622 2247 702 2313 duos
719 2248 802 2314 filios
829 2248 1056 2314 Sebastianum
1081 2249 1230 2314 videlicet
1256 2257 1289 2314 et
1314 2247 1477 2333 Georgium

362 2361 439 2420 tunc
455 2357 541 2419 vivos
557 2355 731 2434 habuisset,
742 2363 775 2420 et
786 2359 826 2422 ob
838 2358 897 2421 hoc
913 2359 974 2441 ipsi
991 2357 1170 2422 iudicantes
1187 2357 1396 2422 admisissent.
1406 2357 1479 2438 quud

361 2466 433 2548 ipsa
449 2463 580 2528 domina
605 2465 704 2532 Olera
729 2465 857 2530 eosdem
884 2465 1112 2532 Sebastianum
1138 2471 1171 2529 et
1196 2463 1383 2548 Georgium,
1397 2467 1477 2531 iuxta

362 2573 463 2656 ipsius
480 2571 639 2655 privilegii
655 2578 798 2638 tenorem
815 2595 874 2657 pro
891 2573 1206 2657 suisexpeditoribus
1223 2573 1264 2637 ad
1281 2573 1478 2639 octavaslesti

360 2680 448 2744 beati
473 2680 645 2745 Michaelis
671 2682 857 2764 archangeli
884 2685 1027 2766 proxime
1052 2683 1226 2767 preteritas
1253 2689 1366 2748 contra
1389 2703 1419 2746 se
1442 2681 1475 2747 ad
1568 2747 1569 2776 ζ

361 2789 461 2870 ipsius
478 2787 598 2854 domini
615 2787 756 2872 episcopi
772 2792 971 2872 presenciam
988 2792 1112 2856 evocari
1137 2790 1278 2869 faceret3
1304 2792 1371 2874 ipse
1387 2791 1474 2856 eciam
1568 2785 1569 2864 ἶ

361 2895 477 2960 Dauch
495 2897 549 2977 qui
566 2897 776 2980 propinquior
801 2897 965 2980 proximus
982 2905 1014 2961 et
1030 2905 1118 2962 tutor
1142 2896 1328 2962 eorumdem
1354 2895 1476 2961 liliorum
1568 2879 1569 2888 ἵ

362 3004 484 3070 Thome
501 3003 568 3069 fore
585 3005 677 3072 dictis
694 3013 771 3071 tuno
788 3005 866 3090 (igy)
883 3005 984 3088 oum(
987 3055 1113 3071 ......
1116 3001 1129 3088 )
1146 3003 1220 3069 liliis
1239 3004 1362 3069 Thome
1378 3005 1476 3070 simili-

361 3120 411 3176 ter
427 3111 641 3196 personaliter
657 3112 706 3176 vel
722 3133 780 3195 per
796 3135 888 3178 suum
905 3113 1085 3196 legitimum
1110 3119 1350 3195 procuratorem
1366 3135 1477 3196 compa·

359 3239 430 3286 rere
446 3219 585 3298 deberet,
598 3219 692 3284 finem
718 3220 863 3285 debitum
890 3221 921 3284 in
948 3221 1104 3303 premissa
1124 3241 1221 3286 causa
1238 3223 1413 3305 recepturi:
1435 3220 1470 3285 ad

363 3350 444 3410 quas
461 3328 590 3408 quidem
607 3335 735 3394 octavas
752 3329 823 3394 lesti
849 3329 936 3394 beriti
961 3329 1132 3394 Michaelis
1148 3329 1334 3414 archangeli
1351 3329 1475 3413 prelatos

361 3435 445 3499 filios
462 3434 585 3500 Thome
601 3457 639 3501 ao
654 3435 772 3502 Donoh
788 3457 827 3500 ex
843 3441 952 3501 tenore
968 3436 1137 3502 literarum
1147 3435 1349 3502 iudicialium
1365 3459 1472 3502 eorum·

362 3543 435 3608 dem
451 3542 679 3625 magistrorum
705 3544 795 3609 Petri
821 3545 1039 3610 archidiaconi
1066 3551 1098 3608 et
1118 3541 1280 3610 Gothardi
1306 3567 1362 3629 per
1377 3567 1474 3628 procu·

361 3658 504 3715 retorem
520 3651 670 3715 iamdicte
686 3652 813 3717 domine
830 3652 926 3720 Olare
943 3653 1084 3734 legitime
1095 3659 1281 3736 expectatos
1292 3675 1353 3720 non
1364 3656 1470 3720 venisse

361 3781 419 3824 uec
435 3759 558 3823 misisse
590 3761 777 3841 reperimus.
802 3761 944 3843 Ipsoque
969 3761 1144 3825 vicariatus
1169 3760 1274 3826 officio
1296 3763 1329 3826 in
1345 3769 1472 3828 nostram

362 3891 532 3955 personam
548 3871 788 3949 conscendente‚
805 3873 838 3937 in
859 3873 977 3936 octavis
994 3871 1068 3936 festi
1085 3871 1172 3938 beati
1189 3871 1323 3938 Andree
1343 3871 1472 3956 apostoli,

362 3977 564 4062 presentibus
581 3978 734 4042 Matheus
750 3977 816 4043 filio
832 3980 974 4045 Emerici
991 3979 1030 4043 de
1046 3979 1152 4044 Delne
1169 4001 1241 4045 cum
1261 3979 1473 4047 sufficientibus

361 4085 465 4150 literis
481 4087 712 4168 procuratoriis
739 4093 771 4150 et
796 4109 854 4170 per
879 4090 982 4170 ipsam
1003 4087 1165 4154 dominam
1187 4087 1320 4154 Olaram
1336 4090 1469 4154 actricem

363 4216 401 4258 ex
418 4215 490 4270 una,
507 4193 584 4257 item
600 4192 718 4276 prefati
744 4192 954 4260 Sebastianus
979 4201 1012 4260 et
1036 4193 1199 4277 Georgius
1225 4194 1284 4260 filii
1311 4195 1426 4261 Thome
1442 4214 1472 4256 se

362 4300 479 4366 Donoh
495 4300 579 4366 lilius
610 4300 705 4365 Enok
731 4302 943 4384 personaliter
968 4323 1006 4368 ao
1032 4301 1248 4368 mediantibus
1275 4305 1377 4369 literis
1395 4302 1472 4368 Petri

364 4409 541 4474 sacerdotis
557 4408 596 4473 de
613 4409 827 4494 Lapuspatak
843 4412 976 4476 amoniti
992 4419 1087 4495 parte
1103 4411 1144 4476 ab
1161 4412 1274 4494 altera,
1290 4413 1332 4476 ad
1347 4417 1472 4475 nostram

363 4516 551 4582 accedentes
567 4517 775 4600 presenciam,
792 4519 868 4583 dum
893 4539 951 4584 nos
977 4525 1012 4583 ut
1037 4540 1076 4583 ex
1092 4520 1237 4602 predicto
1262 4521 1363 4586 nostri
1377 4517 1473 4583 ricari-

364 4629 438 4688 atus
464 4623 569 4690 officio
600 4625 764 4705 incumbit,
789 4627 875 4711 ipsos
899 4625 1124 4692 Sebastianum
1149 4635 1183 4693 et
1207 4625 1381 4711 Georgium
1403 4625 1472 4690 filios

366 4731 487 4796 Thome
504 4733 640 4800 trinario
665 4755 798 4800 numero
822 4735 856 4800 in
883 4755 919 4800 eo
944 4736 1115 4820 requisitos
1132 4735 1362 4814 habuissemus,
1379 4740 1472 4800 utrum
