3138 5462
822 751 826 760 ,
926 701 976 762 75.

392 859 621 922 1347-1348.
639 857 742 938 lco'rltl,
762 858 1009 944 Napis-Martem,
1030 860 1179 924 Punkcsd
1198 859 1296 923 15-ὃᾶ
1320 862 1421 946 uopjc
1435 866 1502 924 alda

386 967 460 1032 eald
473 967 587 1049 lrc‘tfdn.
605 968 840 1052 Ncqymarloni
857 969 919 1032 Pa'l
939 957 1120 1053 orszc'pbt'rri
1143 969 1233 1032 levelo
1252 971 1361 1033 [stiria
1377 969 1436 1034 loir.
1450 975 1502 1034 ἐάν·

382 1076 508 1154 riolclroz,
526 1075 664 1161 raelpbea
681 1074 757 1137 ezzel
767 1076 901 1158 ludatjo,
926 1077 1004 1162 kopp
1020 1075 1224 1160 Acipnouebu.
1240 1077 1357 1156 urazik,
1374 1103 1394 1141 α
1412 1082 1499 1142 trimo

383 1183 433 1247 loct
449 1184 532 1246 ricc
541 1181 672 1266 filllre'ri,
693 1183 772 1267 kopp
788 1185 878 1269 oppda
894 1185 957 1248 cele
974 1187 1067 1248 alozo'
1075 1185 1155 1249 heled
1166 1185 1303 1271 szolpdjo
1320 1186 1503 1270 droszoaur'pp

384 1293 472 1355 lilcru't
505 1291 579 1355 'ltili
606 1293 739 1356 Ldriuce
772 1303 882 1354 mester
907 1294 1119 1376 clliajlolcdn,
1146 1294 1213 1356 ezelo
1248 1293 1506 1358 oisczaadcisdacil

833 1401 945 1484 jotrjou
960 1400 1059 1465 kozbe.

1557 405 1558 444 l

751 472 935 528 auronuour
951 466 1165 528 onulurrln.

1557 937 1558 962 i

489 1562 654 1645 Stephano
671 1561 825 1644 magistro
842 1562 1105 1628 thavarnioorum
1120 1563 1240 1628 domiui
1260 1564 1346 1646 regis
1367 1563 1502 1646 proximo

388 1693 445 1735 suo
461 1669 645 1747 reverendo,
662 1690 767 1734 comcs
783 1669 907 1734 Paulus
924 1670 1020 1734 iudex
1036 1673 1125 1735 curie
1135 1671 1256 1736 domini
1272 1672 1358 1754 regis
1373 1671 1501 1735 eiusdem

383 1801 415 1844 se
432 1784 594 1862 promtum
611 1777 653 1841 ad
668 1775 810 1859 quelibet
825 1777 894 1841 eius
909 1776 1112 1860 beneplacita
1128 1785 1161 1842 et
1176 1785 1335 1862 peratum.
1347 1775 1503 1860 Quoslibet

383 1894 508 1952 nostros
524 1886 660 1951 famulos
672 1886 748 1950 dum
759 1885 948 1950 recessimus
964 1892 1069 1950 vestre
1086 1887 1302 1969 proximitatis
1319 1890 1502 1972 proteccioui

370 1997 532 2060 'duximus
548 1992 795 2083 commitendos3
819 1992 903 2056 unde
928 2014 1002 2057 cum
1026 1995 1182 2076 magister
1191 1993 1394 2062 Laurencius
1409 1997 1501 2062 dictus

384 2103 492 2168 Touth
507 2102 621 2184 uiginti
639 2107 778 2183 quatuor
794 2121 910 2182 peoora
926 2099 1055 2164 Nicolai
1081 2107 1114 2166 et
1139 2101 1261 2167 Thome
1287 2103 1427 2168 filiorum
1440 2106 1504 2169 lla·

384 2212 451 2276 thie
478 2211 671 2274 famulorum
702 2213 895 2285 nostrorum,
919 2229 957 2271 ex
983 2208 1111 2290 quibus'
1125 2209 1210 2274 idem
1236 2210 1378 2276 Thomas
1404 2219 1503 2294 partes

383 2319 554 2384 Arinionis
570 2317 736 2381 nobiscum
752 2321 801 2379 est
816 2314 986 2398 profectus,
1011 2315 1114 2398 culpis
1131 2317 1315 2390 eorumdem
1331 2341 1394 2384 non
1410 2321 1504 2402 requi·

383 2409 527 2492 rentibus
546 2425 712 2506 receperit,
736 2430 875 2487 vestram
891 2423 1128 2506 proximitatem
1156 2445 1255 2490 causa
1268 2429 1370 2491 nostri
1387 2429 1501 2492 servicii

384 2536 585 2619 postulamus
602 2554 658 2616 per
675 2538 848 2615 presentes,
873 2537 1032 2611 quatenus
1057 2531 1152 2596 boves
1178 2533 1398 2616 predictorum
1413 2536 1504 2600 samu·

383 2644 487 2707 lorum
503 2648 688 2706 nostrorum
714 2640 902 2722 peripsum
928 2639 1119 2721 magistrum
1139 2641 1358 2707 Laurencium
1384 2645 1501 2708 restitui

382 2753 508 2817 faciatis
519 2761 526 2832 ζ
537 2784 541 2790 -
551 2750 607 2831 qui
623 2751 650 2814 si
666 2749 794 2814 restitui
810 2749 916 2812 facere
933 2751 1137 2830 recusaverit,
1162 2757 1280 2815 extunc
1296 2752 1432 2833 petimus
1448 2773 1502 2818 vos.

384 2862 468 2924 utin
485 2859 614 2923 domino
630 2865 740 2920 nostro
757 2877 832 2938 rege
858 2855 1002 2938 predicto
1029 2855 1164 2921 Nicolao
1190 2857 1312 2922 famulo
1337 2865 1445 2924 nostro
1460 2881 1502 2922 re-

383 2977 486 3034 strum
503 2966 659 3030 auxilium
675 2964 808 3046 prebere
826 2970 857 3026 et
873 2963 999 3027 eosdem
1010 2963 1183 3028 Nicolaum
1200 2972 1232 3030 et
1243 2965 1402 3030 Thomam
1417 2966 1503 3030 simul

383 3099 455 3141 cum
472 3097 582 3139 eorum
597 3071 819 3154 iobagionibus
836 3071 985 3152 deinceps
1002 3091 1021 3134 a
1037 3071 1182 3154 predicto
1198 3074 1354 3156 magistro
1370 3073 1503 3138 Lauren·

383 3185 432 3247 cio
449 3190 481 3246 et
505 3181 546 3245 ab
572 3179 644 3244 aliis
671 3177 868 3262 quibuslibet
892 3185 1061 3260 protegere
1087 3186 1118 3242 et
1144 3177 1313 3244 defendere
1339 3179 1504 3266 dignemini

384 3299 416 3354 ot
441 3289 553 3352 velitis.
586 3288 699 3352 Datun
723 3287 758 3350 in
782 3285 926 3368 Mortun,
952 3285 1033 3350 feria
1071 3285 1211 3350 secunda
1235 3294 1309 3368 post
1334 3291 1504 3368 quindenas

383 3398 455 3462 festi
472 3397 709 3462 Pentheoostes.

491 3559 619 3622 Paphon,
634 3557 760 3608 ztrlatan
781 3555 872 3620 peccet
895 3557 1072 3621 nyornaival;
1095 3555 1225 3620 credetije
1239 3573 1270 3606 az
1284 3573 1354 3608 orsu.
1368 3561 1400 3608 lt.
1413 3561 1504 3608 kiursl.

383 3655 450 3700 oszt.
466 3655 542 3698 1671.
558 3657 581 3698 1.
595 3651 662 3712 dipl.
676 3653 744 3698 oszt.
758 3652 836 3697 3995.
856 3649 938 3696 Kozli
950 3663 956 3696 ε
970 3648 1077 3697 Kovdcs
1091 3649 1124 3696 N.

869 3826 889 3832 —
892 3826 1028 3834 m--n

924 3995 973 4056 76.

386 4155 480 4218 1348.
488 4155 562 4238 joa.
578 4156 608 4216 Ω,
637 4151 769 4216 Atccsi
790 4153 946 4238 kdplclua
971 4152 1045 4216 etorr
1075 4151 1186 4238 [pati
1209 4152 1367 4236 llyriafio
1385 4153 1505 4218 Mitis.

385 4264 493 4347 Kurpc
509 4269 588 4324 areoli
605 4261 737 4324 dirtolcot
762 4261 847 4325 Boios
862 4260 1096 4346 odrarepye'beo,
1123 4260 1371 4346 Milrctlyflcioalc
1389 4261 1504 4323 Ismu-

580 4368 645 4431 aolc
666 4367 764 4452 Ujlidc
778 4373 871 4431 νῶι-οε
888 4368 1062 4452 dirdjo'uolc
1078 4369 1317 4452 adorndnyozza.

491 4511 680 4595 Capitulum
706 4511 837 4577 ecclesie
862 4513 1052 4576 Bachieusis
1069 4562 1075 4576 .
1093 4563 1100 4578 .
1116 4512 1159 4577 ad
1183 4512 1408 4578 universorum
1434 4511 1507 4577 noti·

383 4619 466 4684 eiam
483 4671 490 4684 .
506 4670 513 4683 .
529 4620 673 4684 volumus
690 4622 866 4704 pervenire,
881 4621 968 4703 quod
987 4620 1102 4684 nobilis
1118 4619 1167 4684 vir
1183 4621 1340 4703 magister
1355 4619 1507 4686 Nicolaus
