3226 5462
352 497 393 558 56
704 512 892 560 ausounoru
910 498 1125 558 onulnrrls.

250 730 254 735 .
350 673 487 758 capituli
505 673 636 738 ecclesie
653 674 739 738 beati
751 673 841 738 Petri
853 673 891 737 de
905 674 1010 757 Posga
1026 697 1098 739 cum
1116 673 1223 756 sigillo
1235 673 1387 757 pendenti
1405 671 1487 755 ipsis

350 805 412 847 non
430 782 509 847 bene
521 787 596 847 noto
606 781 808 866 rescriptum,
825 782 1039 863 quarumdam
1052 781 1221 847 literarum
1232 781 1484 866 privilegialium

350 892 470 958 domini
488 896 573 978 regis
590 892 748 977 Stephani
765 943 789 958 ..
808 893 1082 959 reambulaciones
1099 900 1257 959 metarum
1272 889 1487 975 possessionis

349 1001 484 1086 Lipolca
518 1007 551 1066 et
584 1001 790 1086 pertinenciis
815 1001 856 1066 ad
882 1001 1016 1066 eandem
1048 1003 1257 1078 continentes,
1289 1001 1374 1063 inter
1401 1017 1488 1077 quas

346 1131 458 1174 cursus
475 1115 508 1174 et
523 1110 702 1193 giraciones
718 1115 878 1174 metarum
898 1109 1096 1174 diversarum
1113 1107 1270 1174 contineri
1295 1105 1485 1188 conspexis-

351 1224 430 1294 sent,
448 1217 532 1298 quod
550 1239 663 1282 cursus
680 1217 823 1301 ipsarum
840 1223 999 1282 metarum
1016 1219 1049 1281 in
1063 1217 1202 1300 quadam
1222 1219 1315 1299 parte
1335 1212 1376 1278 ad
1393 1233 1485 1276 mon-

350 1331 415 1389 tem
431 1325 619 1408 lavurhege
633 1325 754 1390 dictum
772 1325 978 1409 protenderet
988 1345 1089 1406 usque
1100 1323 1141 1388 ad
1152 1323 1282 1390 tluvium
1303 1321 1488 1406 predictum

348 1432 542 1498 Rennulrleu
559 1441 592 1498 et
607 1435 694 1498 ultra
709 1433 937 1516 dinosceretur,
954 1441 986 1498 et
996 1433 1042 1497 sic
1058 1433 1100 1498 ad
1116 1431 1248 1496 fluvium
1264 1427 1370 1514 Tapul
1387 1428 1483 1493 deve·

348 1542 455 1605 nirent
487 1541 731 1606 terminaciones
763 1541 966 1622 earumdem3
999 1540 1095 1624 plura
1125 1547 1233 1605 autem
1264 1540 1487 1604 instrumenta

348 1670 456 1714 coram
471 1649 549 1732 ipsis
559 1670 621 1712 non
633 1648 860 1713 exhibuissent.
878 1647 1025 1732 Quarum
1036 1649 1206 1712 literarum
1223 1645 1487 1711 exhibicionibus

352 1756 455 1830 lactis,
472 1757 550 1836 quia
567 1754 650 1820 idem
673 1755 831 1838 magister
856 1755 1029 1821 Ladislaus
1055 1755 1161 1820 dictus
1178 1753 1261 1819 Saus
1278 1775 1312 1818 se
1328 1760 1362 1818 et
1377 1753 1487 1837 ipsum

348 1864 541 1946 magistrum
566 1865 701 1930 Petrum
735 1864 837 1929 lilium
871 1863 1005 1948 Georgii
1040 1863 1219 1948 predictam
1251 1863 1487 1946 possessiouem

347 1992 456 2036 eorum
474 1971 578 2037 Seuer
594 1979 740 2038 vocatam
765 1975 999 2057 apossessione
1024 1973 1100 2038 dicti
1127 1971 1277 2055 magistri
1303 1969 1397 2035 Deuk
1423 1968 1485 2034 filii

349 2079 477 2144 Nicolai
488 2080 527 2144 de
538 2079 671 2145 Nekchc
687 2080 833 2165 Lypolch
850 2079 1015 2145 nominata
1032 2102 1088 2164 per
1105 2101 1217 2146 cursus
1228 2077 1487 2144 etlimitacioues

352 2207 499 2252 verarum
526 2193 684 2252 metarum
701 2189 732 2252 in
750 2188 844 2252 dictis
870 2188 972 2252 literis
998 2187 1252 2271 privilegialibus
1279 2184 1356 2250 dicti
1374 2233 1380 2248 .
1399 2185 1488 2248 ‚La-

348 2294 444 2358 dislai
464 2295 548 2377 regis
565 2301 798 2372 contentarum,
816 2295 1032 2360 mediantibus
1049 2296 1138 2378 regio
1163 2301 1196 2359 et
1219 2294 1320 2377 ipsius
1346 2291 1486 2376 capituli

351 2401 531 2486 Sepsiensis
547 2403 732 2468 bominibus
748 2403 891 2487 legitime
908 2402 1102 2486 distinguere
1118 2401 1200 2466 velle
1216 2401 1390 2478 asserebat,
1406 2400 1485 2465 ideo

348 2509 434 2574 dicto
450 2510 592 2594 capitulo
609 2511 771 2594 Sepsieusi
790 2511 969 2575 literatorie
988 2510 1157 2575 scribendo
1174 2531 1283 2574 eorum
1301 2508 1486 2574 amiciciam

347 2618 561 2701 petiveramus
579 2668 585 2682 .
602 2667 608 2682 .
627 2625 786 2700 quatenus
802 2620 945 2702 ipsorum
956 2619 1122 2684 mitterent
1138 2618 1298 2682 hominem
1316 2639 1374 2700 pro
1392 2618 1489 2681 testi·

345 2726 452 2789 monio
469 2774 475 2789 .
494 2778 499 2789 .
518 2747 581 2808 quo
606 2733 755 2808 presente
779 2725 966 2790 Demetrius
997 2726 1102 2790 (lictus
1128 2725 1167 2789 de
1192 2725 1294 2789 Peetb
1326 2724 1365 2788 de
1390 2724 1488 2788 iuxta

346 2830 450 2896 Delne
467 2833 561 2896 bomo
577 2833 696 2897 domini
723 2834 809 2916 regis
825 2833 867 2897 ad
884 2833 998 2897 faciem
1024 2833 1245 2916 prenominate
1271 2833 1486 2915 possessionis

349 2938 453 3005 Seuer
469 2989 475 3004 .
493 2991 499 3004 .
517 2940 706 3018 accedendo,
722 2939 856 3004 eandem
874 2960 931 3022 per
948 2961 1060 3004 cursus
1076 2945 1110 3003 et
1125 2938 1351 3003 distiucciones
1381 2945 1486 3004 meta·

349 3069 420 3111 rum
447 3048 479 3111 iu
505 3047 591 3112 dicto
616 3047 805 3131 privilegiu.
823 3097 829 3110 .
846 3046 994 3112 luadislai
1011 3096 1018 3110 .
1036 3096 1042 3109 .
1068 3045 1154 3128 regis
1172 3067 1277 3130 ..per
1302 3047 1388 3129 ipsos
1414 3069 1485 3112 ma·

348 3155 465 3236 gistros
482 3155 615 3220 Petrum
634 3161 666 3220 et
690 3154 881 3220 Ladislaum
906 3154 945 3218 de
972 3153 1077 3220 Souar
1094 3202 1100 3216 .
1118 3202 1124 3217 .
1140 3155 1174 3217 iu
1201 3153 1307 3237 specie
1332 3153 1411 3218 inibi
1428 3176 1486 3218 ex-

344 3261 436 3326 hibiti
455 3258 685 3329 'contentarum
713 3312 743 3327 ..
769 3261 1006 3341 reambularet,
1041 3261 1343 3342 reambulatumque
1375 3271 1408 3326 et
1439 3263 1487 3327 ab

346 3369 482 3434 aliorum
508 3369 771 3452 possessionibus,
797 3369 1047 3454 specialiterque
1072 3391 1091 3432 a
1116 3369 1316 3452 possessione
1342 3370 1485 3453 predicti

345 3477 491 3558 magistri
517 3477 613 3541 Denlr
638 3477 782 3562 Lypolca
806 3476 969 3542 antedicta
994 3478 1092 3542 certis
1117 3477 1284 3542 metalium
1310 3478 1481 3561 signorum

343 3585 557 3667 posicionibus
588 3585 679 3649 iuxta
710 3591 832 3650 veteres
847 3605 939 3650 veras
956 3591 989 3649 et
999 3590 1105 3650 certas
1117 3589 1219 3650 metas
1231 3591 1368 3664 erectas,
1385 3585 1486 3650 relin-

345 3699 459 3773 queret
482 3693 560 3776 ipsis
586 3693 751 3776 magistris
776 3693 875 3758 Petro
906 3692 973 3757 filio
1004 3690 1138 3776 Georgii
1163 3699 1195 3757 et
1220 3692 1374 3758 Ladislao
1406 3692 1478 3758 filio

346 3801 509 3866 .lohannis
534 3799 629 3866 dictis
657 3799 739 3866 Suus
755 3851 762 3865 .
779 3852 785 3865 .
802 3806 956 3884 perpetue
976 3800 1211 3883 possidendam,
1239 3802 1266 3865 si
1293 3821 1349 3884 per
1374 3801 1485 3884 ipsum

348 3908 540 3989 magistrum
555 3907 653 3972 Denlr
670 3907 719 3972 vel
736 3907 817 3972 alios
842 3927 905 3970 non
931 3907 1025 3971 lieret
1050 3907 1286 3973 contradictum
1303 3958 1310 3972 .
1328 3957 1335 3972 .
1352 3917 1484 3974 contra-

350 4013 488 4079 dictores
505 4021 612 4079 autem
624 4015 650 4080 si
662 4017 717 4095 qui
735 4015 858 4092 tierent,
875 4021 988 4080 contra
1004 4014 1131 4078 eosdem
1151 4018 1323 4099 magistros
1341 4017 1484 4082 Petrum

345 4129 377 4186 et
393 4120 593 4203 Ladislaum,
609 4122 650 4186 ad
667 4129 797 4188 octavas
822 4122 895 4186 festi
913 4121 999 4186 beati
1026 4121 1163 4187 Martini
1190 4124 1379 4189 confessoris
1396 4147 1487 4191 nuuc

344 4231 489 4313 proxime
513 4230 685 4313 preteritas
711 4230 744 4294 in
769 4230 892 4312 regiam
918 4231 1056 4295 citarent
1080 4232 1290 4314 presenciam,
1313 4233 1485 4298 racionem

344 4358 454 4401 eorum
472 4337 738 4402 contradiccionis
755 4337 949 4403 reddituros
974 4337 1173 4404 Particulam
1203 4341 1288 4404 enim
1308 4341 1485 4423 possessio-

344 4445 478 4522 nariam,
495 4445 548 4508 vel
565 4446 743 4527 particulas
759 4447 1028 4529 possessionarias
1054 4467 1112 4528 per
1137 4449 1321 4531 quempiam
1337 4448 1485 4530 probibi-

345 4557 410 4615 tam
437 4573 493 4615 seu
518 4543 709 4635 prohibitas,
734 4554 833 4636 signis
849 4575 908 4636 pro
934 4553 1026 4617 metis
1052 4553 1165 4637 positis
1191 4555 1419 4638 consignando,
1448 4563 1484 4622 et

345 4658 446 4742 regali
464 4680 613 4724 mensura
629 4660 655 4724 si
674 4660 853 4724 mensurari
869 4667 976 4745 posset
1002 4661 1226 4741 mensuranda
1249 4663 1301 4727 vel
1317 4663 1387 4728 visu
1406 4685 1484 4728 con-
