3188 5470
552 463 646 526 1349.
663 482 736 526 nov.
755 461 783 526 a.
1156 461 1217 526 337

92 641 186 710 abbas
202 641 241 708 de
258 639 405 709 Zerench
422 651 454 708 et
469 642 614 708 Michael
630 643 669 708 de
686 641 812 707 Monak
830 663 892 708 non
918 664 939 708 a
963 641 1219 708 reambulaoione

92 752 140 818 sed
155 773 176 816 a
192 754 373 818 statucione
399 753 528 816 racione
552 751 841 816 commetaneitatis
866 771 963 834 super
986 751 1134 833 predicta
1148 773 1220 834 pos·

93 861 226 925 sessione
241 859 438 925 Mazaondia
454 859 701 943 prohibuissent
725 857 866 923 Domum
892 881 965 924 cum
991 859 1110 924 eisdem
1137 880 1219 924 com-

91 969 243 1034 metaneis
260 974 293 1032 et
310 969 382 1033 aliis
398 967 509 1050 probis
526 969 603 1032 viris
621 967 689 1032 illic
714 989 772 1051 per
797 973 909 1051 partes
934 969 1125 1046 convocatis,
1149 989 1219 1051 pos-

93 1078 259 1142 sessionem
276 1075 415 1159 Nogond
439 1082 596 1158 vocatam,
612 1075 757 1156 aliquam
782 1076 977 1158 particulam
1002 1076 1218 1141 mensurando

91 1207 125 1249 er
146 1207 193 1264 ea,
220 1191 253 1250 et
277 1187 311 1249 in
336 1192 405 1250 toto
429 1185 500 1249 visu
525 1183 765 1261 considerando,
782 1181 824 1248 ad
849 1204 963 1248 norem
988 1190 1109 1263 aratra,
1138 1185 1215 1248 item

91 1293 183 1358 aliam
200 1294 434 1377 possessionem
453 1291 648 1357 Mazaondia
666 1299 821 1370 vocatam,
846 1293 996 1356 similiter
1020 1293 1091 1356 visu
1117 1291 1218 1356 oonsi-

91 1401 226 1466 derando
252 1401 294 1466 ad
321 1423 421 1466 unum
446 1405 602 1478 aratrum,
628 1405 749 1464 terram
774 1405 885 1464 autem
911 1399 995 1464 inter
1022 1405 1131 1482 partes
1155 1397 1219 1464 liti-

90 1509 207 1588 giosam
224 1509 266 1574 ad
282 1509 346 1573 duo
362 1515 475 1574 aratra
491 1530 563 1572 oum
577 1507 713 1578 ,dimidio
729 1507 941 1586 estimassent‚
957 1511 1054 1591 prout
1069 1508 1102 1570 in
1116 1505 1218 1570 literis

90 1617 219 1698 capituli
228 1616 400 1700 Agriensis
417 1618 567 1682 estimata
578 1615 763 1679 exstitisset.
779 1613 905 1678 Datum
916 1615 949 1678 in
962 1614 1083 1678 octaris
1099 1613 1219 1678 festivi-

90 1725 162 1788 tatis
172 1723 328 1790 Omnium
339 1723 541 1800 Sanotorum
557 1744 642 1787 anno
652 1722 774 1787 domini
790 1723 842 1787 M⁰
867 1719 988 1787 000m0
1004 1721 1110 1786 XL¹¹¹⁰
1126 1742 1218 1785 nono.

191 1909 324 1971 Paplron,
338 1908 406 1956 tobb
423 1908 525 1969 helyen
544 1905 751 1956 olvashatatlan
770 1905 940 1968 allapotban‚
951 1903 1031 1952 innet
1049 1902 1217 1966 ahdzagok;

88 1999 211 2046 narlatan
232 1998 324 2060 pecstt
343 1998 520 2060 nyomaival;
540 1995 671 2059 eredetije
692 2011 725 2044 az
751 2009 820 2044 orsa.
834 1995 867 2044 lt.
886 1995 986 2044 kinost.
1005 1999 1072 2044 oszt.
1085 1994 1118 2043 N.
1132 1995 1166 2043 R.
1183 1993 1217 2042 A.

91 2092 161 2138 1537.
177 2093 220 2138 34.
244 2089 311 2151 dipl.
326 2093 394 2136 oszt.
408 2093 486 2137 4087.
506 2088 607 2136 szli:
627 2085 736 2135 Kovdcs
748 2085 782 2134 N.

613 2443 685 2504 194.

88 2619 179 2682 1349.
216 2617 313 2700 Dduu,
329 2641 396 2682 nov.
428 2620 456 2680 8.
483 2618 510 2680 I.
536 2619 633 2704 Lujos
658 2619 766 2708 birdly
792 2645 829 2686 oz
854 2621 973 2707 erdalya'
992 2623 1160 2707 pitcpb'lrb't,
1177 2623 1213 2687 la·

83 2751 100 2788 o
134 2725 255 2810 kiralpr
287 2725 408 2790 'rab-(thu
441 2725 474 2790 be
504 2747 575 2788 nam
607 2737 763 2810 ercaztette,
795 2727 946 2815 clfoqatju
976 2731 1007 2793 e'e
1032 2730 1216 2796 tircokattot

549 2833 738 2920 mepfoaztja.

190 3015 373 3080 Lodovicus
390 3065 396 3076 .
413 3063 419 3077 .
437 3033 515 3076 rex.
533 3065 539 3077 .
556 3013 698 3096 prelatis,
710 3014 892 3094 baronibus,
903 3017 1084 3096 comitibus,
1100 3020 1214 3084 castel·

81 3124 174 3204 lanis,
190 3120 352 3186 nobilibus
369 3127 401 3184 et
416 3119 489 3184 aliis
506 3121 643 3186 cuiusvis
660 3122 827 3206 dignitatis
853 3131 885 3189 et
909 3126 1143 3208 preeminencie
1159 3127 1214 3191 ho·

81 3231 221 3295 minibus
238 3279 245 3293 .
262 3280 268 3292 .
287 3230 365 3312 quia
375 3229 544 3312 episcopus
555 3229 688 3294 ecclesie
699 3231 929 3298 Transsilrane
940 3240 1054 3298 contra
1069 3241 1215 3299 nostram

79 3340 285 3404 maiestatem
301 3338 334 3401 in
351 3341 463 3402 notam
478 3335 680 3402 infidelitatis
696 3339 810 3404 incidit
835 3341 1049 3423 manifestam,
1066 3342 1099 3405 in
1116 3363 1162 3420 eo,
1178 3349 1215 3407 ut

80 3469 138 3512 nos
154 3448 190 3510 in
206 3451 349 3510 castrum
366 3445 499 3510 ecclesie
515 3446 668 3528 predicte,
684 3469 782 3530 quam
797 3449 946 3514 videlicet
962 3449 1129 3514 ecclesiam
1144 3470 1215 3533 pre-

78 3556 263 3620 decessores
281 3555 383 3619 nostri
400 3554 476 3618 olim
499 3553 642 3619 illustres
666 3577 759 3639 reges
784 3556 956 3640 Hungarie
980 3557 1151 3622 beatarum
1166 3577 1215 3622 re-

78 3664 309 3729 cordacionum
326 3663 458 3728 summis
484 3663 575 3727 donis
602 3664 794 3747 dotaverint,
819 3666 1035 3730 intromittere
1061 3673 1093 3730 et
1116 3668 1215 3731 intro

77 3773 165 3836 mitti
191 3771 297 3836 facere
323 3771 543 3853 presumoione
567 3773 741 3837 temeraria
766 3774 933 3850 recusarit,
959 3771 1045 3855 quod
1060 3774 1094 3837 in
1111 3775 1215 3838 nostri

76 3880 160 3963 regii
178 3879 310 3944 honoris
327 3884 359 3942 et
376 3877 544 3959 dignitatis
560 3901 624 3943 non
648 3879 809 3946 modicum
834 3880 1063 3946 detrimentum
1087 3880 1214 3945 videtur

76 3987 271 4065 redundare,
304 3986 376 4050 ideo
411 3991 477 4050 tam
508 3987 631 4068 grande
663 3987 816 4052 delictum
847 3988 950 4070 ipsius
981 3987 1112 4070 impune
1143 4009 1214 4070 per-

76 4098 222 4160 transire
238 4096 397 4174 nolentes
424 4095 588 4176 magistris
604 4095 778 4161 Dominico
803 4097 888 4160 dicto
913 4095 1058 4160 Machina
1073 4095 1140 4160 filio
1155 4095 1180 4160 J
1182 4117 1214 4159 o·

75 4204 197 4268 hannis
214 4203 253 4266 de
270 4203 382 4287 Zolyo,
406 4201 500 4266 alteri
516 4203 687 4266 Dominico
702 4201 769 4268 filio
785 4202 915 4269 Nicolai
942 4204 982 4268 de
1008 4203 1115 4288 Ohaty
1131 4224 1214 4268 com-

74 4312 235 4392 misimuS,
261 4317 298 4376 ut
322 4309 459 4374 eundem
484 4310 685 4392 captivando,
711 4317 818 4376 nostre
844 4312 1010 4376 detineant
1034 4311 1214 4392 maiestati3

74 4420 170 4484 cuius
186 4419 318 4502 quidem
337 4424 454 4496 castra,
471 4419 696 4502 possessiones,
712 4419 784 4484 iura
794 4419 1080 4484 etuniversabona
1095 4419 1213 4501 ubique

74 4534 210 4610 reperta
228 4548 288 4610 pro
303 4525 395 4591 nobis
421 4527 623 4609 occupand03
651 4533 848 4610 quapropter
873 4527 1026 4592 fidelitati
1050 4533 1154 4592 vestre
1181 4533 1214 4591 et

73 4633 298 4718 quorumlibet
314 4640 495 4698 rostrorum
505 4633 597 4698 firmo
607 4633 711 4697 edicto
727 4634 816 4716 regio
827 4635 1038 4717 precipientes
1049 4636 1164 4700 damus
1179 4635 1213 4699 in

121 4767 279 4806 arronnonr
296 4757 468 4803 ousrlrrrtn.
486 4769 511 4803 v.
529 4760 624 4801 nbrnr.
1072 4765 1103 4812 22
