3192 5466
288 489 353 551 214
633 500 819 548 arrouuonr
834 485 1049 546 ouulnrrln,

286 689 355 730 rum
375 688 439 731 uno
455 665 496 730 ad
513 663 697 746 aquilonem
713 663 867 746 predictis
883 661 959 727 filiis
974 663 1122 746 magistri
1139 661 1276 744 Nicolai,
1296 662 1361 728 alia
1377 659 1423 725 ad

285 774 451 840 meridiem
468 773 663 858 sepedictam
679 773 912 856 possessionem
937 771 1125 856 Peteunyoh
1150 777 1304 854 separant
1319 777 1352 836 et
1368 771 1419 835 di-

286 885 451 967 stingunt3
467 881 506 946 de
524 880 641 963 quibus
667 880 901 965 progrediendo
917 880 950 944 in
968 880 1020 944 via
1036 879 1166 964 publiea
1190 901 1249 962 per
1266 900 1363 961 quam
1380 879 1424 945 de

286 993 417 1058 civitate
449 990 618 1074 Redegeer
649 995 837 1074 nuncupata
869 991 933 1055 itur
963 989 1005 1054 ad
1030 989 1286 1068 Murazombata,
1317 991 1423 1056 currit

287 1121 389 1182 usque
406 1099 447 1164 ad
464 1099 624 1180 quendam
650 1097 771 1163 fontem
787 1098 964 1182 vulgariter
977 1097 1120 1164 Soskuth
1136 1103 1291 1181 vooatam,
1308 1099 1365 1164 ubi
1381 1121 1422 1164 ex

287 1216 426 1289 utraque
451 1213 546 1290 parte
572 1205 714 1272 sirrsdem
738 1206 788 1270 vie
815 1212 891 1272 sunt
907 1206 968 1272 due
985 1213 1070 1272 mete
1086 1213 1180 1285 terre,
1196 1207 1235 1271 de
1252 1207 1370 1288 quibus
1387 1209 1423 1273 iu

288 1317 399 1382 eadem
416 1315 468 1380 via
486 1336 597 1380 versus
614 1315 769 1380 orientem
786 1316 865 1380 satis
883 1315 978 1398 longe
997 1315 1197 1400 procedendo
1213 1316 1360 1400 pervenit
1379 1318 1423 1382 ad

288 1424 449 1508 quoddam
465 1423 648 1508 virgultum,
664 1425 697 1488 in
714 1445 778 1508 quo
795 1424 928 1508 attingit
946 1425 1065 1490 iterato
1081 1447 1181 1490 unum
1196 1425 1364 1504 fossatum,
1387 1427 1423 1492 in

287 1530 530 1614 ouius'utroque
545 1532 647 1598 latere
665 1551 703 1596 ex
720 1539 858 1614 utraque
875 1539 969 1615 parte
986 1533 1085 1617 ipsius
1101 1533 1151 1597 vie
1167 1540 1242 1599 sunt
1257 1534 1320 1599 due
1336 1543 1423 1600 mete

288 1648 383 1718 terre,
399 1639 438 1704 de
456 1639 572 1721 quibus
588 1639 788 1723 prooedeudo
805 1640 871 1704 exit
883 1641 989 1723 ipsum
1006 1639 1180 1724 virgultum
1197 1641 1422 1720 adorientem,

288 1747 342 1813 ubi
359 1745 524 1812 infinibus
541 1747 606 1814 sive
622 1747 780 1812 lateribus
806 1735 948 1813 eiusdem
968 1747 1100 1832 virgulti
1117 1770 1155 1812 ex
1171 1754 1311 1831 utraque
1326 1757 1422 1834 parte

287 1855 387 1940 ipsius
403 1855 452 1919 vie
463 1855 608 1920 suntdue
618 1861 702 1920 mete
712 1861 811 1934 terre,
827 1855 996 1938 dequibus
1012 1857 1091 1922 satis
1107 1856 1202 1940 longe
1218 1858 1421 1942 procedendo

289 1965 435 2048 pervenit
451 1964 492 2030 ad
508 1965 624 2030 vadum
641 1965 706 2030 sive
725 1967 898 2030 transitum
914 1966 1092 2048 vulgariter
1108 1988 1172 2031 reu
1187 1968 1309 2033 dictum
1325 1989 1424 2052 super

289 2073 431 2156 predioto
447 2073 542 2138 fluvio
558 2071 786 2158 Atholohyoha
802 2073 900 2138 situm
916 2079 949 2139 et
965 2073 1146 2152 existentes,
1162 2075 1217 2139 ubi
1233 2083 1423 2158 exutraque

289 2188 383 2266 parte
398 2182 499 2264 ipsius
515 2182 586 2248 vadi
614 2189 689 2248 sunt
704 2183 766 2250 due
785 2189 869 2248 mete
889 2189 982 2262 terre,
1008 2183 1041 2246 in
1057 2188 1226 2264 terrasque
1242 2186 1348 2269 ipsum
1363 2184 1424 2250 llu-

290 2292 376 2356 vium
392 2287 619 2376 Atholohyoha
635 2297 782 2356 vooatnm
802 2290 908 2356 adhuc.
924 2291 965 2354 ad
982 2290 1116 2356 eandem
1141 2293 1273 2375 plagam
1290 2293 1423 2360 orientis

290 2401 324 2463 in
341 2404 448 2464 meatu
465 2399 607 2463 eiusdem
624 2400 726 2464 currit
742 2420 842 2482 usque
859 2401 900 2465 ad
916 2400 1056 2483 priorem
1080 2406 1208 2478 metam,
1234 2402 1290 2482 qui
1307 2401 1423 2468 fluvius

291 2505 518 2591 Atholohyoha
528 2506 569 2572 ad
580 2507 745 2572 meridiem
762 2515 972 2573 memoratam
989 2509 1221 2592 possessiouem
1234 2510 1422 2594 Peteunyoh

291 2622 325 2680 et
340 2615 381 2680 ad
398 2616 581 2697 aquilonem
607 2617 839 2700 possessionem
866 2617 1090 2683 Petrustelelre
1116 2618 1315 2683 nominatam
1332 2640 1424 2701 sepa·

291 2729 344 2790 rat
354 2731 387 2788 et
396 2724 551 2808 distingit,
566 2723 676 2804 ibique
692 2725 914 2798 terminantur.
925 2725 1050 2790 Datum
1060 2724 1184 2791 deoimo
1200 2725 1252 2790 die
1269 2727 1422 2790 statnoio-

292 2833 341 2896 nis
356 2837 532 2916 prenotate,
549 2852 632 2896 auno
649 2830 769 2896 domini
785 2831 837 2895 M⁰
861 2831 959 2899 000ο
983 2831 1151 2930 XXXX⁰
1175 2838 1297 2897 ootavo.

320 2991 322 2994 ·
399 2978 425 3027 Κ
436 2978 445 3028 i
456 2995 472 3027 v
483 2981 500 3026 a
511 2979 533 3026 l:
547 2978 666 3026 Domino
679 2978 738 3043 regi
750 2993 800 3041 pro
814 2979 953 3043 nragistris
963 2979 1092 3028 dohanne
1104 2978 1162 3028 filio
1173 2978 1295 3028 Ladislai
1310 2985 1338 3028 et
1351 2981 1428 3028 Lan·

294 3068 385 3116 reneio
400 3067 459 3117 filio
475 3067 609 3130 Stephani
622 3067 655 3116 de
668 3066 778 3116 Nadasd
792 3081 873 3131 super·
886 3068 1054 3130 possessione
1067 3069 1191 3118 Petouolr
1204 3069 1362 3118 stat-uteris.

400 3155 540 3221 Eredetije
554 3172 570 3206 a
582 3171 696 3222 magyar
708 3157 835 3207 Nemzeti
847 3160 978 3208 Muzeurn
990 3156 1221 3221 kdnyvtr'rrabum
1236 3158 1362 3208 ztrlatan
1378 3160 1429 3208 ke·

292 3247 342 3296 rek
355 3246 446 3310 pec-set
459 3245 713 3308 maradvdnyaival.
727 3238 752 3295 A'
765 3247 799 3296 N.
811 3249 978 3298 Muzeumba
991 3263 1007 3296 a
1021 3262 1061 3312 gr.
1075 3246 1205 3310 Nadasdy
1219 3263 1255 3298 os.
1269 3249 1429 3311 olpusatult.

294 3337 437 3387 a-lendvai
447 3337 629 3388 leveltr'rrtbdl
639 3339 731 3388 kerttlt
742 3338 838 3388 Gdzon
848 3340 920 3390 Imrs
932 3339 1221 3404 Szentgydrgyvdlgyi
1231 3339 1321 3389 tanltd
1331 3340 1428 3404 utjr'rn.

294 3426 416 3476 Husonld
427 3427 548 3476 metalis:
569 3429 683 3476 sontebb
696 3433 738 3477 48.
753 3443 789 3476 sz.
803 3443 827 3476 a.
848 3427 938 3477 aovin
952 3427 1007 3476 kiv.
1027 3426 1154 3490 Fejernel
1168 3427 1204 3477 id.
1225 3444 1260 3478 nr.
1275 3429 1324 3478 IX.
1342 3435 1364 3478 7.
1382 3435 1429 3479 91,

822 3809 895 3868 102.

302 3969 391 4031 1348.
415 3967 479 4050 jul.
497 3967 549 4029 21.
577 3966 890 4051 Asze'loesfelrdrrdri
906 3963 1147 4052 triptoloa'eldtt
1171 3967 1325 4049 Elia'sfia
1345 3968 1431 4034 Ger-

295 4077 376 4161 pely,
394 4075 480 4160 igari
504 4073 650 4158 besenpd,
686 4075 772 4159 iperi
796 4074 993 4138 dirtolere'sze't
1018 4076 1117 4160 Ipoclv
1132 4075 1250 4156 ,aanor
1278 4075 1433 4140 Beldrrek

586 4181 667 4247 docui
681 4205 783 4245 perires
800 4181 987 4268 beseagdaelt
1004 4180 1118 4266 elodja.

404 4343 592 4429 Capitulum
617 4345 748 4410 ecclesie
773 4341 927 4408 Albensis
953 4345 1099 4410 omnibus
1125 4393 1155 4408 ..
1181 4343 1328 4408 volumus
1354 4366 1434 4428 per-

297 4454 412 4530 venire,
439 4452 523 4534 quod
541 4451 720 4538 Gregorius
737 4453 884 4518 bissenus
909 4450 994 4518 filius
1010 4451 1084 4518 Elio
1102 4451 1218 4518 nobilis
1234 4451 1274 4517 de
1289 4451 1368 4536 Igor
1384 4453 1435 4518 ab

298 4583 371 4643 uua,
387 4561 464 4625 item
480 4560 568 4626 Beke
583 4560 673 4645 pugil
688 4559 772 4626 filius
788 4560 891 4643 Ipooh
917 4559 1065 4625 similiter
1090 4560 1236 4626 bissenus
1253 4558 1369 4624 nobilis
1386 4559 1435 4626 de

297 4669 387 4734 Booh
404 4673 496 4753 parte
513 4668 553 4733 ab
569 4668 672 4734 altera
688 4690 795 4735 eoram
817 4667 908 4733 nobis
933 4669 1148 4751 personaliter
1173 4667 1352 4749 constituti,
1368 4689 1436 4751 per
