3180 5470
379 476 443 536 370
728 492 915 536 rurouuour
931 478 1147 536 ounrlrrrlu.

370 653 621 718 communientes
637 674 694 718 seu
710 652 961 720 corroborantes.
978 653 1103 741 Datum
1119 655 1152 718 in
1172 652 1255 718 festo
1269 651 1357 719 beati
1369 651 1503 736 Georgii

370 761 522 839 martiris
549 781 633 825 anno
650 761 770 826 domini
791 763 865 828 ΜῘῃο
881 759 1003 829 000ῐῃο
1020 762 1296 846 quinquagesimo.

477 925 502 973 A
515 925 593 988 gydri
605 924 795 987 ktptalannak
807 939 971 989 ugyanazou
985 925 1028 974 evi
1041 927 1138 989 aprilis
1160 925 1196 975 1ιὸ
1212 925 1293 975 24-έι]
1317 925 1375 976 kelt
1390 927 1502 976 tritara-

368 1012 423 1078 ool,
443 1015 517 1076 ruely
542 1029 786 1079 megranazorsz.
812 1016 843 1063 lt.
867 1015 966 1064 kincst.
992 1021 1059 1066 oszt.
1078 1017 1111 1064 N.
1127 1018 1158 1084 R.
1173 1017 1280 1068 Α.497.
1296 1017 1419 1080 20.ᾱίρ].
1434 1022 1500 1066 oszt.

343 1127 344 1131 =
369 1109 447 1154 4122.
468 1105 565 1153 Kozli:
587 1105 694 1154 Koraos
706 1106 740 1154 N.

847 1251 924 1256 .,.-.
943 1251 1007 1258 -,..-

894 1415 969 1477 221.

326 1535 329 1538 Ι
372 1577 464 1640 1350.
482 1575 590 1654 Bada,
606 1597 674 1660 apr.
692 1573 743 1636 27.
774 1574 890 1638 Tameia
906 1574 1236 1660 orazdgbtrd,Mihdly
1247 1575 1301 1657 fia
1325 1576 1499 1642 Maron-s

369 1683 437 1747 rulo
459 1682 579 1746 Turo'oa
594 1683 776 1767 odrmepyei
790 1681 1023 1746 kdzreudbeh’ek
1039 1681 1203 1762 atlantiaco,
1220 1680 1276 1746 tile
1291 1685 1397 1748 hamis
1422 1686 1498 1748 otle-

366 1791 481 1854 oeleket
498 1791 665 1856 mattulcut
672 1789 738 1876 fel,
755 1789 930 1855 Sorouioha
945 1798 1021 1852 uenit
1044 1789 1162 1854 Turo‘cz
1173 1793 1353 1878 vdrrucpyei
1370 1792 1499 1856 birtolrot
1571 1783 1572 1800 ¹

781 1921 802 1962 a
819 1898 991 1982 birdlpank
1006 1898 1084 1962 itali.

473 2062 588 2128 Litora
606 2061 729 2126 Thome
753 2060 868 2124 iudicis
894 2059 981 2126 curie
1001 2059 1155 2126 Lodovioi
1171 2061 1257 2144 regis
1277 2060 1495 2146 privilegialis,

365 2168 468 2246 Bude,
494 2176 610 2250 quarto
641 2168 692 2234 die
717 2167 791 2232 sesti
815 2167 902 2232 beati
934 2164 1067 2250 Georgii
1093 2168 1245 2246 martiris,
1262 2189 1347 2233 anno
1380 2169 1496 2235 domini

366 2276 417 2342 Μ0
445 2277 670 2342 trecentesimo
697 2276 964 2360 quiuquagesimo
981 2275 1068 2340 edita
1084 2274 1296 2341 decantabat:
1324 2277 1496 2359 quodcum

366 2385 512 2450 dominus
529 2406 584 2450 rex
601 2384 780 2451 Lodovious
796 2385 977 2469 percipiens
994 2383 1150 2467 quosdam
1165 2385 1311 2450 homines
1327 2387 1495 2470 populares
1571 2401 1572 2416 ¹

368 2517 424 2560 seu
439 2495 577 2559 rusticos
604 2493 662 2560 sub
678 2495 805 2559 nomine
828 2493 982 2558 nobilium
1007 2499 1129 2559 terram
1154 2493 1296 2577 regalem
1321 2494 1495 2562 Sorouioha

366 2613 521 2670 vocatam*
537 2607 629 2670 iuxta
659 2603 790 2669 fluvium
816 2603 936 2669 Macha
951 2604 984 2668 in
1002 2655 1008 2669 .
1026 2653 1032 2666 .
1056 2603 1211 2668 comitatu
1227 2603 1266 2669 de
1284 2603 1415 2670 Turoch
1431 2606 1491 2670 eui-

365 2717 503 2776 stentem
514 2734 553 2776 ex
563 2713 671 2778 multis
685 2711 883 2797 temporibus
894 2719 1082 2795 occupatam
1092 2711 1277 2789 detinuisse,
1286 2712 1391 2796 ipsum
1401 2713 1495 2778 eomi-

365 2825 429 2884 tem
447 2819 606 2886 Thomam
622 2821 662 2886 ad
680 2822 867 2904 exequenda
892 2819 964 2886 iura
989 2820 1090 2905 ipsius
1116 2841 1175 2885 sua
1200 2821 1290 2903 regia
1311 2821 1345 2885 in
1360 2842 1494 2905 persona

350 2925 578 2994 ¹mediantibus
595 2951 651 2994 sue
666 2931 846 2994 maiestatis
871 2929 984 3006 literis,
1011 2929 1154 3011 generali
1174 2930 1424 3012 congregacione
1440 2951 1492 2993 no-

363 3033 477 3100 bilium
493 3041 526 3102 et
537 3037 756 3118 quorumlibet
765 3038 932 3102 hominum
942 3039 1113 3102 comitatus
1124 3035 1163 3100 de
1175 3036 1329 3102 Thuroch
1339 3038 1372 3102 in
1383 3037 1492 3102 leriam

364 3142 510 3224 quintam
545 3147 724 3228 proximam
759 3151 835 3210 ante
867 3145 1060 3210 dominicam
1091 3144 1388 3229 Ramispalmarum
1419 3151 1492 3209 tunc
1571 3167 1572 3184 ι

363 3252 551 3332 preteritum
562 3253 596 3317 in
612 3253 774 3318 civitatem
790 3253 932 3336 regalem
947 3253 1184 3317 Zenthmarton
1211 3254 1415 3338 promulgata
1439 3252 1492 3316 de·

366 3359 525 3438 stinesset,
541 3361 672 3426 tandem
688 3363 722 3426 iu
738 3361 925 3445 prescriptis
940 3361 1010 3425 loco
1021 3365 1054 3424 et
1064 3360 1114 3424 die
1124 3360 1225 3443 ipsius
1236 3361 1491 3444 congregacionis

362 3465 504 3531 Michael
529 3465 615 3532 filius
640 3469 787 3546 Martini,
812 3467 912 3551 Myko
937 3468 1022 3533 filius
1048 3467 1215 3551 Stephani,
1238 3467 1384 3533 Joauues
1406 3467 1491 3532 filius

363 3572 510 3652 Thuben,
526 3575 660 3660 Myklen
676 3575 762 3641 filius
773 3573 938 3660 Stephani,
948 3575 1134 3642 Demetrius
1151 3574 1236 3640 filius
1247 3572 1348 3652 Galli,
1363 3575 1492 3641 Zuthlra
1571 3563 1572 3636 ζ

363 3678 448 3747 filius
464 3683 564 3762 Poha,
581 3685 704 3749 Paulus
721 3684 806 3750 filius
830 3684 978 3762 Joanuis,
988 3683 1112 3749 Paulus
1128 3681 1213 3748 filius
1223 3683 1362 3762 Nicolai,
1371 3684 1395 3748 J
1396 3685 1492 3749 ohan·

361 3813 416 3856 nes
432 3793 517 3859 filius
534 3792 676 3874 Audies,
701 3794 857 3861 Nicolaus
884 3793 968 3859 filius
994 3793 1149 3876 Stephani
1171 3800 1205 3858 et
1229 3794 1374 3859 Michael
1396 3813 1492 3878 gener

360 3899 502 3984 Andree,
522 3903 562 3966 de
578 3903 694 3985 quibus
710 3905 801 3968 iuxta
826 3903 931 3986 ipsum
951 3903 1076 3985 regium
1101 3901 1240 3967 edietum
1257 3903 1291 3966 in
1308 3901 1391 3968 facto
1405 3901 1493 3966 dicte
1571 3887 1572 3912 ³

361 4013 447 4071 terre
471 4009 590 4092 regalis
615 4010 793 4074 Sorouioha
816 4011 1030 4075 instrumenta
1055 4015 1088 4073 et
1111 4009 1256 4074 raciones
1282 4009 1397 4092 quibus
1417 4029 1495 4074 eam
1571 4071 1572 4096 ἢ

360 4117 584 4200 possedissent,
596 4118 664 4200 ipse
676 4139 781 4184 eomes
797 4117 940 4184 Thomas
956 4139 1063 4182 eoram
1080 4117 1149 4201 ipso
1165 4119 1348 4200 presentari
1365 4118 1494 4202 potiris·

361 4227 418 4300 set,
434 4224 655 4290 exhibuissent
671 4233 751 4310 quat
753 4249 811 4292 uor
826 4227 937 4292 literas
954 4246 1092 4309 quarum
1104 4224 1193 4290 nulla
1209 4247 1331 4290 annum
1347 4245 1399 4290 sue
1412 4222 1497 4288 [late

361 4331 547 4414 etquedam
564 4331 750 4397 earumdem
767 4333 882 4397 saltem
900 4333 984 4397 diem
1010 4353 1066 4398 sue
1088 4332 1305 4398 emanacionis
1321 4331 1496 4398 coutinuis-

360 4444 433 4502 seut
434 4459 491 4517 ,ex
507 4439 622 4522 quibus
633 4439 914 4525 dueclauseprius
925 4441 1062 4506 existent
1063 4445 1146 4505 eset
1132 4440 1290 4506 triennum
1306 4441 1413 4516 abciso,
1433 4439 1499 4504 sed

358 4565 416 4628 per
433 4542 557 4631 (quem)
575 4546 712 4614 fuissent
727 4549 860 4628 abscise,
871 4570 929 4614 nec
944 4550 978 4613 in
994 4571 1028 4614 se
1044 4550 1146 4614 necin
1157 4549 1229 4614 aliis
1245 4549 1285 4613 lit
1271 4549 1348 4614 teris
1363 4567 1417 4613 neo
1429 4569 1499 4631 per

307 4709 312 4718 .
359 4655 635 4738 consignaeionem
652 4659 759 4742 capite
771 4658 869 4742 sigilli
886 4659 1024 4724 cuiusvis
1043 4679 1178 4741 persone
1194 4659 1400 4735 denotassent,
1425 4677 1500 4738 que
