3180 5470
564 522 658 585 1351.
676 543 745 585 nen.
764 526 792 585 3.
1174 527 1237 588 441

107 702 293 768 ulteriorem
309 703 483 769 terminum
509 701 631 784 absque
650 700 772 767 efficaci
788 702 925 782 racione,
941 725 999 788 per
1015 725 1072 768 nos
1090 703 1151 769 sibi
1166 703 1238 770 dari

107 809 327 895 postularant3
353 810 437 876 unde
462 831 519 874 uos
545 809 665 875 auditis
681 810 741 891 his,
767 811 1038 892 commiseramus
1058 812 1144 894 quod
1169 834 1239 895 pre·

107 919 183 985 dicti
208 917 365 983 Nicolaus
401 917 563 1001 Georgius
588 922 621 982 et
647 916 782 984 Oozmas
808 917 1010 1002 preallegata
1035 941 1094 984 sua
1120 919 1239 984 instru-

106 1032 215 1091 menta
229 1047 303 1091 cum
329 1027 447 1093 iudicio
473 1027 570 1092 trium
596 1047 779 1092 marcarum
796 1033 870 1091 ante
887 1026 954 1092 litis
970 1027 1151 1110 ingressum
1167 1049 1238 1111 per-

106 1135 265 1214 solvendo,
280 1135 426 1218 prelatus
443 1156 517 1200 vero
534 1134 725 1200 Dominicus
747 1141 836 1201 actor
860 1135 982 1216 absque
999 1136 1109 1217 aliquo
1126 1157 1239 1220 grava-

106 1247 199 1324 mine,
215 1243 366 1310 similiter
390 1243 593 1326 preallegeta
611 1265 670 1310 sua
689 1244 906 1309 instrumenta
922 1245 956 1308 in
972 1245 1022 1308 die
1039 1245 1136 1311 medii
1152 1243 1240 1328 Qua-

105 1352 287 1436 dragesime
305 1359 382 1418 tunc
393 1358 537 1431 venture,
548 1352 670 1418 scilicet
680 1352 761 1418 feria
772 1359 899 1436 quarta,
911 1374 1019 1417 coram
1036 1352 1129 1418 nobis
1145 1352 1238 1417 debe·

105 1466 177 1524 rent
208 1460 377 1540 exhibere3
408 1461 604 1541 tandemque
636 1461 747 1524 eodem
773 1460 825 1525 die
853 1459 950 1525 medii
983 1458 1242 1544 Quadragesime·

105 1576 303 1648 occurrente,
331 1569 477 1654 prefatus
508 1569 722 1635 Dominious.
745 1621 751 1634 .
778 1570 992 1652 personaliter
1023 1569 1065 1634 ab
1097 1591 1169 1648 nna,
1202 1591 1239 1634 ao

106 1678 276 1761 prescripti
295 1676 451 1743 Nicolaus
472 1683 504 1742 et
520 1674 682 1761 Georgius
705 1729 711 1740 .
737 1728 743 1741 .
775 1683 808 1742 et
833 1675 968 1742 Ooamas
994 1676 1143 1742 similiter
1168 1698 1238 1760 per·

105 1785 260 1850 sonaliter
285 1791 377 1869 parte
399 1784 440 1850 ab
456 1785 560 1850 altera
590 1786 631 1851 ad
647 1790 791 1850 nostram
816 1785 1004 1850 accedentes
1030 1787 1239 1870 presenciam,

105 1894 208 1975 primo
224 1893 322 1958 iidem
337 1891 493 1958 Nicotaus
519 1893 625 1958 dictus
642 1892 786 1976 Ohynige
803 1899 836 1958 et
852 1890 1014 1975 Georgius
1034 1893 1136 1958 frater
1163 1916 1239 1959 suus

105 2001 263 2080 quasdam
281 2009 346 2066 tres
363 2002 484 2079 literas,
502 1995 582 2066 duas
599 2001 747 2066 videlicet
766 2002 915 2084 magistri
934 2001 1087 2068 Villermi
1112 2003 1238 2067 comitis

103 2110 141 2173 de
154 2108 282 2192 Scepns
299 2117 331 2174 et
346 2109 385 2175 de
396 2109 519 2194 Vyuar‚
530 2110 640 2176 ambas
658 2110 691 2174 in
702 2131 785 2174 anno
801 2109 923 2174 domini
936 2107 1011 2174 Μῐῃο
1023 2107 1144 2176 OOO¹¹¹⁰
1154 2112 1238 2194 rige·

104 2217 185 2281 simo
202 2224 315 2282 octavo
335 2224 485 2300 patenter
509 2216 677 2297 confectas,
694 2239 732 2282 ao
747 2239 845 2282 unam
861 2217 996 2301 capituli
1014 2215 1146 2282 ecclesie
1163 2215 1236 2283 Sce-

103 2325 266 2407 pusiensis
292 2325 443 2404 clausam,
460 2327 493 2390 in
510 2347 593 2391 anno
610 2325 730 2390 domini
748 2326 821 2392 Mmo
833 2323 1115 2408 OOO¹¹¹⁰rigesim0
1135 2327 1239 2408 primo

104 2433 284 2498 confectam
299 2431 390 2497 nobie
417 2432 666 2513 demonstravit;
692 2434 725 2497 in
750 2454 888 2516 quarum
913 2433 1008 2497 unius
1034 2432 1156 2497 scilicet
1172 2454 1238 2497 ma-

103 2541 199 2623 gistri
215 2541 382 2606 Willermi
397 2541 490 2606 litere
507 2547 618 2606 tenore
635 2563 783 2625 expresse
800 2541 938 2606 vidimus
954 2542 1129 2606 contineri:
1153 2542 1239 2624 qnod

103 2671 177 2713 cnm
194 2649 228 2713 in
244 2648 386 2733 quadam
402 2651 653 2733 congregacione
673 2650 823 2729 eiusdem,
840 2649 920 2714 feria
936 2649 1077 2714 secunda
1093 2649 1239 2732 proxima

103 2765 178 2842 post
188 2760 383 2825 dominicam
394 2758 497 2839 Oculi,
508 2781 580 2825 cum
590 2761 747 2826 universis
759 2759 921 2825 nobilibus
932 2755 1239 2824 comitatusGumur

103 2869 137 2932 in
153 2867 234 2932 villa
244 2864 373 2933 Gumnr
383 2867 478 2948 lacta,
489 2869 623 2936 Oozmas
633 2867 718 2934 filius
728 2867 895 2934 Harbordi
910 2867 948 2932 de
966 2888 1082 2952 genere
1097 2866 1237 2950 Zagrah,

102 2981 218 3042 contra
229 2977 252 3041 J
254 2976 414 3042 ohannem
431 2975 533 3041 filium
549 2976 648 3042 Isaalr
664 2977 703 3042 de
720 2975 830 3042 eodem
848 2995 963 3059 genere
980 2975 1091 3040 ordine
1107 2973 1238 3040 iudicia-

103 3085 153 3148 rio
172 3105 281 3148 coram
308 3083 419 3148 eodem
435 3083 591 3167 magistro
606 3081 779 3148 Willermo
804 3081 965 3148 convictus
982 3081 1150 3159 extitisset,
1167 3103 1239 3166 por·

102 3192 278 3274 cionesque
293 3193 562 3275 possessionarias
580 3194 612 3256 in
629 3190 883 3275 possessionibus
904 3190 1055 3275 Haripnn
1080 3191 1238 3272 superiori

101 3309 133 3364 et
150 3299 307 3377 inferiori,
323 3299 431 3378 Kezw,
445 3298 576 3364 Recblre
594 3305 625 3364 et
642 3297 768 3382 Appati
784 3299 905 3364 vocatis
922 3298 1051 3364 habitas
1068 3299 1237 3376 amisisset,

100 3408 237 3474 tandem
254 3429 359 3473 comes
384 3407 540 3474 Nicolans
566 3407 651 3474 filins
667 3409 692 3474 J
693 3409 830 3473 ohannis
847 3409 886 3474 de
902 3407 1018 3473 Malak
1033 3408 1138 3473 dictus
1155 3409 1238 3491 Chy-

99 3538 186 3601 nege
211 3537 408 3598 consurgens
433 3517 574 3595 dixisset,
599 3516 684 3600 quod
710 3537 749 3580 ex
773 3515 858 3582 bona
884 3516 1051 3582 voluntate
1076 3515 1238 3580 Johannis

99 3626 161 3691 filii
183 3625 283 3691 Isaalr
309 3629 342 3689 et
366 3632 480 3690 mutua
505 3625 713 3709 obligacione,
729 3625 933 3709 supradictas
960 3625 1173 3708 possessiones
1199 3625 1238 3689 de

99 3735 180 3800 filiis
204 3733 354 3816 magistri
380 3732 489 3798 Deseu
514 3733 740 3817 potencialiter
766 3733 995 3811 detentoribus,
1021 3731 1148 3798 iusticia
1174 3755 1238 3797 me-

99 3845 215 3910 diante
233 3842 475 3925 requisivisset.
492 3892 498 3906 .
516 3847 549 3906 et
565 3863 662 3927 super
678 3843 738 3907 hoc
758 3844 975 3907 instrumenta
991 3840 1188 3907 sufficiencia
1204 3861 1238 3906 se

98 3951 225 4016 habere
253 3949 433 4033 allegasset,
451 3951 532 4015 etin
551 3950 687 4015 instanti
713 3949 909 4015 exhibuisset
934 3949 1088 4032 magistro
1105 3948 1238 4014 willer-

99 4082 173 4126 mo.
194 4111 201 4125 .
226 4059 357 4125 literas.
377 4107 383 4122 .
408 4055 544 4143 capituli
564 4059 772 4143 Scepsiensis,
788 4059 821 4124 in
839 4057 955 4140 quibus
974 4059 1059 4124 idem
1084 4060 1238 4142 magister

99 4167 299 4234 Willcrmus
319 4167 452 4233 vidisset
476 4169 643 4248 contineri,
663 4168 748 4251 quod
774 4189 858 4233 anno
884 4173 961 4233 tnnc
980 4166 1116 4250 septimo
1133 4171 1237 4232 trans·

98 4283 186 4358 aete,
211 4275 349 4359 predicti
377 4273 532 4341 Nicoleus
558 4282 590 4342 et
615 4275 783 4342 Johannes
816 4295 924 4341 coram
956 4275 1066 4340 eodem
1096 4275 1238 4360 capitulo

98 4383 321 4469 personaliter
340 4389 570 4467 comparentes,
587 4383 658 4468 pari
675 4385 841 4449 voluntate
858 4389 891 4447 et
904 4381 1109 4449 ordinacione
1125 4383 1238 4448 taliter

98 4495 192 4558 inter
209 4513 243 4557 se
259 4493 292 4556 in
309 4491 444 4557 invicem
461 4492 667 4576 obligassent,
684 4492 769 4575 quod
786 4492 813 4556 si
834 4490 996 4576 predictas
1021 4492 1237 4575 possessiones

99 4603 237 4667 racione
257 4602 476 4684 generacionis
502 4601 621 4666 eisdem
647 4603 823 4667 attinentes
850 4601 1013 4665 communi
1043 4620 1182 4684 expensa
1206 4607 1239 4666 et

99 4709 270 4776 adiutorio
287 4729 306 4775 a
322 4707 545 4776 detentoribus
571 4709 756 4776 earumdem
785 4707 896 4777 ordine
922 4707 1089 4776 iudiciario
1109 4715 1240 4796 possent
