3180 5470
505 524 598 586 1351.
617 545 710 586 naar.
729 526 779 586 21.
1136 529 1200 588 435

172 701 302 766 Paplron,
316 700 444 752 zdrlatdn
458 701 549 766 penset
571 703 749 766 nyomaival;
773 701 902 767 eredatije
921 717 936 752 a
950 704 1047 753 Nemz.
1060 706 1202 756 Muzeum·

87 795 129 842 bon
139 807 153 841 a
165 791 263 842 Sbvari
277 793 344 843 Βοός
357 807 392 842 cs.
406 793 553 857 lttraban3
577 797 714 858 ugyanott
733 793 812 842 orzik
835 793 936 842 Tamis
959 793 1116 860 ornnbgblro
1134 801 1199 846 1351

88 883 121 931 evi
131 882 272 947 oklevalet,
285 885 359 945 mely
372 883 476 932 suerint
493 883 603 946 Lonyai
615 885 706 933 Jakab
719 884 755 932 fla
769 882 872 933 Mikros
885 884 952 932 kbzt
974 899 1021 933 »ac
1034 885 1107 936 inter
1130 886 1204 936 Tho-

87 987 145 1021 nmm
155 972 319 1022 Michaelem
332 979 360 1022 st
373 973 534 1024 Ladislaum
547 974 618 1024 filios
629 973 752 1024 Ladislsi
764 973 797 1022 de
813 973 941 1022 Soechei«
957 974 1090 1037 bizonyos
1111 977 1205 1026 hatar-

88 1063 146 1125 jtra'a
158 1062 238 1112 miatt
253 1077 302 1125 per
316 1065 374 1112 volt
389 1064 590 1126 folyamatban.

88 1585 164 1646 1351.
198 1585 333 1664 l'aoodr,
360 1597 453 1650 aiam.
479 1587 530 1649 21.
568 1586 631 1650 Vos
654 1591 819 1673 acirmeyye
844 1587 1005 1673 aliopdnjo
1032 1591 1062 1652 e‘s
1087 1587 1203 1674 azolga-

84 1693 155 1756 boat
191 1717 229 1756 aa
271 1696 414 1779 egerardri
451 1694 626 1803 baidrboa'
647 1719 703 1782 epp
741 1695 835 1760 szdllb'
873 1695 1011 1760 birtolcdt
1046 1697 1206 1779 Epomeiri

86 1801 200 1864 ,aalma
222 1803 290 1883 fici
320 1803 571 1890 beleepyeze‘se'oel
595 1805 756 1868 Arotkozi
788 1804 963 1868 Lo'szldaalc
989 1807 1020 1868 ds
1045 1805 1202 1868 Benedele-

543 1913 601 1974 aeli·
631 1911 728 1976 e'te'lik.

176 2107 247 2173 Nos
273 2109 428 2190 magister
453 2107 609 2174 Nicolaus
634 2109 809 2173 vicecomes
834 2109 982 2192 magistri
1007 2111 1203 2194 Wolphardi

81 2217 194 2282 comitis
221 2215 428 2282 Castriferrei
453 2237 491 2280 ac
516 2216 636 2282 iudices
668 2215 826 2282 nobilium
856 2219 1028 2284 comitatus
1060 2219 1202 2285 eiusdem

79 2325 220 2390 memorie
246 2323 516 2402 commendamus,
535 2323 621 2407 quod
646 2345 719 2388 oum
743 2323 917 2390 Ladislaus
943 2325 1029 2390 filius
1054 2326 1146 2392 Petri
1162 2327 1202 2392 de

78 2430 226 2498 Aruklruz
242 2434 276 2498 in
293 2455 360 2512 sua,
377 2439 410 2497 et
425 2432 595 2498 Benedicti
619 2430 676 2496 filii
692 2429 825 2496 Andree
850 2432 962 2498 fratris
978 2434 1027 2498 sui
1044 2435 1201 2517 patruelis

77 2543 211 2622 personis
228 2542 271 2607 ad
287 2547 434 2608 nostram
461 2541 589 2605 veniens
613 2541 813 2624 presenciam
838 2540 930 2605 nobis
955 2541 1097 2620 dixisset,
1114 2543 1200 2624 qnod

75 2649 130 2730 ipsi
158 2651 326 2731 quandam
351 2651 477 2714 vineam
502 2650 535 2713 in
554 2649 719 2714 territorio
743 2650 951 2732 possessionis
970 2650 1200 2732 magistrorum

76 2755 230 2823 ,lobannis
256 2763 290 2823 et
309 2756 480 2823 Michaelis
505 2756 645 2822 filiorum
672 2756 823 2842 Kalmyri
849 2758 1004 2841 Eguruar
1028 2763 1150 2835 vocate,
1165 2757 1198 2822 in

74 2865 130 2930 isto
146 2867 304 2931 comitatu
314 2865 520 2934 Castriferrei
536 2865 705 2931 existentis
715 2865 869 2948 habitam,
881 2887 900 2930 a
910 2865 1053 2949 predicto
1065 2864 1201 2932 Andrea

75 2974 145 3056 ipsis
161 2975 356 3054 devolutam,
370 2995 430 3060 per
445 2974 605 3040 hominem
622 2975 806 3040 eorumdem
829 2977 1059 3058 magistrorum
1076 2975 1102 3042 J
1103 2976 1201 3041 ohan·

72 3082 117 3146 nis
133 3089 165 3146 et
181 3081 355 3148 Michaelis
372 3085 500 3148 nomine
518 3083 599 3148 iuris
625 3084 767 3166 ipsorum
792 3083 903 3148 ordine
929 3083 1097 3148 iudiciario
1115 3105 1202 3148 reca-

71 3191 256 3272 ptivassent,
274 3191 477 3276 quodamque
493 3191 603 3274 puella
619 3191 687 3256 filia
703 3190 853 3257 videlicet
868 3191 965 3256 Pauli
981 3190 1039 3256 filii
1056 3191 1202 3275 Bagdan,

70 3299 194 3365 invilla
210 3299 598 3365 Zenthleurenchvocata
623 3321 832 3378 commorans,
849 3299 983 3364 eandem
1000 3299 1126 3364 vineam
1143 3321 1201 3384 per

69 3409 230 3489 predictos
254 3409 390 3492 Bogdan
417 3429 512 3473 avum
537 3414 570 3472 ct
595 3409 736 3473 Paulum
761 3414 888 3492 patrem
914 3429 1033 3491 suos,a
1057 3408 1203 3492 predicto

68 3517 204 3584 Andrea
220 3518 319 3583 titulo
336 3517 487 3582 emciouis
504 3522 724 3600 comparatam
744 3517 851 3600 previe
868 3515 1051 3600 allegasset,
1067 3519 1202 3600 ipsaque

67 3646 164 3690 causa
191 3647 301 3692 coram
328 3625 448 3690 eisdem
474 3625 639 3707 magistris
656 3625 808 3708 Johanne
834 3630 866 3689 et
888 3623 1051 3690 Michaele
1077 3623 1202 3690 diucius

67 3732 178 3800 suisset
194 3733 353 3799 ventilata
363 3734 448 3797 inter
459 3738 577 3815 partes,
589 3739 620 3798 et
629 3733 775 3815 predicta
784 3733 894 3816 puella
904 3731 1028 3797 nullam
1039 3735 1202 3798 racionem

65 3842 229 3908 efficacem
245 3843 331 3907 dicte
357 3841 508 3906 emcionis
524 3841 645 3924 pluries
661 3841 818 3923 requisita
842 3841 1000 3923 potuisset
1025 3841 1201 3924 assignare,

65 3951 118 4015 sed
135 3952 245 4016 solum
262 3951 331 4014 sine
350 3951 478 4014 racione
497 3947 618 4013 efficaci
644 3949 778 4016 eandem
805 3969 992 4014 conservare
1018 3955 1200 4027 conaretur,

64 4079 186 4142 nosque
205 4057 248 4123 ad
264 4057 395 4164 finalem
420 4063 452 4121 et
467 4057 652 4122 ultimatam
678 4057 909 4122 discussionem
935 4056 1078 4122 eiusdem
1104 4079 1200 4123 cause

64 4167 238 4234 ridendam
255 4173 288 4230 et
303 4164 506 4260 audiendam,
517 4165 559 4230 ad
575 4165 766 4248 peticionem
783 4165 925 4232 eiusdem
938 4187 1038 4230 unum
1052 4164 1201 4245 exnobiS,

61 4277 186 4341 scilicet
213 4275 365 4340 comitem
390 4270 513 4338 Sekkul
547 4273 744 4339 misissemus
760 4274 802 4339 ad
817 4275 975 4359 premissa
1001 4273 1198 4356 exequenda,

60 4383 194 4450 demum
215 4383 303 4448 idem
327 4401 432 4446 comes
458 4381 581 4448 Sekkul
600 4381 642 4445 ad
659 4404 717 4448 nos
742 4403 897 4459 reversus,
914 4381 1006 4446 nobis
1032 4380 1146 4446 retulit
1162 4403 1199 4446 eo

60 4492 162 4571 modo,
181 4490 274 4575 qnod
299 4489 367 4573 ipse
393 4489 527 4554 sabbam
548 4490 599 4554 die
614 4491 760 4574 proximo
778 4496 855 4554 ante
881 4489 1074 4554 dominicam
1091 4489 1201 4554 Remi-

58 4607 186 4670 niscere
213 4598 257 4663 ad
274 4597 454 4680 predictam
479 4599 589 4664 villam
614 4598 769 4681 Eguruar
794 4599 982 4663 accessisset
1007 4599 1048 4664 ad
1072 4595 1201 4662 finalem

58 4713 300 4780 discussionem
317 4731 413 4776 cause
437 4717 604 4795 prenotate
627 4709 830 4788 audiendam,
846 4708 980 4791 prelatis
997 4707 1152 4773 Ladislao
1169 4712 1202 4771 et

1042 4833 1093 4884 aa*
