3188 5476
360 562 424 622 634
707 577 893 622 aruouuonr
910 565 1124 623 ouuturrtu.

358 746 424 806 ster
440 739 571 804 Blasius
588 737 692 802 socius
718 743 749 802 et
775 739 1009 804 concanonicus
1024 748 1134 806 noster
1158 742 1193 804 iu
1218 761 1356 824 persona
1371 749 1479 822 nostra

359 858 391 916 et
406 847 556 925 Albreht,
567 867 630 911 non
646 868 666 911 a
682 847 940 912 reambulaoioue
951 847 1006 912 sed
1017 849 1228 916 astatuoione
1244 849 1348 916 eidem
1364 849 1479 916 domine

358 959 468 1042 regine
492 955 639 1024 iacienda
659 955 909 1038 prohibuissent,
935 963 967 1021 et
993 959 1056 1041 ipsi
1081 957 1200 1023 eisdem
1230 958 1343 1024 diebus
1369 965 1401 1024 et
1425 965 1479 1022 ter-

358 1065 453 1130 minis
469 1063 631 1148 predictos
647 1063 672 1128 J
674 1064 833 1130 ohannem
850 1070 1015 1144 sartorem,
1034 1065 1134 1132 filium
1150 1057 1281 1132 Herreh
1293 1067 1333 1131 de
1349 1066 1437 1144 Bala
1452 1073 1479 1130 et

361 1173 564 1256 Stephanum
582 1173 710 1250 benum,
727 1172 806 1236 item
832 1171 1013 1236 Johannem
1039 1172 1142 1238 filium
1157 1173 1295 1259 Veytyh,
1321 1181 1354 1238 et
1368 1173 1479 1240 Johau·

358 1305 431 1348 uem
447 1281 549 1346 filium
565 1281 697 1362 Beuete‚
712 1282 789 1345 item
806 1279 956 1360 Albreht,
971 1287 1003 1346 et
1019 1304 1076 1348 nos
1088 1282 1276 1366 capitulum,
1290 1287 1402 1348 contra
1416 1303 1478 1367 pre·

360 1399 506 1458 notatam
523 1388 685 1454 dominam
703 1390 849 1471 reginam
875 1387 915 1454 ad
941 1391 1140 1471 presenciam
1165 1397 1270 1455 vestm
1291 1390 1478 1456 celsitudinis

360 1499 401 1565 ad
428 1504 556 1563 octavas
581 1496 841 1580 Epiphaniarum
867 1497 989 1562 domini
1012 1499 1157 1580 proxime
1181 1503 1334 1564 venturas
1365 1498 1478 1562 citavis-

360 1615 440 1684 sent,
456 1606 617 1670 racionem
634 1603 901 1672 contradiocionis
911 1627 1021 1672 eorum
1036 1605 1228 1672 reddituros
1244 1605 1370 1672 Datum
1379 1613 1476 1672 octavo

359 1715 411 1780 <lie
428 1713 594 1780 citaoionis
611 1714 775 1797 premisse,
794 1735 878 1780 auno
895 1715 1016 1780 domini
1033 1714 1227 1800 supradicto.

469 1877 599 1942 Paptron,
619 1877 745 1927 sarlaten
758 1877 804 1926 ket
819 1877 911 1940 penset
933 1877 1136 1942 teredekeivel5
1156 1875 1287 1941 eredatije
1315 1890 1346 1925 az
1369 1889 1430 1924 orsz.
1448 1876 1473 1924 lt.

360 1969 458 2018 kincst.
473 1973 539 2017 oszt.
554 1969 628 2017 Mon.
642 1967 703 2016 Pus.
719 1971 760 2016 50.
776 1973 799 2016 9.
814 1965 880 2029 dipl.
895 1971 962 2016 oszt.
978 1971 1056 2018 4322.
1076 1966 1176 2016 Kezlt:
1196 1965 1305 2015 Koraos
1319 1965 1352 2014 N.
