3226 5462
594 509 690 572 1347.
706 526 806 572 naar.
821 511 850 572 3.

683 759 749 859 rr.

162 961 252 1026 1347.
272 969 364 1024 mart.
381 960 412 1020 3.
427 955 667 1051 Asomoqyoorr
681 967 809 1022 conaverat
820 957 889 1022 aldit
900 956 1021 1043 Kopoli
1037 957 1145 1035 Peroe,
1163 956 1290 1043 Sydoda

164 1069 331 1152 Gwlcefiai,
342 1065 845 1153 Epybdzos·KapolNa9y·Kopol
853 1065 1031 1131 eaOrdoucb
1042 1075 1122 1130 neoti
1135 1065 1288 1130 birtolcolc·

258 1176 320 1241 ban
336 1178 462 1262 epymds
478 1173 657 1260 inobsepta
673 1173 853 1259 kdrdlr'rjctlc
870 1177 900 1239 6³
916 1174 1180 1260 mophatdrozzdlr.

262 1338 331 1405 Nos
348 1345 524 1404 conventus
539 1338 728 1403 monasterii
754 1339 858 1404 sancti
884 1337 997 1420 Egidii
1014 1338 1055 1403 de
1072 1337 1208 1421 Simigio
1224 1359 1289 1402 me·

155 1450 257 1514 morie
273 1447 536 1514 commendamus
554 1497 561 1511 .
578 1497 583 1510 .
602 1445 690 1526 quod
705 1447 798 1510 iuxta
813 1447 1051 1512 continenciam
1068 1445 1240 1512 literarum
1257 1494 1264 1510 .
1282 1493 1289 1509 .

156 1555 250 1622 Pauli
265 1555 383 1620 iudicis
399 1555 488 1618 curio
503 1605 509 1618 .
525 1603 532 1618 .
549 1555 636 1618 inter
647 1551 850 1636 Stephanum
859 1553 963 1618 filium
972 1554 1107 1619 Pethew
1117 1554 1157 1618 de
1168 1554 1289 1635 Kapwl

156 1685 194 1726 er
209 1683 282 1744 una,
306 1663 386 1726 item
401 1661 488 1726 inter
504 1660 691 1726 Johannom
708 1665 741 1725 et
756 1659 928 1726 Andream
953 1661 1036 1728 filios
1052 1661 1176 1746 Sydon,
1191 1660 1289 1726 Nico·

154 1771 241 1836 laum
280 1769 489 1834 Dominicum
520 1767 717 1833 Michaelem
758 1767 907 1834 Blasium
938 1775 971 1834 et
1001 1767 1172 1834 Andrean
1201 1767 1288 1835 filios

152 1877 255 1944 Gwlre
272 1878 313 1942 de
339 1877 453 1944 eadem
468 1876 588 1960 Kapwl
608 1882 702 1960 parte
728 1876 770 1942 ab
785 1877 909 1964 altera,
925 1900 985 1961 per
1012 1884 1154 1960 quatuor
1171 1877 1289 1961 probos

152 1987 307 2052 homines
324 2005 463 2068 quorum
480 1986 560 2052 duos
576 2007 642 2052 una
668 1987 815 2069 parcium
832 1993 865 2051 et
881 1986 961 2052 alios
987 1987 1068 2054 duos
1085 1987 1191 2052 altera
1215 2007 1289 2069 par-

156 2096 243 2159 cium
260 2094 424 2160 adducere
441 2094 646 2172 tenebantur,
662 2093 796 2160 sabbato
812 2095 960 2178 proximo
976 2099 1052 2160 ante
1079 2094 1165 2160 diem
1189 2094 1288 2159 medii

153 2201 420 2286 Quadragesime
446 2201 571 2269 scilicet
595 2200 676 2266 ferie
693 2205 820 2284 quarte,
852 2221 961 2267 coram
992 2202 1084 2268 nobis
1115 2201 1288 2268 arbitrium

157 2309 229 2375 lieri
247 2309 431 2391 debuisset,
446 2311 516 2393 ipso
532 2308 584 2373 die
601 2314 799 2390 occurrente,
816 2309 983 2392 predictus
1000 2309 1289 2394 Stephanusfilius

157 2417 293 2484 Pethcw
318 2438 377 2501 pro
403 2440 437 2483 so
461 2417 688 2502 personaliter,
720 2419 800 2482 item
826 2439 866 2481 ex
891 2417 1047 2500 predictis
1072 2417 1147 2483 filiis
1173 2418 1288 2504 Sydow

158 2527 245 2591 idem
262 2523 426 2606 Andreas,
443 2532 477 2592 et
493 2549 533 2591 ex
549 2526 643 2590 dictis
663 2525 739 2590 filiis
756 2524 858 2592 Gwlre
874 2525 1041 2608 predictus
1057 2525 1214 2592 Nicolaus
1230 2549 1289 2609 pro

152 2657 186 2700 se
203 2634 422 2717 personaliter
447 2615 506 2718 pro
532 2633 605 2699 aliis
630 2653 705 2697 vero
730 2633 875 2714 ipsorum
900 2631 1058 2698 fratribus
1078 2655 1152 2698 cum
1168 2635 1288 2715 nostris

150 2743 260 2808 literis
286 2743 520 2824 procuratoriis
545 2746 799 2823 comparuerunt
826 2747 858 2804 et
882 2761 957 2806 suos
982 2741 1123 2806 arbitros
1140 2791 1147 2806 .
1164 2791 1171 2805 .
1188 2741 1289 2806 addu-

155 2855 287 2916 xerunt.
311 2849 506 2915 Tandem..
523 2847 788 2938 componentibus
813 2848 935 2912 eisdem
952 2848 1062 2932 probis
1078 2850 1156 2914 viris
1172 2897 1179 2913 .
1197 2897 1204 2912 .
1219 2850 1289 2912 uni·

154 2959 260 3023 versis
276 2959 383 3023 causis
399 2964 434 3022 et
449 2977 561 3022 earum
573 2957 721 3022 articulis
738 2956 947 3037 quovismodo
962 2959 1049 3022 inter
1059 2979 1094 3023 sc
1104 2959 1241 3022 invicem
1257 3005 1265 3020 .
1281 3006 1288 3022 .

148 3068 250 3133 motis
267 3115 274 3130 .
291 3116 298 3130 .
314 3066 410 3150 plene
428 3066 542 3148 sopitis
558 3116 566 3129 .
582 3113 590 3128 .
605 3065 647 3130 ad
664 3070 821 3147 perpetue
841 3066 930 3148 pacis
955 3087 990 3130 se
1015 3065 1170 3132 dixerunt
1195 3065 1288 3130 derc-

150 3179 241 3242 nisse
259 3176 419 3252 unionem,
444 3172 619 3238 reddentes
644 3195 678 3238 se
695 3175 728 3238 in
744 3175 911 3256 premissis
928 3225 935 3238 .
952 3222 959 3238 .
976 3174 1145 3257 expeditos
1162 3223 1169 3237 .
1186 3225 1193 3238 .
1209 3174 1288 3239 Pre-

151 3291 246 3350 tcrea
257 3283 397 3369 predicti
405 3281 559 3350 Andreas
570 3283 656 3348 filius
666 3281 781 3368 Sydow
794 3281 991 3349 etNicolaus
1001 3282 1087 3350 filius
1103 3281 1205 3350 kae
1222 3285 1290 3348 suis

150 3395 382 3477 personaliter,
399 3395 433 3458 in
457 3395 604 3476 personis
628 3415 705 3458 vero
729 3393 952 3476 predictorum
982 3392 1122 3458 aliorum
1146 3393 1286 3458 fratrum

150 3505 298 3586 ipsorum
313 3483 706 3584 premissaprocuratoria
716 3501 911 3566 auctoritate
927 3499 1103 3579 mediante,
1120 3499 1285 3582 quandam
1369 3526 1375 3538 ·

161 3628 263 3674 unam
280 3605 395 3674 sssvanr
410 3607 589 3692 vulgariter
605 3604 884 3692 Gerthyanerdow
909 3613 1057 3672 vocatam
1072 3609 1106 3671 in
1122 3607 1289 3672 territorio

153 3719 369 3802 possessionis
379 3715 532 3785 Orbouch
542 3724 653 3784 vocate
668 3715 822 3795 habitam,
838 3717 930 3782 iuxta
940 3736 1039 3798 quarn
1049 3737 1069 3781 a
1079 3721 1172 3798 parte
1186 3717 1290 3782 orien-

152 3826 213 3892 tali
223 3826 344 3892 fossam
359 3825 538 3910 vulgariter
547 3825 633 3891 hurh
641 3831 788 3890 vocatam
805 3823 959 3889 dixerunt
972 3824 1122 3890 adiacere
1133 3829 1167 3889 et
1176 3823 1289 3890 subtus

155 3933 296 4000 candem
312 3955 411 4000 unum
426 3933 571 3999 fanetum
595 3955 655 4016 per
677 3933 762 3999 diem
778 3932 939 4000 falcatore
965 3933 1103 3998 duorum
1122 3933 1289 4000 hominum

152 4039 329 4120 sufficiens,
352 4043 432 4106 item
457 4041 520 4106 duo
545 4041 660 4124 iugera
684 4046 848 4108 terrarum
874 4041 1059 4108 fimatarum
1085 4043 1178 4106 iuxta
1203 4041 1290 4106 idom

154 4149 304 4214 fanetum
321 4155 353 4214 et
369 4147 429 4215 sub
455 4149 569 4215 eadem
585 4148 667 4215 silva
682 4147 879 4228 adiacencia,
905 4151 982 4216 item
1008 4149 1167 4232 quasdam
1182 4155 1289 4214 terras

153 4255 299 4322 arabiles
315 4257 402 4322 inter
417 4278 570 4341 magnam
586 4256 695 4323 villam
714 4255 834 4340 Kopwl
850 4263 884 4322 ct
900 4257 1036 4324 eandem
1055 4259 1289 4340 possessionem

153 4363 313 4430 Orbouch
329 4363 525 4444 adiacentes
550 4365 642 4430 cuius
668 4371 756 4430 terre
781 4365 888 4448 prima
912 4371 1002 4430 meta
1026 4365 1177 4448 incipito
1193 4365 1290 4432 durno

153 4493 279 4537 nucum
294 4493 315 4536 a
329 4477 425 4555 porte
440 4472 700 4556 Eghazaslrapwl
716 4493 736 4538 a
752 4473 850 4556 plaga
875 4472 1077 4550 occidentali,
1093 4471 1190 4538 finem
1206 4469 1289 4559 (igy)

154 4579 199 4644 ad
217 4579 354 4646 eandem
369 4586 497 4663 partem
513 4580 749 4646 occidentalem
766 4586 799 4644 et
814 4579 1005 4646 orientalem
1014 4579 1171 4644 facientes
1188 4601 1290 4661 usque

157 4707 315 4772 magnam
331 4688 424 4766 viam,
439 4709 498 4772 per
514 4707 612 4771 quarn
636 4689 704 4756 itur
720 4687 759 4753 de
776 4687 852 4754 villa
868 4687 989 4772 Kapwl
1004 4688 1039 4753 in
1055 4687 1165 4754 villam
1189 4687 1289 4774 Zych,
