3180 5470
363 497 427 560 402
720 505 908 558 insonnem
924 495 1138 556 onulurran.

366 695 452 738 nunc
468 674 552 738 inter
569 694 602 738 se
620 672 733 738 confici
748 671 855 737 facere
873 671 1068 750 debuissent,
1091 679 1200 736 tamen
1219 673 1296 755 quia
1311 669 1419 736 adhuc
1432 670 1492 756 plu·

364 781 455 846 ribus
472 781 613 864 negociis
629 780 798 865 prepediti,
815 787 848 844 et
867 781 1006 845 maxime
1022 801 1081 865 pro
1105 801 1153 858 eo,
1178 781 1256 861 quia
1280 779 1368 844 dicta
1393 779 1492 863 porcio

364 889 620 972 possessionaria
636 909 694 972 pro
711 889 824 954 eadem
840 889 1040 972 possessione
1065 887 1245 954 Kurtucles
1269 888 1491 972 prenominatis

365 997 440 1062 filiis
456 997 562 1064 Blasii
579 999 665 1081 data,
682 998 825 1063 nondum
840 999 936 1062 metis
951 997 993 1062 ab
1009 997 1075 1062 alia
1090 1001 1184 1080 parte
1200 997 1301 1079 ipsius
1316 997 1491 1062 memoratis

367 1105 443 1170 filiis
459 1105 485 1170 J
486 1105 623 1170 ohannis
638 1106 819 1170 remanenti
844 1111 997 1187 separata
1013 1105 1197 1182 haberetur,
1214 1104 1286 1168 ideo
1302 1105 1365 1188 ipsi
1382 1103 1490 1180 factum

369 1211 529 1280 dictarum
545 1213 715 1278 literarum
729 1211 980 1295 privilegialium
997 1211 1208 1277 confeccionis
1224 1211 1267 1276 ad
1283 1217 1414 1276 octavas
1429 1211 1491 1275 festi

367 1319 627 1403 Epiphaniarum
653 1319 773 1384 domini
797 1320 863 1384 iam
896 1319 1019 1383 venturi
1050 1325 1275 1402 prorogarunt,
1306 1319 1369 1383 isto
1401 1317 1492 1396 modo,

368 1426 455 1510 quod
470 1427 533 1510 ipsi
548 1432 626 1492 tone
640 1427 692 1490 vel
706 1447 816 1492 omnes
832 1425 1054 1510 personaliter,
1069 1425 1120 1490 vel
1136 1446 1175 1490 ex
1191 1425 1284 1491 dictis
1309 1426 1416 1492 tribus
1430 1446 1492 1510 par·

367 1533 454 1599 tibus
470 1541 536 1599 tres
552 1534 670 1599 fratres
685 1535 829 1618 ipsorum
844 1555 903 1618 pre
920 1553 954 1600 se
969 1534 1048 1618 ipsis
1064 1541 1097 1598 et
1117 1555 1190 1598 cum
1215 1533 1370 1616 legitimis
1386 1554 1424 1598 ac
1438 1533 1492 1598 sul·

369 1639 549 1706 ficientibus
574 1640 676 1706 literis
701 1641 932 1724 procuratoriis
957 1647 1139 1724 presentem
1162 1641 1446 1725 perpetuacionem
1466 1647 1493 1705 et

368 1749 527 1814 dictarum
559 1749 729 1814 literarum
761 1755 947 1814 nostrarum
985 1747 1237 1834 privilegialium
1270 1748 1492 1814 confeocionem

369 1855 588 1940 tangentibus,
604 1876 713 1922 eoram
729 1855 819 1922 nobis
836 1873 1031 1940 comparere,
1046 1863 1079 1922 et
1091 1855 1367 1940 preallegatarum
1382 1877 1493 1940 posses-

369 1965 495 2030 sionum
512 1985 550 2028 ao
565 1963 752 2047 porcionum
777 1964 1102 2048 possessionariarum
1127 1965 1286 2043 daciones,
1312 1964 1493 2029 donaciones

373 2080 473 2155 atque
488 2073 735 2155 resigneciones‚
753 2072 813 2138 sub
829 2073 985 2156 premisso
1005 2079 1117 2138 tenore
1132 2072 1295 2156 predictae
1320 2073 1430 2138 literas
1447 2093 1494 2136 no

371 2189 455 2247 strae
485 2180 701 2264 privilegiales
732 2181 816 2246 inter
834 2201 868 2246 se
884 2180 1037 2246 roborare
1068 2180 1223 2246 deberent
1255 2188 1287 2245 et
1317 2187 1494 2246 tenerentur

372 2290 500 2354 cautela
514 2311 573 2373 pro
589 2290 713 2371 maiori,
730 2289 859 2372 quodsi
876 2311 941 2372 qua
957 2289 1103 2374 parcium
1128 2290 1161 2354 in
1187 2289 1266 2373 ipsis
1282 2290 1402 2355 octavis
1424 2288 1494 2372 Epi·

373 2397 493 2482 phanio
509 2397 629 2462 domini
644 2403 681 2462 ut
696 2399 887 2482 premissum
912 2405 962 2464 est
983 2398 1102 2476 venire,
1126 2398 1277 2479 dictaque
1293 2400 1423 2481 negocia
1443 2417 1496 2462 suo

373 2505 468 2570 modo
485 2504 639 2588 perficere
655 2526 719 2570 non
744 2513 882 2584 curaret,
898 2512 1016 2571 extunc
1046 2507 1122 2571 talis
1146 2527 1224 2589 pars
1242 2513 1357 2572 contra
1380 2511 1496 2590 partem

372 2613 461 2679 dicta
476 2613 610 2696 negocia
626 2611 844 2696 perficientem
860 2615 926 2679 sive
942 2613 1153 2696 perficientes,
1169 2615 1203 2678 in
1223 2614 1391 2680 succubitu
1405 2612 1496 2678 duelli

374 2720 452 2787 facti
485 2720 676 2803 potencialis
701 2722 942 2788 convinceretur
975 2743 1013 2786 eo
1037 2721 1122 2786 lacto
1139 2769 1170 2785 ..
1193 2719 1319 2786 Datum
1344 2729 1428 2787 sexto
1452 2721 1497 2786 die

375 2833 561 2894 octavarum
580 2827 653 2894 festi
668 2831 773 2896 sancti
788 2831 874 2914 regis
891 2829 1052 2914 Stephani
1068 2831 1338 2915 supradictarum,
1354 2851 1434 2895 anno
1450 2830 1497 2894 do

375 2940 455 3004 mini
480 2939 533 3005 M⁰
561 2937 682 3007 00οῑΠΟ
701 2941 976 3024 quinquagesimo.

485 3101 939 3167 Hoclapjenpocsetnyomaiva1;
959 3102 1090 3168 eredetije
1114 3120 1146 3154 az
1169 3119 1238 3153 orsz.
1261 3105 1293 3154 lt.
1319 3105 1416 3154 lineat.
1436 3111 1498 3152 oazt.

375 3194 410 3242 N.
423 3195 456 3243 R.
470 3193 503 3242 A.
518 3196 577 3241 698.
593 3198 635 3242 31.
648 3192 715 3256 dipl.
729 3198 796 3242 oszt.
811 3198 889 3243 4142.
909 3193 1008 3242 Kozli:
1028 3193 1136 3246 Kovdcs
1149 3195 1183 3244 N.

905 3483 980 3546 244

382 3641 475 3704 1350
492 3650 565 3725 sept.
586 3641 635 3703 15.
658 3639 761 3704 Jdooa
777 3639 902 3704 boraodi
909 3639 1071 3726 fdcaporca
1096 3665 1173 3706 ozon
1195 3641 1299 3706 dirtolc
1328 3646 1501 3728 botdrjrird·

379 3749 437 3828 sdt,
456 3745 538 3831 moly
561 3745 669 3812 Verc'ac'
683 3745 771 3808 Mikl
770 3749 803 3810 ds
828 3747 950 3810 unokdi
963 3751 995 3812 da
1016 3747 1163 3814 Gerinczi
1188 3749 1306 3813 Malos
1333 3749 1442 3836 ledoyo
1456 3751 1503 3812 lo

693 3861 754 3917 zo‘tt
766 3855 887 3920 oitdaea'
901 3855 1023 3935 editi
996 3855 1190 3944 elbaloeztyo.

488 4015 558 4082 Nos
573 4016 693 4098 magist
694 4037 729 4080 er
679 4017 769 4082 J
771 4017 913 4082 ohannes
929 4018 1174 4084 archidiaconus
1190 4019 1456 4085 Borsodiensis
1429 4038 1505 4082 ricc-

381 4124 566 4206 riusque..
590 4121 808 4208 N(icolai)..
833 4125 973 4209 episcopi
1012 4124 1231 4216 Agriensis
1222 4149 1255 4191 m
1287 4125 1506 4211 spiritualibus

383 4231 550 4314 generalis,
567 4231 681 4297 damus
696 4254 755 4316 pro
771 4233 934 4311 memoria,
950 4232 1036 4317 quod
1052 4253 1109 4300 nos
1125 4255 1256 4300 causam
1272 4241 1306 4300 et
1321 4235 1388 4300 fact
1374 4241 1442 4299 tum
1463 4255 1508 4299 re

383 4338 613 4404 ambnlaoionis
626 4341 841 4420 quarumdam
851 4342 1132 4424 possessionumet
1141 4343 1327 4427 porcionum
1343 4343 1573 4426 possessio

383 4447 550 4511 uariarum
567 4444 702 4530 Georgii
718 4446 915 4514 Ladrsla1e
931 4445 1087 4533 Gregorii
1103 4448 1242 4514 filiorum
1268 4450 1294 4516 J
1295 4449 1432 4516 ohannis
1456 4447 1509 4513 filii

383 4551 510 4617 Nieol
467 4554 512 4618 lar
547 4553 624 4618 dicti
649 4551 744 4619 Kuer
769 4555 808 4619 de
834 4553 946 4634 Veros,
978 4577 1041 4640 que
1067 4557 1151 4622 inter
1179 4557 1319 4622 nobilem
1351 4557 1510 4622 dominam

384 4681 516 4724 uxorem
541 4661 631 4725 Beke
656 4661 715 4727 filii
739 4662 858 4728 Zaccio
889 4671 921 4728 ct
908 4663 1046 4732 tfiliam
1073 4663 1224 4749 Gregorii
1248 4663 1306 4729 filii
1330 4663 1460 4730 Nicolai
1476 4665 1512 4728 de
