3226 5462
582 462 675 540 1347.
693 495 787 542 suas.
805 480 855 543 20.
1239 475 1279 550 1?

141 647 273 719 racione
288 647 371 718 iuris
387 659 579 736 patronatus
604 657 791 724 monasterii
816 661 971 729 antedicti
997 661 1193 731 hereditario
1209 669 1279 734 iure

141 764 361 846 contingentis
377 763 526 829 similiter
541 767 644 832 tercia
659 788 744 850 pars,
761 771 972 850 possessionis
994 794 1068 838 vero
1084 775 1279 844 hereditarie

142 871 311 938 Rakamaz
327 878 439 939 vocate
454 875 488 938 in
505 877 660 940 comitatu
675 877 871 946 deZabolch
886 879 996 946 habite
1012 882 1106 947 modo
1122 887 1278 966 premisso

140 983 245 1046 tercia
260 1003 348 1064 pars,
364 1004 438 1047 cum
454 981 603 1048 omnibus
622 986 688 1050 suis
705 985 901 1053 utilitatibus
927 990 1018 1056 iuxta
1043 993 1184 1074 priorem
1201 993 1278 1059 divi-

140 1093 265 1158 sionem
281 1092 378 1158 dictis
393 1093 470 1158 filiis
486 1090 621 1178 Georgii
637 1101 672 1160 et
685 1117 743 1178 per
759 1117 812 1162 ecs
824 1098 902 1181 ipsis
918 1099 1091 1166 heredibus
1108 1105 1279 1169 cessissent

140 1209 243 1283 atque
259 1202 464 1268 devenissent
480 1210 636 1287 perpetuo
651 1206 862 1289 possidende;
887 1210 968 1272 etin
985 1208 1071 1275 lacto
1087 1211 1190 1292 ipsius
1206 1233 1277 1294 pos·

139 1313 294 1377 sessionis
310 1312 476 1394 Rakamaz
493 1315 585 1380 iuxta
604 1314 740 1382 formam
764 1317 919 1399 primarie
943 1316 1109 1384 divisionis
1134 1321 1275 1386 coutent'

140 1423 357 1502 exstitissent3
373 1423 450 1486 item
460 1424 697 1504 possessionum
708 1425 986 1506 acquisiticiarum
996 1433 1123 1508 partem
1133 1429 1276 1511 ipsorum

137 1533 172 1594 in
199 1533 357 1597 comitatu
384 1531 626 1596 Zathmariensi
651 1533 871 1616 existencium,
897 1534 1075 1600 Enchench
1100 1536 1227 1621 Ghegze
1243 1545 1276 1603 et

137 1639 208 1705 Illu
224 1647 496 1722 nuncupatorum,
513 1628 689 1705 secundum
706 1642 793 1722 quod
809 1643 881 1724 ipsa
896 1642 1010 1708 divisio
1026 1645 1059 1708 in
1075 1643 1181 1727 prima
1196 1645 1274 1711 divi·

136 1751 229 1814 sione
245 1748 333 1814 lacta
357 1750 534 1814 exstitisset
557 1751 643 1814 inter
668 1751 763 1832 ipsos,
789 1757 879 1816 recta
903 1751 1088 1816 dimidietas
1103 1754 1182 1835 ipsis
1198 1752 1274 1818 filiis

134 1858 285 1942 Georgii,
301 1860 368 1924 alia
383 1881 458 1925 vero
473 1860 629 1925 medietas
654 1859 749 1924 dictis
774 1859 850 1924 liliis
865 1860 986 1926 Briccii
1001 1867 1034 1926 et
1049 1859 1124 1926 filiis
1139 1861 1273 1928 Leukas

135 1990 213 2032 cum
230 1969 380 2034 omnibus
396 1969 581 2034 earumdem
597 1968 795 2034 utilitatibus
820 1969 1023 2034 devenissent
1039 1968 1187 2034 similiter
1203 1991 1273 2053 per-

133 2086 235 2159 petuo
261 2079 452 2160 possidenda
477 2081 510 2144 in
536 2077 618 2144 filios
643 2099 775 2143 suorum
801 2077 941 2143 filiorum
967 2085 999 2143 et
1014 2077 1148 2143 heredes
1173 2084 1272 2160 atque

133 2207 347 2252 successores.
371 2187 527 2252 Preterea
544 2193 832 2268 quantumcunque
848 2187 881 2250 in
898 2187 1097 2268 possessione
1118 2185 1272 2252 Purdvau

134 2297 170 2368 in
187 2297 348 2361 comitatu
364 2293 580 2378 Supruniensi
596 2296 746 2362 existenti
763 2295 796 2358 in
813 2296 995 2376 porcionem
1014 2293 1174 2360 dictorum
1189 2293 1269 2358 filio-

132 2424 208 2466 rum
224 2401 363 2486 Georgii
387 2402 560 2481 deveniret,
585 2400 673 2466 illius
698 2401 856 2467 medietas
881 2401 1002 2467 eisdem
1027 2399 1102 2466 filiis
1127 2399 1271 2484 Georgii,

131 2510 201 2576 alia
217 2532 293 2576 vere
309 2511 493 2576 dimidietas
519 2511 598 2592 ipsis
624 2511 788 2594 magistris
812 2509 838 2575 J
839 2511 958 2575 ohanni
984 2515 1018 2574 et
1041 2508 1179 2574 Nicolao
1195 2508 1270 2574 filiis

131 2619 266 2698 Briccii,
282 2619 460 2685 Benedicta
476 2625 509 2683 et
517 2618 617 2684 Petro
627 2617 703 2684 filiis
712 2617 846 2684 Leukus
861 2618 1033 2683 cessissent
1047 2617 1141 2683 modo
1158 2639 1270 2700 supra·

131 2727 223 2793 dicte
239 2735 397 2810 perpetuo
412 2727 612 2810 possidenda
637 2725 789 2792 Ceterum
816 2727 895 2807 quia
914 2727 992 2792 dicti
1008 2725 1068 2790 filii
1084 2723 1218 2808 Georgii
1236 2727 1269 2790 in

130 2836 277 2916 quadam
294 2844 387 2918 parte
403 2835 487 2902 dicte
504 2837 620 2918 prieris
630 2835 794 2900 divisionis
811 2835 953 2900 contenti
970 2855 1033 2898 non
1049 2833 1192 2917 fuissent,
1209 2855 1268 2917 pro

129 2965 170 3008 eo
188 2945 285 3009 iidem
301 2946 449 3028 magistri
465 2944 635 3009 dohannes
651 2949 683 3008 et
693 2942 849 3008 Nicolaus
865 2941 924 3008 filii
933 2942 1063 3026 Briccii,
1072 2941 1268 3008 Benedictus

129 3061 167 3118 ot
184 3055 304 3120 Petrus
320 3054 379 3118 filii
398 3055 531 3120 Leukus
551 3053 715 3134 quandam
739 3053 973 3135 possessionem
998 3053 1142 3133 ipsorum
1158 3053 1268 3132 acqui·

131 3163 275 3228 siticiam
301 3161 466 3247 Zanyalav
490 3168 636 3227 vocatam
662 3162 697 3224 in
723 3161 809 3226 dicto
840 3161 994 3226 comitatu
1025 3159 1267 3225 Zathmariensi

133 3271 339 3350 existentem,
350 3272 462 3336 intuto
477 3277 510 3334 et
526 3291 597 3334 eum
614 3266 762 3333 omnibus
778 3268 881 3350 ipsius
898 3268 1129 3346 instrumentis,
1147 3265 1265 3348 quibus

131 3379 351 3445 mediantibus
383 3380 445 3462 ipsi
475 3379 610 3444 eandem
635 3377 859 3460 possedissent,
885 3374 1005 3440 eisdem
1030 3374 1106 3439 filiis
1132 3371 1266 3460 Georgii

128 3487 298 3554 dedissent
313 3495 348 3553 et
373 3487 585 3554 contulissent
609 3507 646 3551 eo
670 3486 774 3568 modo,
800 3484 886 3567 quod
910 3505 1012 3566 usque
1037 3485 1138 3549 vitam
1162 3483 1265 3568 ipsius

129 3599 282 3682 magistri
297 3597 322 3663 J
323 3597 459 3664 ohannis
474 3595 533 3660 filii
550 3593 670 3661 Briccii
680 3600 713 3659 et
723 3615 786 3659 non
802 3593 897 3673 ultra,
914 3593 1149 3675 qualiscunque
1166 3611 1264 3656 causa

127 3713 191 3796 aut
205 3707 403 3791 litigionarie
419 3703 600 3786 quescicnjs
616 3701 753 3768 materia
769 3702 803 3767 in
817 3701 903 3767 facto
928 3702 1029 3786 ipsius
1054 3699 1264 3785 possessionis

125 3816 303 3902 Zanyzlaw
329 3820 441 3903 contra
464 3815 551 3897 ipsos
576 3811 659 3876 filies
685 3809 819 3894 Georgii
843 3810 894 3875 vel
918 3830 1031 3875 eorum
1055 3807 1189 3875 heredes
1205 3828 1263 3891 per

126 3944 341 4007 quoscunque
351 3921 666 4005 oriretur,communi
676 3919 786 3986 labore
797 3926 831 3985 et
839 3940 979 4002 expensa
988 3921 1263 4002 prosequerentur

125 4041 162 4098 et
173 4033 312 4099 eandem
327 4032 560 4117 possessionem
570 4030 611 4102 ab
626 4028 863 4116 impetitoribus
879 4023 1049 4093 defendere
1065 4028 1261 4091 tenerentur.

123 4143 347 4209 Possessionis
363 4163 438 4206 vero
454 4141 539 4207 Leta
554 4147 664 4205 vocate
674 4141 707 4204 in
717 4139 874 4205 comitatu
884 4134 923 4201 de
933 4134 1079 4200 Zabolch
1094 4132 1261 4200 existentis

123 4251 340 4317 medietatem
356 4250 485 4316 eosdem
499 4249 582 4315 filios
597 4247 717 4314 Briccii
743 4250 775 4311 et
798 4244 932 4310 Leukus
964 4243 1203 4326 contingentem
1227 4239 1261 4303 in

122 4361 213 4426 duas
239 4365 351 4443 partes
376 4358 545 4440 coequales
570 4356 771 4436 divisissent,
795 4353 886 4418 cuius
910 4350 1067 4416 medietas
1091 4348 1170 4432 ipsis
1185 4346 1261 4412 filiis

119 4467 272 4552 Georgii,
288 4470 355 4536 alia
369 4489 444 4534 vero
459 4465 601 4532 eiusdem
626 4463 808 4530 dimidietas
824 4459 977 4545 predictis
1001 4457 1076 4522 filiis
1091 4455 1212 4522 Briccii
1229 4461 1262 4520 et

117 4576 261 4644 Leulrus
277 4579 444 4660 porciones
459 4575 668 4641 devenissent.
691 4571 772 4638 Post
795 4569 960 4635 decessum
976 4571 1085 4632 autem
1100 4564 1178 4629 dicti
1193 4583 1260 4628 ma·

117 4688 221 4771 gistri
238 4686 262 4751 J
265 4686 400 4751 ohannis
416 4685 474 4748 filii
490 4683 610 4750 Briccii
636 4687 824 4746 annotatam
839 4676 1070 4762 possessionem
1087 4672 1259 4754 Zanyzlavv

169 4821 328 4858 utouuosr
346 4807 516 4856 ouulavrls.
534 4818 560 4856 v.
571 4807 668 4853 utres.
1135 4803 1149 4848 2
