3226 5462
571 473 666 536 1347.
684 493 756 536 Aen.
776 476 824 538 11.
1218 479 1259 540 37

127 652 216 730 ralis,
246 652 363 740 damus
377 667 437 736 pro
465 652 627 732 memoria,
654 653 741 734 quod
766 675 823 718 uos
848 653 1102 738 publioscionem
1128 639 1258 722 leslium

126 781 185 843 per
202 761 352 826 comitem
369 762 505 828 Petrum
531 761 634 827 filium
659 761 841 828 Alexandri
868 763 907 827 de
933 761 1037 846 Zuhs,
1063 772 1176 830 contre
1201 765 1225 830 J
1228 786 1260 830 o-

126 869 268 934 hauuem
293 869 398 935 filium
414 869 544 936 Nicolsi
560 871 637 936 dicii
654 869 749 936 Kuer
765 871 804 936 de
830 871 933 938 Verez
959 875 992 938 in
1017 874 1160 938 crastina
1175 881 1260 939 octa·

125 997 241 1042 varum
251 975 376 1043 Pasche
386 977 506 1052 domini
516 999 623 1044 eorem
633 978 724 1043 nobis
734 979 972 1063 productorum,
984 1002 1118 1062 quorum
1130 982 1260 1046 nomina

125 1091 158 1148 et
174 1087 373 1151 asserciones
391 1088 423 1150 in
439 1088 576 1170 registro
592 1093 703 1152 nostro
719 1089 824 1171 capite
839 1088 937 1172 sigilli
954 1091 1055 1155 nostri
1072 1091 1259 1173 consignato

125 1195 343 1273 continentur,
359 1194 398 1259 de
409 1195 574 1260 voluntale
590 1195 751 1262 dictarum
767 1199 913 1280 porcium
933 1198 974 1262 ad
984 1199 1162 1264 erastinum
1173 1203 1259 1264 ocia·

124 1320 241 1364 rerum
258 1303 361 1366 sancti
379 1299 513 1385 Georgii
530 1305 674 1368 madiris
693 1305 757 1369 iam
775 1310 991 1383 venturarum,
1017 1307 1085 1370 sine
1102 1307 1259 1371 erastino·

126 1409 217 1473 cione
233 1430 293 1492 per
309 1411 446 1475 eundem
471 1410 635 1476 domiuum
661 1419 806 1477 nostrum
832 1414 1017 1496 episcopum
1042 1420 1076 1478 et
1100 1435 1157 1478 nos
1182 1421 1259 1480 tunc

125 1515 357 1600 publicandam
374 1524 552 1586 etecusam
569 1521 714 1603 porcium
740 1521 1002 1586 sentenoioudam
1018 1543 1055 1586 ac
1072 1521 1135 1588 fine
1151 1520 1258 1586 debito

124 1627 364 1693 terminandum
374 1649 596 1711 prorogamus,
606 1630 808 1712 presencium
818 1627 1258 1712 testimonioDetumAgrie,

125 1735 208 1800 feria
225 1741 345 1816 quares
361 1737 509 1820 proxima
533 1729 607 1820 post
621 1735 724 1802 dictes
741 1744 870 1804 octavos
887 1738 1010 1804 Pasche
1027 1738 1157 1821 domiui,
1174 1760 1259 1804 anno

123 1842 270 1908 eiusdem
286 1842 344 1908 Μο
369 1839 467 1910 0000
492 1843 597 1909 XLm⁰
614 1846 757 1929 septimo.

233 2006 365 2068 Papo-on,
379 2008 505 2060 ndi-loten
518 2008 551 2071 ep
564 2009 712 2073 peosette13
732 2009 862 2074 eredetije
884 2025 916 2060 az
939 2024 1008 2059 orsz.
1022 2011 1053 2059 lt.
1078 2010 1177 2060 kincsl.
1192 2015 1250 2060 oszt

124 2097 157 2146 N.
172 2097 206 2146 R.
219 2097 254 2146 A.
270 2101 313 2148 69.
330 2103 370 2147 14.
384 2098 451 2160 dipl.
465 2099 496 2148 lt.
511 2103 589 2150 3899.
609 2099 709 2149 Kozli:
728 2100 836 2150 Kovrios
848 2101 882 2149 N.

613 2298 773 2306 *—

667 2480 719 2542 20.

126 2639 222 2702 1347.
240 2661 312 2724 apr.
331 2639 381 2702 11.
398 2635 427 2702 A
445 2637 544 2704 dodoi
569 2637 724 2722 criptulae
742 2638 887 2723 jelonlesc
915 2639 943 2702 I.
970 2638 1066 2724 Lojoe
1092 2639 1257 2724 leirdlylroz

441 2746 554 2812 Modor
570 2749 663 2810 odroo
678 2746 943 2832 holdry'drdecirdl.

232 2927 398 2992 Ludovioo
415 2976 422 2990 .
439 2975 445 2990 .
461 2927 530 3009 regi
547 2975 554 2989 .
571 2975 576 2990 .
593 2927 772 3010 capitulum
797 2925 957 2992 Budensis
990 2926 1123 2991 ecclesie
1139 2977 1145 2990 .
1163 2979 1169 2991 .
1186 2927 1257 2991 lile-

124 3058 177 3101 rss
202 3042 309 3100 vestre
333 3034 533 3100 celsitudinis
564 3036 685 3100 honore
711 3056 775 3118 quo
800 3035 907 3100 decuit
938 3036 1116 3119 recepimus
1141 3036 1173 3099 in
1199 3036 1258 3100 hee

123 3145 239 3211 verbs:
265 3143 451 3210 Ludovieus
466 3193 473 3206 .
490 3193 496 3207 .
514 3165 593 3208 rex.
611 3194 617 3206 .
635 3144 779 3228 capitulo
801 3143 933 3210 ecclesie
959 3143 1120 3209 Budensis
1138 3196 1143 3207 .
1160 3192 1166 3206 .
1184 3165 1256 3209 cum

122 3276 181 3319 nos
197 3259 303 3319 meles
318 3251 527 3336 possessionis
553 3257 661 3317 nostre
678 3251 794 3318 Modor
812 3257 922 3316 vocate
940 3252 972 3316 in
989 3252 1144 3316 comitutu
1161 3252 1257 3316 Poso-

122 3364 227 3429 niensi
253 3362 423 3427 existentis
447 3359 653 3440 reambulcri,
678 3381 841 3442 novosque
865 3363 957 3426 iuxta
981 3368 1103 3425 veteres
1129 3361 1209 3444 erigi
1226 3366 1258 3426 el

123 3474 181 3538 sic·
195 3470 237 3536 ab
263 3469 401 3536 aliorum
425 3469 680 3553 possessionibus
705 3470 851 3553 seperari
882 3469 1027 3547 velimus,
1052 3469 1199 3534 volumus
1225 3475 1258 3534 et

122 3579 275 3646 fidelitati
309 3583 416 3644 vestre
447 3577 584 3645 firmiter
614 3579 829 3662 precipientes
861 3577 1062 3656 mandamus,
1095 3584 1256 3659 quatenus

123 3695 267 3754 vestrum
283 3687 434 3752 initiatis
459 3685 619 3752 hominem
645 3707 704 3770 pro
729 3686 913 3751 testimonio
937 3685 999 3751 fide
1024 3685 1167 3769 dignum,
1193 3707 1257 3768 quo

123 3803 274 3883 presente
300 3796 325 3862 J
327 3795 445 3861 coobus
476 3795 562 3860 filius
594 3795 686 3860 Petri
717 3794 791 3860 aule
822 3799 930 3860 nostre
956 3795 1090 3876 iuvenis,
1116 3793 1155 3858 de
1181 3793 1257 3859 aula

123 3913 237 3972 nostra
253 3904 372 3970 adhoc
388 3903 570 3988 specialiter
585 3905 804 3980 transmissus,
829 3904 870 3968 sd
886 3902 1000 3968 faciem
1026 3902 1110 3968 dicte
1134 3924 1257 3986 posses-

124 4017 224 4082 sionis
241 4021 351 4080 nostre
368 4064 374 4078 .
392 4065 398 4078 .
414 4013 603 4092 secedendo,
629 4013 812 4079 reambulel
836 4015 941 4097 ipsam
957 4062 963 4076 .
981 4061 987 4076 .
1005 4011 1255 4081 reambulalem-

124 4147 188 4208 que
205 4175 211 4188 .
229 4173 235 4188 .
253 4124 419 4205 relinquat
434 4121 567 4188 eandem
583 4122 710 4207 populis
726 4123 844 4188 nostris
860 4121 900 4186 de
916 4120 1028 4186 eodem
1044 4120 1085 4186 ed
1102 4120 1257 4185 utendum

124 4233 382 4299 contradiooione
399 4231 617 4313 quorumlibet
633 4281 639 4294 .
657 4282 663 4296 .
681 4252 744 4296 non
764 4231 932 4311 obstente3
956 4229 1194 4306 committendo,
1220 4235 1257 4294 ut

124 4343 152 4406 si
168 4340 271 4421 aliqui
297 4339 476 4421 quidquam
501 4340 581 4404 iuris
606 4345 775 4423 sperarent
799 4359 833 4403 se
849 4338 968 4402 habere
983 4338 1016 4400 in
1033 4335 1154 4414 eadem,
1186 4357 1257 4400 exe·

125 4453 270 4530 quantur
285 4449 320 4511 in
336 4447 502 4530 presencia
517 4447 831 4512 nostre-maiestatis.
847 4445 893 4510 Et
908 4444 1040 4509 tandem
1056 4444 1160 4508 tocius
1175 4442 1256 4508 facti
1336 4467 1340 4474 ·

125 4557 242 4622 seriem
258 4555 350 4621 nobis
367 4604 374 4619 .
391 4607 397 4620 .
414 4554 609 4621 rescribatis.
635 4553 759 4620 Dolum
775 4553 878 4632 Rode,
902 4552 985 4618 feris
1001 4557 1092 4618 sexlo
1107 4553 1256 4636 proxime

125 4671 201 4751 post
209 4665 402 4730 dominicam
412 4663 437 4730 J
438 4663 542 4743 odico,
561 4683 647 4729 enno
665 4663 848 4729 dominiM⁰
863 4659 984 4732 000ῐῃο
995 4659 1256 4747 Xumsepomo.
