3192 5466
356 424 420 484 234
712 439 898 485 ausonnoai
916 426 1130 486 cuminaria.

344 600 447 664 lite-ris
474 601 587 664 vestris
615 600 799 683 patentibus
825 601 884 664 sub
909 603 1023 666 maiori
1050 601 1155 684 sigillo
1181 610 1287 667 vestro
1312 601 1477 670 emanatis,

346 729 405 792 pro
430 709 586 790 magistro
613 707 780 792 Stephano
806 709 934 792 speciali
962 712 1088 774 notario
1115 715 1221 775 vestro
1247 711 1288 776 ad
1305 709 1477 774 citaciones

346 816 545 882 faciendasa
561 817 671 900 vigilia
688 817 762 882 festi
778 817 970 884 Natiuitatis
987 819 1118 901 virginis
1144 819 1282 902 gloriose
1308 841 1395 883 nunc
1411 840 1475 902 pre·

345 926 433 991 teriti
451 948 554 1009 usque
571 927 806 992 revolucionem
826 927 902 991 anni
928 926 1123 1010 generaliter
1140 927 1225 992 datis
1251 935 1283 991 et
1309 927 1474 1004 concessis,

350 1055 487 1100 imacum
503 1033 665 1100 Michaele
682 1033 746 1100 filio
764 1033 892 1119 Syknsd
902 1035 942 1100 de
953 1033 1045 1119 Myse
1062 1037 1095 1100 in
1113 1035 1232 1100 eisdem
1248 1035 1351 1100 literis
1367 1035 1478 1099 vestris

349 1149 476 1226 reperto
502 1143 630 1208 homine
654 1148 769 1220 vestro,
801 1148 947 1206 nostrum
972 1143 1133 1208 hominem
1151 1192 1157 1207 .
1175 1192 1182 1206 .
1198 1143 1333 1208 fratrem
1357 1141 1384 1207 J
1386 1144 1476 1208 ohan·

346 1273 419 1314 nom
436 1250 601 1314 custodem
618 1250 750 1315 ecclesie
776 1257 883 1314 nostre
900 1249 1052 1333 predicte,
1069 1250 1111 1314 ad
1127 1250 1299 1315 citaciones
1316 1273 1377 1334 pro
1395 1251 1478 1314 testi-

352 1360 459 1423 monio
485 1358 632 1423 duximus
665 1357 967 1438 transmittendum
1000 1359 1055 1441 qui
1082 1358 1210 1423 demum
1236 1407 1267 1422 ..
1293 1358 1475 1434 retulerunt,

354 1448 561 1550 quodipslsin
579 1465 688 1549 vigilia
699 1465 770 1530 festi
788 1467 891 1529 sancti
902 1465 1073 1530 Michaelis
1085 1464 1476 1548 archangeli,magistrnn

346 1575 518 1641 Nicolaum
534 1574 634 1638 filium
652 1571 804 1657 Gregorii
821 1572 880 1638 filii
896 1573 986 1638 Petri
1003 1575 1035 1638 in
1052 1575 1250 1656 possessione
1267 1594 1325 1637 sue
1346 1571 1478 1657 Gyauda

347 1691 468 1761 vocata,
484 1689 597 1748 contra
613 1689 803 1747 annotatum
828 1682 1019 1763 magistrum
1036 1681 1237 1764 Stephanum
1253 1681 1417 1747 notarium
1432 1704 1474 1744 ve·

346 1801 448 1859 strum
465 1793 499 1857 in
515 1798 654 1858 vestram
674 1792 829 1856 citassent
853 1791 1061 1875 presenciam,
1087 1798 1215 1856 octavas
1240 1789 1312 1856 sesti
1329 1789 1474 1855 Omnium

347 1904 539 1968 Sanctorum
556 1921 640 1964 nunc
657 1907 807 1964 venturas
823 1919 931 1965 coram
947 1905 1054 1964 vestre
1080 1901 1249 1964 maiestate
1276 1901 1475 1981 comparendi

347 2062 371 2076 ..
383 2033 441 2094 pro
450 2010 587 2074 termino
598 2007 926 2092 assignandoDatum
938 2015 1055 2091 quarto
1066 2007 1117 2072 dic
1128 2009 1293 2074 citaoionis
1304 2015 1476 2091 prenotate,

348 2140 433 2184 anno
449 2118 569 2184 domini
586 2118 638 2182 Μο
662 2116 761 2184 0000
783 2117 888 2184 XL¹¹¹⁰
905 2123 1026 2182 octavo.

460 2283 589 2346 Papiron,
603 2281 729 2332 ztrlatdn
744 2281 836 2344 pecset
849 2280 1052 2345 t-dredekeiv013
1072 2280 1203 2346 credetije
1216 2297 1248 2332 aa
1262 2297 1322 2332 orsz
1337 2284 1368 2331 a.
1382 2282 1477 2331 kiusai.

351 2378 422 2422 oszt.
437 2372 470 2422 N.
486 2375 519 2424 R.
533 2374 566 2423 A.
584 2381 659 2426 1698.
674 2381 715 2424 61.
730 2373 798 2436 dipl.
812 2379 879 2422 caat.
894 2377 972 2422 4009.
994 2373 1093 2422 Kozli:
1116 2373 1224 2423 Koraos
1238 2374 1271 2423 N.

880 2755 952 2816 115.

356 2915 448 2976 1348.
468 2913 574 2991 Bada,
591 2924 646 2977 oct.
662 2917 692 2976 3.
711 2915 738 2976 I.
759 2915 853 2998 Lojos
869 2914 977 3002 kira'ly
993 2917 1174 3001 neophoppju
1194 2914 1305 3000 Szepes
1325 2920 1479 3000 odrnaeppc

352 3021 544 3105 ispdny'dnak
563 3023 594 3084 e's
619 3021 876 3106 azolpodirdiuuk
887 3071 897 3101 ,
923 3023 1003 3108 kopp
1030 3023 1212 3108 eizspdlatot
1237 3022 1437 3106 toljest'tseael·
1461 3047 1478 3086 o

352 3131 467 3214 szepesi
482 3129 637 3217 ddptadaa
663 3153 741 3194 czon
762 3154 906 3216 ponaszo
924 3129 1028 3215 foleti,
1055 3133 1134 3215 hopy
1162 3129 1360 3215 Geroltfalri
1376 3132 1477 3196 Korrcd
1572 3161 1573 3188 ;

356 3237 454 3302 Pala
469 3239 500 3302 e‘s
517 3237 646 3316 Milolo's,
665 3237 1091 3323 Szepes-Szenu-Moaouton
1107 3238 1156 3301 ae‘t
1171 3239 1318 3301 karronok
1334 3239 1478 3324 kumitjdu

472 3345 740 3432 kepyetlculcodlek
755 3369 770 3408 s
787 3371 807 3410 a
823 3346 997 3411 leuconotos
1012 3349 1040 3410 is
1056 3345 1366 3431 neophordlopoztctlu
1388 3385 1392 3392 ·

462 3507 641 3574 Lodovicus
667 3558 697 3572 ..
724 3529 780 3572 rex
806 3557 836 3573 ..
863 3509 970 3573 comiti
997 3509 1046 3573 vol
1071 3510 1247 3574 vicecomiti
1274 3517 1306 3575 ct
1326 3509 1478 3577 iudicibus

355 3613 510 3679 nobilium
537 3615 708 3680 comitatus
734 3615 773 3679 de
790 3615 912 3698 Scepus
930 3667 936 3680 .
954 3665 960 3679 .
978 3615 1095 3681 dicitur
1119 3615 1211 3681 nobis
1236 3617 1270 3680 in
1295 3619 1481 3701 personis..
1571 3705 1572 3708 Ἴ

355 3723 489 3805 capituli
506 3724 638 3790 ecclesie
649 3723 869 3807 Scepusiensis
884 3725 1063 3806 queruloso,
1079 3724 1166 3807 quod
1176 3725 1278 3790 Peteu
1289 3725 1482 3790 etNicolaus
1571 3761 1572 3770 ,

358 3832 435 3898 dicti
451 3831 570 3898 Konch
586 3833 644 3898 filii
661 3832 790 3898 Nicolai
807 3832 865 3897 filii
883 3831 1032 3912 Gerardi,
1049 3855 1121 3898 cum
1144 3855 1253 3898 eorum
1270 3833 1481 3918 complicibus,

356 3940 438 4006 feria
463 3941 603 4006 secunda
628 3943 775 4024 proxima
800 3947 872 4024 post
898 3939 1015 4005 festum
1031 3939 1255 4006 Assumcionis
1271 3941 1404 4025 virginis
1418 3941 1482 4024 glo·

357 4048 439 4113 riose
459 4071 542 4114 anno
567 4051 601 4114 in
617 4050 759 4133 presenti
783 4049 982 4132 preteritum,
1008 4049 1047 4113 de
1072 4051 1272 4132 possessione
1296 4070 1406 4114 eorum
1423 4046 1483 4116 Ge-

357 4157 511 4222 raltsalna
535 4163 658 4235 vocata,
683 4159 724 4222 ad
749 4157 904 4222 Sanctum
921 4156 1101 4221 Martinam
1127 4156 1181 4222 ubi
1205 4157 1385 4240 predictum
1401 4156 1483 4240 capi·
1570 4215 1571 4250 ,

358 4267 462 4330 tulum
478 4266 636 4332 haberent
655 4266 872 4343 residenoiam,
899 4271 1110 4349 preconcepta
1134 4266 1264 4330 malicia
1288 4265 1483 4349 malignandi

359 4374 582 4457 potencialiter
599 4376 769 4452 venientes,
785 4375 888 4458 primo
905 4374 1028 4439 curiam
1045 4374 1192 4456 magistri
1208 4373 1325 4440 Jacobi
1341 4373 1482 4440 canonici

359 4483 460 4566 ipsius
477 4482 609 4548 ecclesie
627 4484 870 4568 confregissent,
895 4483 927 4546 in
945 4483 1035 4547 cuius
1060 4481 1154 4547 domo
1171 4483 1333 4566 quendam
1349 4481 1482 4547 nobilem

359 4591 472 4656 Kokos
489 4592 615 4657 nomine
633 4591 811 4659 interficere
827 4593 977 4672 volentes,
997 4589 1101 4656 tribus
1126 4589 1278 4661 letalibus
1304 4590 1484 4658 vulneribus
1569 4677 1570 4692 χ
