3192 5466
555 429 648 491 1348.
667 447 736 491 aaa.
755 427 783 492 5.
1172 431 1235 494 251

104 631 175 672 cum
208 609 365 673 universis
396 608 581 673 earumdem
613 607 808 672 utilitatibus
832 607 969 674 Nicolaa
995 609 1059 673 lilio
1085 609 1234 686 loannis,

105 718 262 800 possessio
273 717 416 802 ipsorum
429 717 644 802 Kys-Bossan
659 724 773 783 vocata
783 739 855 782 oum
867 718 1016 783 omnibus
1032 719 1098 784 suis
1116 717 1236 784 utilita-

105 825 189 892 tibus
216 826 459 910 campestribus,
475 826 624 892 videlicet
649 825 746 892 terris
771 825 956 892 arabilibus
981 833 1014 892 et
1044 826 1240 910 quibuslibet

104 935 145 999 ali
153 935 182 1002 is
199 936 407 1013 utilitatibus,
423 935 529 1000 minus
554 935 699 1000 utiliores
726 935 820 1000 simul
835 957 907 1000 cum
923 935 1107 1002 utilioribus
1124 934 1241 1020 ponde-

104 1044 206 1108 rando
223 1050 312 1109 recta
327 1050 359 1109 et
375 1065 459 1128 equa
475 1043 619 1110 funiculo
645 1043 884 1110 distribuoionis
901 1045 1034 1128 partita,
1060 1067 1132 1110 aum
1150 1044 1240 1110 curia

104 1154 135 1216 in
152 1174 219 1235 qua
234 1153 298 1236 ipsi
315 1152 372 1218 filii
389 1153 501 1220 Jouka
517 1153 728 1219 residenaiam
745 1174 846 1236 usque
862 1153 956 1218 modo
972 1153 1125 1232 fecerunt,
1143 1153 1239 1219 simul

104 1283 174 1325 uum
193 1261 389 1328 sessionibus
413 1261 619 1346 iobagionum
636 1261 778 1328 Madach
801 1261 927 1346 Mykus
952 1267 985 1326 et
1009 1261 1152 1340 Iuanlra,
1179 1261 1240 1326 sibi

105 1371 135 1433 in
152 1369 267 1434 eadem
284 1370 411 1436 Bossan
428 1371 596 1454 (actiguis,
616 1376 649 1434 et
674 1371 774 1436 sessio
790 1369 913 1455 Petryk
938 1370 1016 1436 dieti
1043 1370 1082 1434 de
1108 1370 1235 1436 Thoroz

104 1479 183 1562 ipsis
200 1480 436 1562 prenominatis
452 1479 527 1544 filiis
544 1478 569 1544 J
571 1479 664 1560 ouka,
690 1480 789 1544 sessio
805 1499 880 1543 vero
896 1500 978 1544 nova
1002 1479 1090 1544 circa
1106 1477 1239 1544 fluvium

104 1585 228 1665 Nittra
244 1589 278 1652 in
289 1609 354 1670 qua
364 1587 440 1652 olim
451 1588 583 1671 quidam
593 1586 750 1671 Dobzegh
766 1587 894 1652 nomine
909 1587 1080 1666 residebat,
1097 1589 1130 1652 in
1146 1593 1240 1654 tanta

104 1697 289 1778 ‹puantitate
306 1696 401 1762 sicuti
411 1696 501 1761 ouria
510 1695 649 1760 filiorum
665 1696 691 1762 J
692 1696 776 1762 ouka
786 1695 854 1761 fore
864 1696 1052 1774 dinoscitur,
1068 1697 1100 1760 in
1117 1717 1237 1760 recom-

104 1824 239 1886 pensam
256 1804 344 1869 curie
361 1803 578 1887 predictorum
594 1802 735 1868 filiorum
746 1803 771 1868 J
772 1804 865 1882 ouka,
881 1809 914 1869 et
929 1804 1086 1870 sessiones
1100 1803 1241 1869 Dionisii

104 1911 222 1996 Mykes
238 1917 272 1976 et
287 1911 446 1996 Stephani
459 1911 666 1994 iobagionum
677 1933 750 1977 aum
760 1912 880 1977 eisdem
896 1911 1119 1995 iobagionibns
1136 1913 1197 1978 sibi
1207 1915 1240 1980 iu

104 2021 220 2086 eadem
235 2019 362 2086 Bossan
379 2021 555 2104 contiguas,
579 2041 701 2084 necnon
718 2020 851 2103 quidam
866 2021 955 2086 locus
970 2022 1129 2106 cespitum
1146 2023 1242 2106 vulgo

103 2129 223 2212 pasyth
241 2129 356 2207 dictus,
381 2128 415 2193 in
431 2149 470 2192 ea
486 2127 671 2212 quantitate
696 2128 730 2192 in
756 2150 821 2212 qua
846 2129 945 2194 sessio
965 2129 1087 2214 Petrylr
1103 2130 1241 2214 predicti

104 2243 241 2302 extensa
258 2237 413 2315 consistit,
428 2235 566 2302 Nicolao
581 2235 647 2300 filio
663 2235 688 2300 J
690 2235 803 2301 cannis
819 2243 990 2320 prenotato
1015 2238 1186 2304 cessissent
1201 2261 1240 2305 ac

103 2345 256 2411 deuolute
267 2345 412 2424 fuissent,
423 2351 580 2430 perpetuo
591 2346 975 2429 periamprenominatas
993 2351 1102 2430 partes
1113 2353 1146 2411 et
1157 2348 1237 2412 irre-

103 2455 293 2520 vocabiliter
309 2459 345 2520 ut
360 2455 561 2538 premittitur
576 2455 610 2518 in
625 2454 770 2537 ipsorum
795 2455 930 2520 heredes
947 2506 953 2519 .
971 2507 977 2520 .
994 2456 1187 2539 possidendo
1204 2505 1210 2521 .
1229 2509 1235 2522 .

106 2563 225 2629 silvam
257 2583 332 2628 vero
356 2555 608 2628 Feketheerdeu
623 2563 770 2646 superius
797 2564 996 2628 nominatam
1012 2563 1158 2646 predicto
1178 2563 1236 2630 Ni-

104 2671 195 2736 oolaa
211 2669 280 2735 filio
296 2671 321 2736 J
323 2671 437 2735 oannis
453 2675 486 2734 et
501 2669 568 2734 suis
586 2668 811 2753 iobagionibns
827 2671 863 2736 in
878 2669 1030 2756 Wyffalw
1046 2678 1078 2737 et
1093 2671 1239 2738 Lestheu

103 2779 226 2844 habitis
242 2779 285 2844 ad
298 2778 455 2844 utendum
479 2798 538 2862 pro
563 2777 751 2842 necessariis
777 2779 995 2861 prenominati
1019 2779 1079 2845 filii
1106 2780 1241 2846 Iwanka

104 2893 257 2953 tenentur
275 2887 352 2952 dare
368 2885 491 2969 absque
511 2884 623 2969 aliqua
647 2885 917 2968 contradicemus,
943 2887 1115 2953 voluerunt
1140 2890 1241 2954 eciam

102 3003 223 3080 partes,
239 3001 276 3060 ut
291 2995 319 3060 si
335 3014 400 3076 qua
416 2995 562 3078 parcium
579 2995 706 3060 racione
723 2994 960 3077 possessionum
986 3017 1043 3060 seu
1069 2999 1242 3080 possessio·

103 3105 274 3168 nariarum
290 3103 477 3186 poreiouum
503 3103 536 3168 in
551 3103 786 3187 prenominatis
811 3103 1066 3186 possessionibus
1097 3105 1241 3189 ipsorum

103 3210 199 3276 modo
217 3213 374 3294 premisso
390 3212 476 3276 inter
486 3232 519 3276 se
529 3209 639 3276 divisis
657 3211 828 3292 quescione
844 3209 911 3275 litis
927 3211 1148 3294 impeteretur,
1163 3218 1241 3279 tnnc

103 3327 216 3405 partes
234 3341 269 3384 se
285 3325 353 3384 tam
369 3317 535 3384 laboribus
561 3340 659 3402 quam
685 3319 833 3402 expensis
850 3321 1062 3385 communiter
1087 3325 1241 3386 tenentur

102 3431 293 3510 sublevare;
317 3427 469 3492 interfuit
484 3428 585 3494 eciam
602 3428 749 3512 parcium
766 3427 932 3507 voluntati,
949 3435 986 3494 ut
996 3429 1024 3494 si
1035 3428 1091 3512 qni
1107 3450 1146 3493 ex
1162 3430 1241 3512 ipsis

102 3540 135 3604 in
152 3539 223 3605 suis
240 3536 501 3622 possessionen-iis
517 3537 731 3620 porcionibus,
747 3539 880 3622 proprio
891 3558 948 3603 suo
962 3557 1094 3603 excessu
1110 3543 1242 3618 remota,

103 3645 269 3712 defectum
285 3646 439 3710 iniuriose
450 3666 506 3729 per
516 3645 701 3729 quempiam
717 3651 886 3729 pateretur
911 3651 969 3710 aut
985 3646 1054 3728 pati
1071 3646 1239 3729 contingit,

103 3763 184 3820 tnnc
200 3753 297 3820 simul
313 3760 422 3836 partes
439 3752 599 3818 defectum
615 3753 707 3818 illum
723 3755 924 3837 reintegrare
942 3759 975 3818 et
991 3753 1140 3837 supplere
1156 3755 1243 3837 parti

102 3863 333 3941 iniuriate,aut
342 3862 531 3928 divisionem
541 3863 731 3947 premissam
745 3883 898 3927 renovare
909 3861 1112 3928 tenebuntur.
1118 3860 1243 3926 Datum

101 3971 186 4037 feria
202 3975 296 4036 sexta
310 3970 457 4052 proxima
473 3975 549 4034 ante
566 3968 683 4034 festum
693 3968 781 4035 beati
794 3969 922 4036 Nicolai
939 3967 1138 4048 confessoris,
1155 3990 1240 4034 anno

104 4079 231 4146 domini
246 4075 424 4142 Millesimo
439 4077 666 4142 trecentesimo
683 4077 932 4161 quadragesimo
949 4084 1070 4143 octavo.

215 4243 239 4292 1.
252 4240 411 4291 Ferdintnd
426 4240 575 4303 kirtlynak
596 4245 672 4292 1559.
696 4255 759 4290 nov.
775 4241 837 4292 sen
854 4241 1019 4307 »Gregorius
1032 4241 1194 4304 Wyllalwsy
1208 4241 1241 4291 de

104 4331 337 4398 Dywekwyffslw
359 4335 387 4380 et
409 4330 543 4396 Georgius
566 4329 599 4380 de
621 4329 746 4380 Rwdna«
770 4329 921 4380 kenelmere
944 4330 1055 4380 kiadott
1080 4329 1243 4394 atinatabbl,

105 4423 238 4487 melynek
252 4420 383 4485 credetije
396 4434 514 4486 megvsn
528 4435 559 4470 az
574 4435 642 4470 orez.
656 4421 687 4470 lt.
702 4421 801 4471 kinost.
816 4426 882 4470 oszt.
897 4421 930 4470 N.
945 4423 979 4471 R.
992 4421 1025 4470 A.
1040 4425 1101 4470 485.
1114 4427 1156 4471 31.
1171 4419 1239 4483 dipl.

103 4521 172 4565 oszt.
189 4517 286 4564 24470.
301 4511 400 4562 Kozli:
421 4511 529 4562 Kovsos
542 4511 575 4560 N.
596 4538 621 4546 -
638 4511 670 4560 V.
685 4513 709 4559 ὅ.
723 4509 804 4574 Fejer
817 4511 868 4574 Gy.
882 4511 900 4561 i.
914 4526 949 4561 m.
964 4512 1012 4560 IX.
1030 4517 1051 4560 1.

597 4674 603 4680 .
628 4671 756 4680 -.-—.—-.
