3192 5466
515 492 610 555 1348.
627 495 699 555 Mle.
719 495 768 558 16.
1145 499 1208 560 193

92 667 241 750 magistris
257 667 413 734 Ladislao
429 670 514 736 dicto
530 672 627 752 Zaer,
653 674 809 758 Eynardo
824 678 857 738 et
872 673 1038 757 Stephano
1063 675 1130 740 filio
1146 677 1210 742 La·

91 778 171 844 dislni
196 779 417 861 personaliter,
440 781 594 863 predictis
619 780 757 847 Nicolao
782 789 815 847 et
840 783 939 848 Petro
968 805 1027 868 pro
1052 785 1207 868 predictis

91 887 176 952 Petro
200 886 288 952 dicto
303 887 415 952 anor
440 893 472 953 et
496 888 648 954 Johanne
674 887 886 956 Guthundorl
902 891 988 956 dicto
1013 893 1206 958 auctoritate

91 996 300 1077 procuratoris
320 1045 351 1059 ..
377 997 630 1080 acceptantibus,
647 998 792 1063 benivole
817 999 1026 1082 reliquissent
1051 1007 1084 1064 et
1108 1005 1209 1065 statu·

90 1103 176 1168 issent
207 1111 362 1190 perpetuo
392 1105 610 1188 possidendas.
635 1106 725 1171 Mete
757 1113 866 1172 autem
899 1108 1017 1192 quibus
1044 1109 1208 1194 predictas

91 1212 270 1295 particulam
294 1221 390 1292 terre,
414 1213 527 1279 silvam
552 1222 585 1279 et
618 1216 726 1281 vineas
752 1215 910 1299 litigiosas
935 1225 1091 1302 perpetuo
1120 1239 1210 1302 sepa·
1301 1275 1305 1282 .

91 1329 212 1400 rossent,
228 1327 323 1404 prout
339 1321 437 1387 iidem
453 1323 534 1406 regii
551 1331 583 1388 et
598 1325 743 1407 ipsorum
758 1325 902 1390 homines
913 1327 992 1409 ipsis
1008 1328 1208 1410 retulissent,

91 1429 137 1494 hoc
152 1429 246 1493 modo
262 1429 535 1514 distingerentur:
559 1433 664 1514 primo
689 1437 722 1497 et
746 1433 971 1518 principaliter
997 1437 1083 1500 circa
1108 1409 1208 1519 duan·

90 1536 150 1601 dam
168 1538 263 1616 riam,
286 1559 348 1620 quc
369 1537 487 1604 dicitnr
513 1540 564 1603 via
589 1538 629 1604 de
654 1538 827 1620 Sumudnr,
851 1563 871 1606 a
896 1547 990 1626 parte
1016 1541 1209 1608 occidentali

90 1644 217 1709 eiusdem
233 1645 282 1710 vie
298 1646 378 1712 duas
403 1652 506 1713 metas
530 1653 655 1712 terreas
674 1649 861 1731 erexissent,
886 1650 1002 1715 deinde
1019 1652 1209 1734 procederet

89 1753 122 1816 ad
135 1761 259 1837 partem
275 1754 525 1834 meridionalem,
547 1756 671 1821 veniret
687 1757 728 1822 ad
745 1779 843 1822 unam
859 1765 980 1824 metam
995 1765 1137 1824 terream
1154 1781 1209 1824 an-

89 1862 210 1944 tiquam,
233 1864 326 1928 iuxta
341 1885 439 1946 quem
455 1863 553 1928 aliam
578 1871 697 1930 metam
713 1871 853 1932 terream
869 1866 909 1930 de
925 1887 1005 1931 novo
1022 1868 1209 1948 erexissent,

89 1970 192 2034 deinde
208 1970 270 2034 iret
286 1969 329 2035 ad
345 1970 480 2036 eandem
495 1977 622 2053 partem
642 1973 683 2036 ad
710 1974 872 2056 quendam
896 1973 1030 2040 fluvium
1056 1982 1089 2040 ct
1113 1975 1159 2040 ibi
1175 1976 1209 2039 in

88 2081 240 2144 cacumine
256 2079 422 2144 cuiusdam
441 2081 559 2145 montis
584 2079 869 2166 Seureghfeuhegy
893 2084 997 2148 vocati
1023 2091 1107 2148 esset
1122 2089 1210 2147 meta

88 2189 217 2272 antiqua
228 2189 315 2254 circa
326 2209 422 2271 quam
438 2187 536 2252 aliam
546 2188 585 2252 de
597 2211 675 2254 novo
686 2190 871 2272 erexissent,
881 2191 995 2256 deinde
1012 2192 1053 2256 ad
1070 2191 1204 2255 eandem

88 2305 204 2378 partem
220 2304 253 2362 ct
268 2298 302 2362 in
321 2295 423 2362 latere
448 2297 590 2362 eiusdem
614 2298 731 2362 montis
757 2304 842 2364 essct
866 2320 931 2364 una
956 2305 1042 2364 mete
1057 2299 1201 2380 antiqua,

89 2406 166 2470 circa
183 2426 279 2487 quam
297 2403 395 2468 aliam
414 2405 453 2468 de
470 2425 550 2470 noro
567 2407 751 2488 erexissent,
775 2406 849 2471 inde
871 2406 913 2471 ed
929 2405 1063 2471 eandem
1079 2413 1206 2488 partem

87 2512 170 2577 iuxta
186 2511 349 2594 quandam
375 2513 460 2606 viam
484 2533 542 2596 per
558 2535 658 2596 quam
683 2515 786 2578 iretur
810 2514 852 2578 ad
877 2511 1008 2592 Albam,
1034 2519 1118 2578 essct
1141 2535 1207 2578 una
1297 2526 1301 2535 '

87 2628 165 2684 meta
180 2621 325 2702 antiqua,
342 2619 396 2684 ubi
414 2620 513 2684 aliam
529 2621 569 2684 de
586 2641 665 2685 novo
682 2621 868 2700 erexissent,
884 2621 999 2686 deinde
1016 2621 1058 2686 ad
1075 2621 1209 2687 eandem

86 2734 203 2810 portem
219 2728 260 2792 ad
277 2749 375 2792 unam
391 2733 510 2793 metam
527 2729 704 2811 antiquam,
728 2729 814 2793 circa
833 2751 931 2812 quam
958 2729 1054 2794 aliam
1073 2730 1112 2794 de
1129 2752 1209 2794 novo

86 2836 261 2914 erexissent,
286 2836 401 2900 deinde
418 2837 459 2900 ad
475 2837 573 2901 aliam
589 2843 714 2920 partem
733 2836 775 2900 ad
801 2837 888 2913 duas
906 2843 1009 2903 metes
1025 2844 1158 2915 terreas,
1175 2844 1209 2902 et

84 2944 125 3008 ibi
140 2943 322 3010 flecteretur
332 2944 373 3008 ad
383 2950 508 3027 partem
525 2943 725 3022 orientalem,
739 2950 773 3009 et
786 2966 805 3009 e
816 2946 918 3009 latere
935 2945 1072 3028 predicti
1089 2947 1208 3011 montis

84 3053 173 3134 (poesi
189 3054 230 3118 ad
245 3055 366 3118 iactum
382 3052 499 3136 lapidis
515 3053 595 3118 duas
611 3060 713 3118 metas
731 3053 770 3117 de
786 3073 869 3118 novo
883 3055 1070 3137 erexissent,
1095 3053 1209 3118 deinde

84 3161 123 3224 ad
140 3162 271 3227 eandem
287 3167 413 3243 partem
439 3161 529 3225 iuxta
555 3160 719 3241 quendam
743 3162 828 3225 viam
852 3182 915 3244 que
932 3161 1062 3226 Buruth
1078 3169 1211 3226 vocatur

83 3275 166 3333 esset
179 3275 262 3333 meta
278 3268 423 3351 antique,
441 3268 527 3332 circa
543 3289 641 3353 quam
657 3268 755 3333 aliam
772 3268 810 3332 dc
826 3289 906 3332 novo
923 3270 1108 3346 erexissent,
1134 3269 1209 3333 inde

83 3377 182 3442 iretur
191 3379 231 3442 ad
241 3377 376 3442 eandem
385 3383 521 3461 partem,
536 3379 622 3442 circe
632 3377 795 3460 quandam
809 3378 923 3442 silvam
932 3380 1048 3444 Mutus
1059 3383 1208 3442 vocatam

82 3493 166 3550 esset
188 3493 272 3552 meta
298 3488 442 3570 antiqua,
466 3487 553 3551 circa
579 3506 675 3567 quam
701 3485 799 3551 aliem
826 3493 946 3552 metam
972 3487 1012 3550 de
1037 3507 1117 3550 novo
1143 3505 1210 3549 ere-

82 3593 207 3672 xissent,
229 3593 346 3659 deinde
371 3593 413 3658 ad
438 3593 573 3659 eandem
605 3599 731 3677 partem
763 3594 797 3659 in
828 3596 1014 3659 summitate
1041 3593 1209 3658 cuiusdam

82 3701 199 3766 montis
215 3701 359 3766 eiusdem
375 3701 452 3766 silve
468 3702 582 3766 Mutus
612 3707 717 3766 essent
733 3700 795 3765 due
811 3708 895 3765 mete
920 3707 1014 3780 terre,
1038 3700 1152 3764 deinde
1169 3700 1211 3764 ad

81 3809 213 3874 eandem
238 3811 370 3894 plagam
395 3811 550 3876 transiret
575 3810 616 3874 ad
642 3831 739 3874 unam
765 3809 880 3874 vallem
906 3816 939 3874 et
963 3809 1007 3874 ibi
1027 3816 1134 3875 essent
1148 3808 1210 3872 due

80 3925 167 3980 mete
182 3923 273 4000 terre,
296 3917 410 3982 deinde
428 3916 469 3982 ed
485 3917 621 3982 eandem
637 3925 762 4002 partem
788 3918 846 3982 sub
872 3918 1012 4002 quadam
1038 3917 1152 3981 arbore
1169 3916 1210 3980 si-

79 4021 158 4087 leris
176 4033 256 4090 esset
271 4032 359 4090 meta
375 4026 519 4108 antiqua,
539 4028 625 4090 circa
641 4047 739 4108 quam
755 4026 854 4090 aliam
869 4025 908 4090 dc
925 4046 1005 4090 novo
1022 4025 1208 4100 erexissent,

78 4131 161 4196 item
181 4133 217 4198 ad
234 4134 368 4198 eandem
384 4141 512 4217 partem
523 4133 582 4198 sub
593 4135 658 4200 elia
667 4133 782 4200 arbore
798 4139 906 4199 essent
922 4134 985 4198 due
995 4138 1079 4196 mete
1095 4139 1210 4211 terreo,

76 4238 155 4304 inde
185 4241 222 4305 ad
246 4243 380 4308 eandem
411 4249 537 4326 partem
563 4241 746 4308 subternis
771 4243 885 4308 arbore
911 4247 1026 4307 essent
1043 4241 1105 4304 due
1124 4246 1209 4304 mete

80 4353 202 4427 terroe,
223 4351 335 4415 deinde
362 4350 403 4429 ad
428 4351 562 4416 eandem
579 4352 709 4436 plagam
734 4351 794 4415 sub
819 4356 937 4433 quarta
960 4349 1075 4414 arbore
1106 4348 1211 4413 sileris

75 4460 193 4518 essent
207 4457 265 4520 dne
281 4464 365 4522 mete
381 4463 503 4539 terree3
526 4459 603 4522 item
628 4458 670 4522 ad
695 4456 830 4521 eandem
855 4462 982 4540 partem
1008 4454 1068 4520 sub
1095 4457 1211 4538 quinta

76 4561 200 4624 arbore
223 4569 304 4628 esset
328 4585 394 4628 una
419 4569 506 4628 meta
531 4569 639 4629 terrea
664 4563 807 4646 antiqua,
831 4564 917 4628 circa
942 4582 1041 4644 quem
1057 4561 1155 4626 aliam
1171 4562 1211 4626 de

74 4689 164 4732 novo
194 4671 373 4749 erexissent,
404 4671 520 4736 deinde
545 4671 587 4736 ad
611 4672 746 4736 candem
771 4675 896 4754 partem
923 4669 1014 4732 iuxta
1047 4669 1211 4752 quendam

115 4804 278 4852 ,nmrocxonr
294 4795 466 4844 oxxlsrrln.
483 4808 508 4844 v.
520 4799 616 4844 stirne.
1069 4803 1099 4847 13
