3188 5476
564 622 657 692 1352.
677 647 745 692 vinc.
765 624 814 691 ll.
1179 627 1241 694 62?

113 801 286 872 vicecomes
317 803 519 889 parochialis,
535 814 568 872 et
593 829 698 873 comes
730 807 883 874 Matheus
908 810 948 874 de
979 809 1128 892 Oapulnu
1160 831 1242 874 unus

110 915 251 980 iudicum
268 921 410 998 quatuor
435 935 492 997 per
517 916 733 980 litteratorium
756 917 945 982 mandatum
961 917 1055 981 dictis
1072 918 1241 1000 quindenis

110 1025 179 1089 illic
194 1025 393 1102 accedentes,
419 1025 474 1106 qui
491 1025 618 1090 demum
636 1026 677 1090 ad
695 1047 751 1090 nos
767 1026 887 1090 reversi
904 1024 995 1090 nobis
1012 1026 1193 1090 retulerunt
1209 1027 1242 1088 in

110 1133 197 1198 hunc
222 1132 361 1208 modum,
387 1134 474 1214 quod
498 1131 539 1198 ab
565 1134 721 1198 universis
747 1133 908 1198 nobilibus
932 1133 1090 1198 dictorum
1107 1133 1243 1198 duorum

116 1241 337 1318 comitatuum,
348 1241 456 1322 palam
473 1246 506 1303 et
521 1240 645 1304 occulte
660 1241 881 1323 investigando
897 1241 1116 1322 quesivissent‚
1133 1248 1242 1306 utrum

114 1347 258 1430 predicte
291 1355 378 1412 terre
410 1347 563 1411 Perezlen
590 1354 622 1411 et
647 1347 801 1412 Foldsalu
826 1355 936 1413 vocate
961 1349 1178 1431 pertinuerint
1202 1349 1243 1412 ad

110 1455 343 1536 possessionem
370 1454 450 1518 dicti
474 1455 624 1536 magistri
645 1454 817 1520 Michaelis
834 1453 922 1520 Oiler
938 1461 1093 1534 vocatam,
1119 1463 1177 1520 aut
1201 1457 1244 1520 ad

109 1564 344 1644 possessionem
370 1563 486 1626 civium
512 1561 551 1626 de
577 1561 697 1628 Tierua
721 1563 835 1628 Razua
862 1571 1009 1628 vocatum
1033 1563 1244 1628 dinoscantur

110 1671 281 1752 pertinere,
307 1673 362 1753 qui
388 1692 452 1734 uno
470 1691 524 1735 ore
550 1677 582 1732 et
607 1671 649 1734 ad
674 1691 785 1735 eorum
805 1671 1036 1736 conscienciam
1052 1669 1129 1735 fassi
1146 1671 1241 1735 exsti-

108 1777 233 1854 tissent,
260 1777 345 1860 qnod
370 1776 412 1841 ab
428 1797 464 1840 eo
481 1783 624 1860 tempore
650 1799 713 1859 quo
729 1777 791 1860 ipsi
815 1777 977 1842 recordari
997 1785 1137 1861 possent,
1162 1799 1241 1842 sem·

107 1907 167 1967 per
193 1885 234 1948 ad
261 1885 379 1950 dictam
405 1884 515 1950 villam
541 1881 637 1968 Cyfer
663 1885 823 1968 predictas
849 1885 929 1950 dnos
955 1893 1060 1950 terras
1080 1886 1242 1968 pertinere

107 1993 277 2058 audientes
309 1993 484 2070 scivissent,
518 1999 551 2056 et
575 2013 741 2073 nunquam
758 1993 799 2054 ad
824 1993 1056 2076 possessionem
1083 1993 1242 2058 dictorum

107 2101 225 2164 civium
249 2101 411 2184 pertinere
437 2099 643 2164 audivissent.
669 2099 794 2163 Datum
820 2100 958 2164 secundo
984 2099 1035 2162 die
1075 2101 1135 2164 esti
1155 2100 1242 2165 beati

106 2207 243 2274 Andree
253 2207 400 2292 apostoli,
419 2229 503 2274 anno
514 2207 634 2273 domini
644 2209 719 2272 ΜῙηο
730 2205 850 2274 CCC¹¹²0
860 2207 926 2272 Leo
937 2209 1077 2273 secundo
1090 2215 1125 2272 ut
1135 2230 1242 2292 supra.

217 2369 348 2420 Zarlatdn
361 2371 427 2420 toub
440 2369 720 2432 pecsetnyomaiv'a13
740 2369 869 2432 credetije
882 2385 914 2419 ez
929 2384 998 2420 orez.
1012 2372 1043 2419 lt.
1058 2371 1158 2420 kincst.
1172 2377 1240 2420 oszt.

105 2459 140 2507 N.
156 2459 191 2508 R.
205 2460 238 2508 A.
256 2463 331 2508 1671.
346 2459 469 2524 739dipl.
483 2461 551 2508 oszt.
566 2463 644 2509 4317.
658 2460 757 2508 Kczli:
773 2459 881 2509 Kovacs
895 2461 928 2509 N.

597 2673 755 2682 ...ψ-ο,-

634 2863 708 2923 394.

108 3020 207 3082 1352.
226 3019 321 3107 Epor,
338 3021 403 3084 dec.
422 3022 472 3083 11.
496 3019 612 3084 La'szld
636 3027 704 3107 apri
715 3024 847 3107 purificet
872 3025 902 3082 ὅς
928 3021 1069 3108 pitspb'lci
1083 3024 1239 3102 vicarius,

107 3129 301 3192 Felbdrczai
325 3129 433 3215 Mojus
458 3129 726 3214 onokujachra
747 3129 866 3192 Suom-r·
890 3130 998 3194 Jducs
1023 3135 1091 3214 ueje
1118 3135 1236 3194 reiecero

106 3236 285 3301 Falla-oza
302 3246 382 3301 nevit
399 3239 502 3302 birtole
518 3237 659 3300 dorstad
675 3242 771 3301 resset
788 3264 807 3302 a
827 3249 958 3302 neeezett
969 3237 1159 3302 Felboirczai
1171 3239 1239 3301 Mo-

95 3350 160 3430 jus
169 3343 223 3423 fla
245 3343 439 3426 Tamdsfici
455 3345 609 3409 ellendbeo
623 3348 800 3410 vtsszatte'lt
825 3373 839 3410 s
861 3347 979 3411 Miletos
1002 3347 1115 3410 uasat
1126 3347 1238 3430 plebu-

101 3462 177 3517 nost
202 3458 232 3517 e's
254 3455 345 3516 Pr'ter
369 3455 572 3540 lapispatakt
597 3465 757 3518 szcrzetest
791 3480 811 3518 α
836 3457 1077 3541 ινξρνεᾶιψάενα
1102 3455 1239 3518 titulat.

215 3617 387 3682 Ladislaus
412 3619 593 3700 prepositus
619 3616 752 3682 ecclesie
768 3617 939 3700 Agriensis
955 3624 988 3681 et
1004 3668 1033 3680 ..
1059 3617 1186 3682 Nicolai
1204 3671 1210 3684 .
1228 3657 1239 3666 -

105 3723 282 3806 Agriensis
307 3725 605 3811 ecclesie'pepiscopi
629 3728 662 3789 in
688 3725 912 3808 spiritualibus
944 3727 1082 3790 vicarius
1108 3747 1236 3806 genera·

101 3833 144 3896 lis
163 3879 195 3896 ..
219 3831 354 3898 Nicolao
371 3833 509 3916 plebano
525 3833 564 3897 de
590 3833 691 3899 Cassa
717 3839 750 3896 et
775 3833 874 3896 Petro
899 3833 937 3896 de
961 3833 1174 3916 Lapuspatak
1190 3855 1239 3900 sa·

102 3939 230 4005 cerdoti
247 3992 254 4005 .
271 3991 277 4004 .
304 3939 469 4004 Noveritis
485 3939 571 4020 quod
587 3941 619 4004 in
637 3939 807 4022 quindenis
824 3940 897 4008 festi
912 3940 1156 4005 Purificacionis
1177 3941 1238 4004 vir-

101 4048 190 4128 ginis
223 4049 359 4130 gloriose
385 4049 527 4132 proxime
554 4049 718 4130 preteritis
742 4047 905 4112 lohannes
931 4047 1016 4113 filius
1042 4048 1175 4113 Herrici
1199 4049 1239 4112 de

101 4155 210 4220 Sovar
224 4155 361 4219 maritus
387 4163 419 4220 et
442 4161 632 4238 procurator
657 4154 773 4220 nobilis
802 4156 929 4222 domiue
953 4155 1019 4220 filie
1035 4155 1163 4220 Kemen
1179 4155 1240 4219 filii

102 4261 250 4328 Simonis
266 4264 372 4348 neptis
389 4264 550 4346 quondam
567 4263 675 4328 Moius
701 4263 741 4328 de
766 4263 950 4328 Felbarcha
966 4263 1065 4330 Clara
1081 4269 1190 4330 vocate
1207 4312 1214 4326 .

100 4372 137 4434 in
154 4391 295 4454 persona
312 4371 452 4436 eiusdem
469 4371 595 4436 domine
611 4371 644 4436 in
661 4371 765 4454 figura
780 4372 888 4436 iudicii
910 4373 1137 4453 magistrorum
1148 4369 1239 4436 Petri

100 4476 327 4544 archidiaconi
343 4479 382 4543 de
399 4479 513 4562 anh
529 4485 562 4543 et
578 4475 738 4544 Gothardi
755 4478 916 4560 quondum
944 4478 1048 4542 officio
1064 4479 1239 4544 vicariatus

105 4586 213 4668 ipsius
235 4586 355 4652 domini
373 4589 516 4672 episcopi
540 4586 745 4668 fungencium
771 4587 994 4668 comparendO,
1014 4591 1127 4650 contra
1143 4584 1239 4650 Saba·

98 4695 248 4760 stianum
279 4701 312 4760 et
344 4695 521 4780 Georgium
547 4695 630 4760 filios
656 4696 779 4760 Thome
812 4694 869 4758 filii
905 4693 1047 4759 eiusdem
1072 4692 1180 4758 Moius
1206 4694 1239 4758 in

76 4787 79 4790 Ι
105 4824 241 4890 caussam
263 4803 405 4888 legitime
422 4811 586 4880 attractos,
604 4804 760 4886 quasdam
787 4803 898 4868 literas
923 4802 1138 4886 privilegiales
1155 4803 1240 4886 capi-

1081 4931 1131 4980 so·
