3180 5466
287 514 352 578 496
639 528 825 578 anJounonr
843 516 1055 578 onulurrln.

287 694 354 758 filio
370 694 475 759 Blasii
492 692 532 757 de
547 695 639 758 iuxta
650 693 760 759 Turch
771 693 986 760 amicabiliter
998 695 1143 781 receptis,
1154 715 1221 759 una
1231 715 1305 759 cum
1314 693 1424 758 Paulo

286 803 352 867 filio
368 799 481 866 Abrae
497 801 536 866 de
552 801 709 868 Rakouch
725 802 853 867 homine
869 809 983 881 vestro,
1001 803 1136 869 fratrem
1148 801 1316 868 Andream
1332 823 1421 886 pres·

287 910 427 975 biterum
444 911 546 975 nostri
579 918 753 976 conventus
779 909 820 975 ad
841 909 1021 976 faciendam
1047 913 1236 977 citacionem
1256 909 1422 976 infrascri-

288 1024 378 1102 ptam
393 1039 452 1104 pro
467 1018 653 1084 testimonio
670 1019 819 1083 drmimus
835 1017 1081 1101 destinandum3
1099 1021 1156 1102 qui
1229 1020 1424 1094 retulerunt,

288 1127 374 1208 quod
391 1128 452 1212 ipsi
469 1126 603 1192 sabbato
620 1128 765 1211 proximo
781 1133 856 1191 ante
883 1125 1000 1193 testum
1025 1127 1112 1192 beati
1139 1126 1267 1195 Vrbani
1284 1147 1367 1211 pape
1384 1126 1425 1189 de

288 1256 369 1300 novo
385 1237 586 1319 preteritum,
603 1235 693 1300 Beke
708 1233 812 1300 filium
828 1233 925 1300 Pauli
950 1235 990 1300 de
1014 1235 1156 1314 Pronna,
1172 1235 1206 1298 in
1223 1233 1337 1299 eadem
1353 1253 1424 1319 pos·

289 1345 428 1409 sessione
445 1365 502 1408 sua
518 1344 659 1420 Prouna‚
676 1348 788 1408 contra
804 1323 1027 1429 supradictam
1042 1340 1145 1408 filium
1154 1342 1260 1408 Blasii
1278 1341 1320 1408 ad
1331 1343 1425 1423 quin-

288 1451 388 1516 denas
404 1452 477 1517 festi
506 1451 735 1518 Penthccostes
752 1475 838 1518 nunc
853 1457 1015 1530 venturas,
1036 1451 1078 1516 ad
1093 1457 1199 1516 vestre
1230 1449 1424 1514 excellencie

289 1561 489 1644 presenciam
505 1561 697 1626 citavissent.
722 1560 847 1625 Datum
863 1560 1002 1626 secundo
1027 1561 1079 1624 die
1094 1560 1167 1624 festi
1191 1559 1280 1624 beati
1296 1557 1427 1626 Vrbani

289 1689 372 1753 pape
397 1667 583 1753 supradicti,
608 1690 692 1734 anno
724 1667 845 1733 domini
875 1667 1049 1734 Millesimo
1079 1667 1198 1736 OOO¹¹¹⁰
1224 1668 1428 1750 quinquage-

291 1776 372 1841 simo
388 1777 500 1860 primo.

398 1939 528 2004 Papiron,
542 1940 669 1990 ztrlatan
683 1939 964 2002 pecsttnyomaiva13
985 1938 1116 2001 credetiJe
1132 1953 1164 1988 az
1188 1953 1257 1988 orsa.
1272 1939 1305 1987 lt.
1320 1937 1424 1986 kinest.

292 2034 359 2078 «isat.
374 2030 406 2078 N.
420 2031 454 2080 R.
468 2031 500 2079 Α.
519 2035 593 2080 1537.
608 2036 651 2079 44.
665 2030 732 2093 dipl.
746 2035 814 2079 oszt.
828 2035 906 2080 4203.
929 2029 1029 2078 Kozli:
1044 2029 1151 2079 Kovrtcs
1164 2029 1198 2078 N.

820 2453 894 2514 297.

295 2611 390 2674 1351.
407 2611 515 2693 Bada,
525 2617 600 2698 jun.
617 2615 646 2675 2.
664 2614 691 2676 I.
709 2611 806 2698 Lajoa
823 2611 934 2696 etralp
953 2609 1114 2675 titulata
1130 2608 1192 2670 loir.
1210 2605 1330 2670 ambare
1343 2603 1426 2670 altat

294 2742 314 2780 a
330 2719 450 2782 adradi
465 2717 664 2784 cluriasdlcct
680 2743 700 2783 a
716 2719 856 2804 pltapb'lor'
873 2717 1031 2784 tarurtaa
1049 2737 1106 2800 epp
1121 2711 1288 2788 azdllb‘uel,
1306 2714 1340 2775 c's
1365 2711 1425 2775 Vo'·

293 2826 549 2891 rod-Olaazibao
566 2853 587 2892 a
603 2826 708 2892 Kitron
715 2827 838 2914 folyoa
864 2849 920 2913 epp
946 2824 1133 2890 malomnolc
1158 2820 1331 2887 cirroteca
1348 2820 1427 2883 nisa·

473 2937 475 2940 ¹
745 2935 972 3022 azahalyezteti.

402 3097 472 3164 Nos
482 3099 662 3165 Lodovicus
679 3148 686 3162 .
703 3150 709 3164 .
733 3118 791 3163 rex
809 3149 815 3162 .
832 3147 838 3160 .
865 3095 1082 3181 significamus
1099 3143 1105 3158 .
1123 3145 1130 3159 .
1147 3091 1235 3174 qnod
1253 3141 1259 3152 .
1276 3139 1284 3155 .
1309 3112 1426 3156 cnm..

296 3227 421 3273 sorores
448 3207 741 3273 sanctimonialium
766 3205 890 3270 ordinis
916 3211 1027 3270 sancte
1051 3201 1147 3270 Clare
1172 3199 1313 3265 fratrum
1329 3198 1425 3263 mino·

296 3337 368 3403 rum
384 3314 517 3380 claustri
534 3321 644 3380 sancte
660 3313 758 3380 Anne
773 3314 813 3379 de
829 3312 1019 3390 waradino,
1029 3309 1263 3394 querimoniam
1274 3313 1386 3371 nostre
1396 3311 1425 3368 et

297 3422 423 3488 domine
449 3425 557 3508 regine
584 3423 730 3510 genitrici
755 3429 862 3488 nostre
879 3419 1074 3497 charissime,
1090 3420 1125 3483 in
1150 3437 1196 3494 eo,
1221 3421 1259 3480 ut
1283 3413 1309 3478 J
1311 3411 1425 3478 acobus

297 3532 459 3613 qnondam
475 3532 623 3597 sacerdos
639 3531 834 3616 parochialis
845 3529 988 3596 eiusdem
998 3527 1132 3594 claustri
1149 3526 1264 3590 timore
1274 3522 1328 3588 dci
1345 3527 1425 3607 post

298 3641 411 3724 posito,
428 3640 592 3724 quandam
608 3641 734 3706 vineam
750 3641 784 3704 in
800 3639 963 3704 territorio
989 3633 1141 3722 Pyspuky
1157 3633 1358 3707 existentem,
1374 3650 1426 3714 per

300 3745 464 3812 Simonem
481 3749 641 3833 quondam
658 3750 759 3814 civem
774 3748 814 3812 de
831 3746 951 3827 eadem,
968 3749 1000 3810 et
1016 3741 1233 3808 molendinum
1248 3739 1282 3803 in
1299 3737 1426 3840 ciritate

298 3857 515 3936 Waradiensi,
533 3859 566 3922 in
581 3859 650 3924 vico
666 3857 705 3922 de
721 3857 865 3924 Veneoia
890 3875 986 3941 super
1011 3853 1143 3918 fluvium
1159 3847 1257 3914 Orisii
1272 3845 1426 3919 habitum,

300 3985 357 4050 per
373 3965 535 4031 dominam
551 3965 700 4032 relictam
716 3965 858 4030 Emerici
870 3963 967 4048 crispi
983 3961 1068 4027 fabri
1084 3959 1118 4023 in
1128 3954 1281 4022 extremis
1295 3953 1363 4024 suis
1373 3971 1426 4037 pro

298 4072 439 4138 remedio
456 4073 560 4138 salute
584 4074 765 4138 animarum
784 4092 916 4136 suarum
940 4069 1019 4155 ipsis
1042 4064 1205 4132 sororibus
1222 4057 1425 4127 sanctimoni-

301 4180 400 4245 alium
416 4182 549 4264 legatas,
565 4181 707 4248 indebite
724 4183 913 4262 occupasset
924 4183 956 4241 et
973 4181 1145 4260 occupatas
1154 4173 1189 4237 in
1203 4171 1352 4256 ipsarum
1357 4183 1427 4252 pn·

299 4287 453 4354 iudicium
470 4289 637 4368 detineret,
655 4288 881 4374 porrexissent,
910 4283 1128 4370 supplicantes
1153 4283 1264 4344 nostro
1290 4271 1427 4348 culmini,

300 4406 337 4464 nt
353 4419 448 4481 super
474 4399 534 4464 hoc
558 4399 637 4484 ipsis
662 4395 803 4463 remedio
818 4392 985 4480 providere
1009 4391 1217 4474 dignaremur
1242 4389 1426 4470 opportuno,

300 4505 460 4570 undenos
477 4506 698 4572 commoditati
723 4505 884 4570 dictarum
911 4521 1056 4564 sororum
1073 4491 1366 4563 sanctimonialium
1381 4509 1426 4552 re

302 4615 355 4696 gia
371 4615 505 4702 inducti
529 4617 658 4699 pietate,
689 4612 819 4678 iusticia
843 4609 1034 4692 requirente,
1063 4605 1227 4690 cupientes
1253 4598 1428 4665 subvenire.

301 4699 465 4792 domiuum
483 4723 684 4807 Stephanum
700 4721 874 4807 plebanum
891 4717 929 4782 de
946 4716 1061 4782 Soltha
1071 4709 1273 4798 capellanum
1284 4715 1426 4773 nostrum
