3192 5466
396 502 461 563 204
749 523 935 572 nusounom
953 505 1166 564 onulurrla.

394 682 532 766 voyvode
549 683 778 751 Transsilvano
802 692 834 750 et
859 685 924 749 suis
949 680 1121 749 heredibus
1146 701 1183 744 eo
1208 681 1277 744 iure
1303 701 1368 763 quo
1384 701 1422 743 ex
1438 679 1512 744 dictu

394 791 484 872 regia
503 791 676 857 collacione
691 793 752 858 sibi
769 794 930 878 pertinere
947 789 1156 874 dignoscitur,
1182 809 1318 854 unacum
1345 787 1511 870 magnificis

394 899 469 963 viris
486 899 591 965 Paulo
608 901 769 982 quondam
785 902 869 968 bano
895 923 980 966 nunc
1006 919 1079 963 vero
1105 898 1260 981 magistro
1284 897 1510 962 tavarnioorum

395 1008 522 1072 domine
538 1015 647 1074 nostre
662 1011 780 1093 regine,
805 1010 942 1076 Nicolao
958 1009 1024 1073 filio
1041 1007 1198 1090 Stephani
1224 1007 1299 1070 olim
1315 1007 1421 1070 tocius
1436 1005 1512 1072 Scla-

395 1115 604 1195 vomebam,
638 1139 760 1184 necnon
790 1119 953 1201 magistris
987 1115 1169 1182 Laurencio
1204 1113 1363 1180 Nitriensi
1405 1113 1513 1196 Supru·
1576 1119 1577 1122 ’

395 1226 497 1290 niensi
513 1233 545 1290 et
560 1223 776 1306 Castriferrei,
800 1227 825 1292 J
827 1228 953 1292 ohanne
978 1225 1043 1291 filio
1069 1222 1191 1290 Gelcth
1217 1223 1318 1288 fratre
1342 1229 1451 1288 nostro
1466 1223 1512 1288 ka·

395 1334 521 1398 rissimo
555 1334 594 1398 de
629 1334 760 1400 Tmuoh
793 1334 970 1413 comitibus,
995 1334 1074 1397 item
1098 1331 1251 1396 Johoune
1277 1330 1343 1395 filio
1362 1330 1456 1396 Pauli
1478 1332 1510 1396 de

396 1442 466 1520 ido,
489 1442 643 1526 Philippo
669 1444 735 1508 filio
751 1443 895 1527 Philippi
912 1443 951 1508 de
967 1441 1079 1526 Talya,
1103 1441 1245 1506 anasio
1261 1447 1294 1504 et
1309 1436 1466 1523 Gregorio
1480 1442 1512 1505 do

396 1550 487 1614 Petri
504 1571 542 1614 ac
552 1550 625 1614 aliis
641 1549 887 1634 quampluribus
897 1549 988 1632 regni
998 1548 1167 1626 nobilibus,
1187 1546 1355 1613 nobisbum
1365 1548 1398 1611 in
1409 1549 1513 1613 iudicio

395 1657 649 1738 consedentibus,
675 1659 869 1724 auctoritate
884 1659 986 1724 nostri
1014 1641 1215 1742 palatinalis
1246 1655 1466 1721 adiudicamus
1488 1665 1514 1722 et
1577 1673 1578 1724 i

395 1767 634 1846 committimus
650 1774 808 1850 perpetuo
827 1817 833 1832 .
851 1819 857 1831 .
874 1767 1109 1851 possidendam,
1126 1767 1272 1851 predicto
1297 1765 1323 1829 J
1324 1766 1442 1830 ohanni
1457 1765 1513 1828 filio

395 1873 495 1957 ipsius
511 1874 656 1940 Ladislai
674 1876 823 1960 deinceps
840 1897 935 1960 super
951 1875 1063 1940 eadem
1079 1880 1270 1958 perpetuum
1285 1873 1450 1938 silencium
1465 1873 1513 1936 irn-

396 1989 551 2064 pouentes
568 2031 574 2045 .
593 2031 599 2046 .
615 1982 739 2047 Datum
754 1983 857 2063 Bude,
873 1981 1026 2065 vigesimo
1043 1987 1161 2065 quarto
1177 1982 1229 2047 die
1249 1989 1433 2047 octavarum
1450 1981 1512 2044 festi

396 2090 501 2154 sarneii
517 2086 651 2173 Georgii
669 2091 812 2156 martiris
829 2091 1059 2175 predictarum,
1076 2113 1160 2156 auno
1177 2091 1299 2156 domini
1313 2091 1389 2158 Μῑ110
1405 2087 1513 2156 CCCmu

396 2197 500 2262 XL¹¹¹⁰
516 2203 635 2263 octavo.
1175 2215 1176 2218 ’

503 2341 528 2390 Α
542 2341 632 2403 peoset
648 2341 814 2406 carga-piros
836 2344 938 2405 selyem
960 2343 1089 2392 sordraton
1113 2347 1197 2408 l'iigg3
1217 2343 1349 2407 credetije
1362 2359 1395 2394 az
1410 2359 1474 2392 orm.
1487 2346 1513 2392 lr.
1578 2323 1579 2354 i

396 2431 494 2479 kincst.
509 2437 576 2480 oszu
591 2432 624 2480 N.
639 2433 671 2480 R.
685 2433 717 2480 A.
732 2437 792 2481 914.
807 2437 831 2482 3.
845 2432 911 2496 dipl.
927 2439 994 2482 oszt.
1009 2439 1086 2482 3011.
1101 2433 1246 2500 Ugyanott
1260 2435 1338 2484 drzilr
1352 2436 1373 2484 1.
1388 2434 1467 2498 Laius
1479 2435 1513 2482 ki·

396 2520 513 2581 relynak
531 2525 605 2570 1348.
614 2519 675 2582 jun.
696 2520 757 2570 l-en
771 2519 870 2575 Budan
884 2522 943 2572 kelt
956 2522 1103 2587 oklereltt,
1117 2539 1134 2573 a
1147 2525 1220 2587 nuely
1235 2525 1339 2574 suerint
1354 2525 1451 2574 Tamis
1464 2525 1511 2572 rob

395 2609 499 2672 erdelyi
515 2609 596 2673 vajda
608 2627 620 2659 s
633 2613 709 2660 Keve
732 2611 759 2660 es
773 2611 874 2661 Krasso
896 2612 1062 2676 varmegyik
1076 2613 1221 2679 roispanja,
1246 2615 1430 2664 Szairazberelr
1452 2617 1513 2663 uerri

396 2701 519 2750 birtolrat
532 2701 642 2751 Osaholi
657 2701 738 2751 Peter
750 2702 843 2752 lirinalr
856 2703 936 2768 Nngy
951 2703 1093 2755 Junosnak
1106 2704 1302 2770 ajandtlrozza.
1322 2705 1356 2756 N.
1370 2707 1403 2756 R.
1416 2705 1449 2756 Α.
1463 2709 1513 2756 til.

398 2797 421 2842 2.
435 2791 502 2856 dipl.
517 2798 583 2842 oszt.
599 2797 676 2844 3991.
691 2793 790 2844 szli:
811 2793 920 2844 Kovrios
933 2794 966 2842 N.

881 2973 1042 2982 ——---.

937 3175 988 3237 95.

399 3333 494 3396 1348.
514 3331 605 3408 Loco,
623 3335 696 3418 rurij.
714 3334 766 3396 27.
795 3335 879 3398 Burs
903 3340 1067 3420 orirmegpe
1091 3334 1254 3419 olirpdnjo
1278 3337 1309 3398 e'a
1335 3335 1516 3420 szolpubiru'i

398 3441 514 3503 Zsele'zi
531 3441 621 3504 Totos
637 3441 668 3503 o's
693 3441 1010 3529 Vosezb'sjobbdgyuit
1027 3442 1166 3506 Mikoloi
1190 3441 1323 3506 Andrnis
1339 3442 1515 3507 birtobctuol·

743 3547 975 3634 olfopbzldacitdl
989 3549 1166 3614 elrilruudk.

507 3709 575 3774 Nos
592 3710 747 3794 magister
766 3709 951 3794 Stephanus
976 3711 1082 3777 dictus
1107 3713 1218 3778 Rouaz
1243 3713 1419 3778 vicecomes
1444 3713 1516 3779 Bur·

397 3818 510 3883 siensis
520 3825 553 3883 et
562 3818 682 3883 iudices
693 3817 847 3884 nobilium
864 3819 1005 3884 eiusdem
1016 3821 1195 3900 comitatus,
1206 3821 1320 3886 damus
1331 3843 1390 3904 pro
1406 3843 1514 3887 memo·

397 3926 455 4008 ria,
466 3927 551 4010 quod
562 3925 712 3991 Andreas
728 3925 813 3992 iilius
829 3928 918 3992 Petri
929 3926 968 3992 de
978 3927 1115 4011 Mylrula
1132 3927 1173 3993 ad
1191 3934 1335 3993 nostram
1350 3927 1516 4012 personali·

396 4041 448 4100 ter
463 4035 616 4101 accedeus
631 4035 839 4119 presenciam,
855 4035 936 4100 dixit
952 4035 1043 4101 nobis
1053 4037 1269 4120 protestando,
1281 4037 1366 4120 quod
1381 4037 1514 4121 iobagio·

397 4165 454 4208 nes
470 4145 699 4226 magistrorum
715 4143 858 4209 Teutone
883 4149 916 4208 et
941 4145 1099 4210 Weazeus
1115 4145 1154 4209 de
1180 4143 1274 4222 Selia,
1301 4145 1516 4228 potencialiter

399 4275 496 4319 unam
512 4259 598 4318 terre
615 4250 770 4316 arabilem
791 4249 874 4336 (igy)
900 4259 1065 4334 arassent;
1089 4274 1184 4337 super
1204 4275 1268 4338 quo
1287 4259 1400 4336 petens
1428 4275 1517 4318 unum

399 4385 437 4427 cx
453 4361 545 4427 nobis
561 4361 602 4426 ad
618 4358 871 4445 prohibicionem
882 4360 1080 4442 faciendam
1104 4383 1143 4425 ex
1159 4361 1275 4444 quibus
1292 4363 1387 4426 iustis
1403 4369 1436 4427 et
1451 4361 1518 4443 legi-

399 4471 487 4536 timis
503 4468 714 4554 peticionibus
724 4489 824 4532 unum
834 4489 872 4532 ex
882 4468 982 4548 nobis,
993 4470 1139 4535 videlicet
1148 4469 1339 4553 magistrum
1355 4469 1518 4536 Nicolaum

398 4578 501 4644 filium
525 4577 683 4643 Zonchuk
708 4598 846 4643 unacum
871 4577 1024 4644 Johanne
1051 4577 1118 4644 filio
1144 4579 1314 4644 Benedicti
1340 4579 1379 4644 de
1405 4577 1468 4645 Nir
1483 4575 1518 4640 ad

399 4685 514 4756 faciem
531 4685 673 4772 predicte
689 4685 848 4770 particule
872 4695 958 4754 terre
983 4688 1132 4752 duximus
1157 4687 1383 4768 destinandos3
1406 4687 1461 4772 qui
1476 4686 1519 4750 de·
