3192 5466
364 436 428 496 228
720 452 904 496 aurouuom
921 439 1134 496 ouulurrln.

361 613 467 691 misso,
485 613 571 693 quod
587 614 671 678 dicte
697 621 807 697 partes
832 614 944 679 literas
968 615 1111 697 ipsorum
1128 663 1134 677 .
1152 663 1158 676 .
1176 613 1360 696 specialiter
1384 613 1497 676 literas

358 721 480 788 domiui
507 719 680 806 Wyllermi
704 723 857 805 Drugeth
887 721 1022 786 condam
1047 723 1186 806 palatini
1211 743 1269 805 per
1296 724 1402 804 ipsum
1432 721 1496 783 La-

358 829 496 894 dislanm
517 829 622 894 filiurn
647 829 810 894 Lukaohii
835 836 948 895 contra
974 831 1111 895 eundem
1137 830 1278 895 Paulum
1304 829 1409 894 filium
1439 828 1496 890 Jo-

360 938 476 1004 hannis
493 957 591 1019 super
607 937 692 1002 sacto
708 937 875 1002 cuiusdam
885 938 984 1002 duelli
1002 939 1088 1002 inter
1099 940 1185 1022 ipsos
1202 938 1305 1003 habiti
1321 937 1495 1003 confectas.

366 1047 481 1110 demtis
498 1045 570 1110 aliis
587 1045 691 1110 literis
716 1067 827 1111 eorum
852 1046 1106 1133 privilegialibus
1131 1047 1253 1111 domini
1275 1046 1354 1111 Bele
1371 1045 1449 1108 olim
1466 1095 1472 1105 .
1489 1093 1496 1107 .

363 1155 448 1236 regis
466 1203 497 1218 ..
522 1153 684 1218 Johannis
710 1155 848 1236 palatini
873 1161 906 1218 et
931 1155 1065 1237 capituli
1101 1156 1235 1219 ecclesie
1261 1155 1436 1236 Agriensis
1462 1174 1496 1215 ar

364 1261 549 1326 earumdem
565 1261 925 1346 transscripcionalibus
942 1269 975 1326 et
989 1263 1062 1326 aliis
1081 1315 1086 1326 .
1105 1314 1110 1325 .
1128 1284 1224 1346 super
1250 1263 1345 1326 factis
1371 1283 1496 1326 earum·

364 1370 437 1433 dem
453 1370 689 1450 possessionum
707 1369 868 1450 confectis
886 1390 1024 1450 quarum
1040 1372 1166 1453 rigores
1192 1377 1346 1453 perpetue
1372 1389 1495 1434 conser-

365 1477 505 1542 vacionis
517 1475 694 1541 dominium
704 1477 890 1541 earumdem
900 1477 1037 1542 duarum
1047 1480 1282 1560 possessionum
1295 1477 1496 1542 denotarent.

364 1606 471 1650 cassas
488 1633 495 1647 .
512 1633 518 1646 .
535 1583 743 1648 reddiderant
760 1635 766 1648 .
783 1635 789 1648 .
807 1586 974 1650 voluerant
989 1587 1091 1650 eciam
1103 1592 1220 1668 partes,
1238 1587 1325 1667 quod
1342 1587 1369 1649 si
1387 1585 1495 1665 aliqua

364 1692 509 1775 parcium
537 1739 567 1755 ..
593 1691 716 1772 absque
747 1693 901 1756 heredum
933 1693 1102 1757 masculini
1129 1714 1222 1756 sexus
1249 1693 1381 1768 solacio,
1413 1691 1494 1772 quod

369 1798 463 1874 absit,
494 1798 535 1862 ab
562 1799 623 1862 hac
647 1799 714 1864 vita
739 1797 916 1876 decederet,
942 1807 1058 1864 extunc
1083 1800 1168 1865 dicte
1193 1801 1255 1864 due
1281 1802 1496 1882 possessiones

369 1907 516 1989 superius
534 1907 694 1971 nominate
712 1928 784 1970 cum
809 1929 920 1972 earum
936 1909 1187 1991 integritatibus,
1212 1908 1300 1972 illins
1326 1909 1432 1990 partis
1446 1907 1496 1970 do-

366 2015 465 2080 minio
482 2014 734 2090 devolverentur,
751 2017 842 2080 cuius
858 2017 1063 2099 posteritates
1079 2018 1269 2099 superstites
1296 2023 1497 2080 remanerent

366 2123 521 2188 heredum
546 2145 605 2206 per
635 2123 787 2204 heredes,
819 2131 917 2206 prout
947 2126 1054 2189 omnia
1085 2126 1243 2208 premissa
1273 2125 1361 2189 dicta
1393 2131 1496 2207 partes

368 2231 517 2295 ultronea
533 2251 643 2296 eorum
659 2231 825 2296 voluntate
840 2232 912 2297 lieri
938 2233 1108 2298 voluerant
1132 2233 1379 2297 immutabiliter
1395 2253 1495 2296 coram

368 2336 469 2402 uobis.
486 2338 532 2402 Et
542 2339 619 2418 quia
635 2339 677 2402 ad
692 2342 796 2421 ipsam
812 2341 1097 2422 possessionariam
1114 2341 1302 2405 divisionem
1317 2340 1494 2405 faciendam

368 2452 401 2510 et
418 2446 589 2510 videndam
605 2447 748 2512 homines
764 2449 844 2530 regii
861 2455 894 2512 et
909 2449 1094 2513 testimonia
1107 2448 1242 2532 capituli
1258 2448 1392 2514 ecclesie
1404 2447 1496 2530 Agri-

371 2555 456 2618 ensis
481 2554 634 2618 antedicti
660 2555 837 2620 transmitti
862 2554 1022 2620 debebant
1047 2556 1236 2635 necessario,
1262 2554 1335 2620 ideo
1356 2555 1494 2638 predicto

373 2661 515 2744 capitulo
530 2662 685 2744 Agriensi
701 2662 880 2728 literatorie
896 2663 1071 2728 scribentes
1084 2685 1195 2728 eorum
1205 2664 1387 2728 amiciciam
1397 2663 1495 2744 requi-

373 2769 549 2834 siveramus
562 2775 755 2835 ..uteorum
765 2771 933 2836 mitterent
944 2771 1089 2836 homines
1100 2771 1230 2836 idoneos
1241 2792 1301 2854 pro
1311 2769 1495 2835 testimoniis

368 2876 434 2942 lide
460 2877 596 2960 dignos„
609 2877 725 2958 quibus
750 2879 954 2962 presentibus
979 2879 1124 2944 ‘lacobus
1150 2878 1238 2943 lilius
1266 2877 1436 2942 Michaelis
1460 2877 1495 2940 de

368 2985 536 3069 Iseph,vel
546 2985 713 3050 Dionisins
727 2987 814 3051 filius
832 2987 1003 3070 Mykocha,
1014 2994 1071 3052 aut
1087 2987 1111 3052 J
1113 2987 1256 3052 ohannes
1276 2986 1366 3051 filius
1377 2985 1495 3051 Nicolai

370 3094 410 3158 de
426 3091 561 3170 Ohethe,
587 3095 651 3158 sive
668 3094 794 3158 Abram
810 3094 898 3158 lilius
914 3095 939 3158 J
941 3095 1076 3159 ohannis
1094 3095 1134 3159 de
1149 3093 1249 3178 Myrk
1259 3116 1318 3178 pro
1329 3101 1495 3178 partepre·

370 3199 449 3264 dicti
465 3200 561 3265 Pauli
577 3201 639 3266 lilii
663 3200 688 3266 J
690 3203 826 3266 ohannis
842 3203 969 3280 actoris,
995 3203 1072 3267 item
1089 3205 1290 3268 Laurenciua
1307 3203 1397 3268 filins
1412 3201 1495 3266 Men-

370 3307 473 3384 hardi‚
483 3309 739 3375 antDominicus
756 3311 843 3375 lilius
853 3311 1000 3388 Markus,
1010 3311 1059 3376 vel
1075 3309 1232 3377 Nicolaus
1242 3312 1332 3377 filius
1342 3311 1496 3376 Johannis

372 3415 411 3480 de
436 3413 587 3500 Gybarth
613 3439 670 3499 pro
687 3425 780 3500 parte
796 3419 942 3483 annotati
959 3419 1108 3484 Ladislai
1124 3420 1185 3484 lilii
1202 3419 1365 3484 Lukachii
1382 3421 1413 3483 in
1430 3440 1496 3484 can-

372 3543 441 3587 sam
456 3525 599 3602 attracti,
624 3526 696 3590 aliis
713 3525 900 3590 absentibus
916 3527 1060 3590 homines
1081 3526 1201 3591 domini
1222 3527 1317 3609 regis,
1332 3527 1367 3591 in
1384 3527 1496 3591 octaris

372 3630 446 3696 festi
462 3631 549 3696 beati
565 3633 704 3697 Martini
714 3634 903 3700 confessoris
914 3656 999 3698 nunc
1007 3635 1153 3716 proxime
1168 3635 1340 3717 preteritis,
1356 3635 1497 3700 adsocies

373 3739 533 3804 dictarum
549 3741 785 3822 possessionum
807 3741 1010 3826 Mazaondya
1026 3749 1059 3806 et
1076 3741 1150 3808 Ond
1166 3749 1354 3808 vocatarum
1372 3794 1378 3807 .
1395 3795 1402 3807 .
1418 3763 1497 3808 acce

373 3846 495 3926 darent,
511 3852 544 3910 et
570 3849 697 3912 casdem
715 3897 722 3910 .
739 3897 745 3912 .
762 3871 820 3932 per
838 3851 968 3914 modum
984 3851 1156 3932 pacificum
1172 3850 1205 3913 iu
1221 3850 1302 3915 duas
1328 3851 1498 3916 dividerent

377 3958 534 4036 ..partes
549 3955 728 4038 coequales,
746 3977 883 4037 quarum
901 3980 998 4022 unam
1024 3965 1145 4023 rectam
1161 3965 1287 4041 partem
1305 4008 1311 4022 .
1328 4007 1335 4022 .
1353 3965 1497 4024 annotato

374 4060 478 4126 Paulo
487 4059 556 4126 filio
565 4063 591 4128 J
593 4064 728 4128 ohannis
739 4072 771 4129 et
781 4066 1016 4130 successoribus
1026 4066 1286 4142 eiusdem‚aliam
1298 4087 1374 4131 rero
1385 4073 1498 4132 rectam

374 4175 408 4234 et
423 4171 572 4250 equalem
598 4173 802 4238 medietatem
829 4175 1015 4240 earumdem
1032 4225 1039 4239 .
1057 4227 1063 4238 .
1080 4174 1240 4258 prelibato
1266 4175 1422 4240 Ladislao
1437 4172 1498 4239 lilio

374 4275 535 4344 Lulrachii
552 4286 584 4345 et
601 4282 670 4346 eius
686 4282 940 4366 posteritatibus,
960 4284 1032 4348 iura
1048 4290 1155 4348 tamen
1173 4285 1318 4366 parcium
1335 4282 1498 4366 possessio

376 4387 469 4450 naria
485 4388 511 4451 si
527 4409 656 4454 neeesse
672 4389 766 4456 fieret
781 4391 823 4456 ab
839 4392 975 4456 invicem
991 4393 1024 4456 in
1041 4392 1119 4456 locis
1135 4393 1325 4457 necessariis
1352 4411 1497 4457 novarum

377 4497 533 4558 metarum
556 4497 773 4562 ereccionibus
799 4498 979 4580 separando
996 4547 1002 4561 .
1020 4547 1026 4561 .
1043 4498 1265 4579 relinquerent
1280 4505 1314 4564 et
1329 4503 1500 4564 statuerent

377 4599 493 4681 cuique
504 4607 599 4687 parti,
611 4607 677 4670 sine
689 4606 866 4688 preiudicio
884 4608 962 4670 iuris
974 4606 1159 4674 clientium
1169 4605 1334 4687 perennali
1353 4613 1499 4688 perpetuo
