3180 5466
359 523 423 586 472
704 536 885 580 aarouxonr
912 525 1126 578 ‹rxrrlnrrlrn

358 703 426 764 eius
453 701 596 782 legitima
633 699 894 781 recaptivacioue,
927 699 1044 762 eisdem
1079 697 1242 775 magistris
1281 695 1426 759 ¹lolrauni
1463 703 1494 758 et

357 808 482 873 Jacobo
498 806 573 871 filiis
589 805 780 882 Alexandri,
804 827 840 869 eo
857 807 926 868 iure
953 824 1016 885 quo
1042 806 1086 868 eis
1112 805 1273 886 pertinere
1289 803 1494 867 dinosceren-

356 921 419 993 tur,
436 915 656 997 relinquerent
680 921 712 978 et
738 919 918 978 statuerent
941 914 1113 996 possidere,
1143 913 1263 976 dictam
1295 911 1490 994 particulam

356 1019 442 1088 te'rre
458 1023 635 1104 litigiosam
650 1021 711 1085 sub
728 1022 958 1104 premissarum
983 1025 1143 1084 metarum
1169 1021 1316 1089 cursibus
1342 1025 1374 1082 et
1392 1019 1493 1084 inclu-

357 1128 508 1204 sionibus,
525 1130 566 1194 ad
582 1130 745 1210 predictas
761 1128 977 1211 possessiones
997 1126 1160 1192 Sumlruth
1183 1149 1216 1192 es
1232 1127 1384 1192 Rosusna
1401 1148 1491 1191 voca-

356 1242 406 1300 tas
423 1237 567 1318 legitime
584 1236 786 1318 applicanda,
803 1237 830 1298 si
848 1257 906 1316 per
922 1237 1028 1316 ipsum
1045 1233 1375 1316 Gregoriumdictum
1386 1234 1492 1298 Zelrul

356 1345 407 1410 vel
431 1344 511 1408 alios
536 1365 600 1408 non
616 1343 709 1408 fieret
725 1344 970 1420 contradictum,
1002 1343 1254 1408 contradictores
1279 1364 1355 1406 vero
1382 1345 1410 1406 si
1438 1345 1490 1424 qui

355 1451 478 1529 fierent,
494 1459 607 1516 contra
624 1451 750 1516 eosdem
774 1452 947 1533 magistros
963 1450 989 1514 J
990 1451 1147 1515 ohannem
1173 1457 1205 1514 et
1230 1449 1394 1515 ‹lacobum
1411 1451 1492 1514 filios

358 1559 541 1625 Alexandri
559 1561 593 1624 in
609 1561 732 1642 regiam
749 1561 866 1624 citaret
882 1561 1081 1640 presenciam
1108 1559 1149 1622 ad
1174 1560 1349 1623 terminum
1369 1580 1492 1640 compe·

356 1673 478 1733 tentem
494 1669 656 1732 racionem
673 1668 940 1732 contradiecionis
958 1688 1067 1732 eorum
1092 1667 1283 1746 reddituros,
1303 1667 1491 1747 videretque

355 1780 388 1838 et
403 1777 636 1840 conscienciose
651 1777 877 1852 consideraret,
902 1776 930 1839 si
955 1776 1025 1855 ipsa
1041 1773 1202 1857 particula
1226 1780 1312 1838 terre
1339 1776 1374 1837 in
1401 1777 1488 1838 cuius
1582 1831 1583 1834 ,

354 1881 440 1946 facto
455 1882 536 1947 inibi
551 1890 629 1948 tunc
645 1905 702 1965 per
719 1885 909 1966 quempiam.
920 1882 1098 1966 prohibicio
1117 1882 1202 1946 lacta
1226 1880 1327 1958 fieret,
1349 1889 1489 1948 tantum·
1582 1887 1583 1904 ¹

354 1990 449 2054 modo
465 1993 633 2073 sexaginta
648 1993 762 2073 iugera
779 1997 864 2055 terre
880 1997 986 2054 essent
1010 1990 1060 2054 vel
1082 1989 1184 2072 plura,
1202 1992 1385 2056 autminus
1403 2013 1489 2057 sexa·
1582 1983 1583 2020 ¹

356 2098 447 2178 ginta
462 2097 626 2180 iugeribus
644 2104 730 2163 terre
746 2099 905 2174 existeret,
921 2097 968 2160 vel
995 2103 1152 2177 quantum
1169 2097 1256 2162 ultra
1273 2105 1332 2162 ant
1348 2099 1436 2164 infra
1458 2123 1489 2164 se

356 2206 542 2271 extenderet
558 2208 728 2289 sexaginta
744 2206 909 2287 iugeribus
924 2213 1011 2270 terre
1021 2207 1219 2288 prenotatis;
1242 2207 1303 2270 boc
1319 2205 1409 2272 facto
1420 2231 1488 2292 par·

355 2311 490 2377 ticulem
505 2315 790 2396 possessionariam
806 2333 863 2396 per
874 2314 1059 2396 quempiam
1078 2312 1287 2394 prohibitam,
1312 2316 1416 2398 signis
1433 2339 1488 2400 pro

355 2424 450 2488 metis
467 2426 581 2506 positis
597 2425 825 2508 consignando,
842 2431 875 2488 et
890 2423 991 2505 regali
1007 2444 1161 2488 mensura
1179 2425 1206 2487 si
1222 2427 1406 2488 mensurari
1423 2447 1489 2506 pos-

356 2536 404 2594 set
429 2533 645 2596 mensurando
671 2532 720 2596 vel
744 2533 814 2596 visu
840 2531 1081 2611 consideranda
1108 2552 1174 2594 una
1200 2553 1272 2596 cum
1292 2532 1367 2596 aliis
1384 2532 1489 2614 probis

353 2641 430 2704 viris
446 2662 504 2722 per
519 2647 629 2723 partes
646 2642 724 2706 illuc
741 2641 946 2717 adducendis,
963 2641 1138 2704 estimaret
1153 2642 1244 2722 regni
1264 2641 1489 2704 consvetudine
1582 2627 1583 2650 ¹

353 2749 508 2829 exigente,
519 2753 633 2830 etpost
643 2748 721 2813 hec.
739 2799 745 2812 .
763 2749 895 2812 seriem.
913 2799 919 2811 .
936 2749 1039 2811 tocius
1050 2745 1144 2812 sacti.
1163 2798 1169 2810 .
1186 2747 1273 2828 regie
1284 2745 1426 2812 fideliter
1443 2770 1488 2812 re·

357 2855 513 2919 scriberet
528 2856 691 2920 maiestati
708 2855 884 2938 capitulum
900 2854 1097 2918 Wachiense
1113 2861 1328 2936 prenotatum.
1347 2854 1485 2920 Demuru

353 2964 459 3045 ipsum
476 2962 653 3045 capitulum
678 2961 875 3027 Wachiense
900 2962 934 3024 in
959 2960 1063 3024 literis
1092 2962 1234 3042 ipsorum
1261 2982 1319 3042 per
1347 2961 1487 3028 Sebasti-

354 3093 451 3135 anum
468 3069 571 3134 lilium
587 3069 699 3135 Pouch
716 3069 895 3150 legitimum
921 3077 1161 3150 procuratorem
1186 3071 1372 3134 eorumdem
1388 3071 1489 3151 magi·
1582 3087 1583 3110 r

353 3184 496 3243 atrorum
513 3178 537 3243 J
539 3177 676 3242 ohannis
692 3184 724 3241 et
740 3177 764 3241 J
766 3176 856 3241 acobi
883 3175 1022 3241 filiorum
1050 3175 1230 3242 Alexandri
1257 3180 1365 3242 comiti
1383 3177 1487 3244 Paulo
1582 3173 1583 3188 ¹

354 3285 515 3366 exhibitis,
531 3286 620 3366 regie
645 3285 812 3348 serenitati
843 3285 1055 3366 rescripserat
1081 3284 1139 3349 sub
1166 3285 1225 3350 hac
1258 3285 1379 3351 forma:
1404 3288 1490 3368 quod

352 3393 458 3473 ipsum
474 3393 651 3475 capitulum
668 3391 799 3456 ecclesie
809 3391 1016 3457 Wachiensis
1033 3441 1039 3454 .
1057 3441 1063 3455 .
1090 3413 1228 3458 unacum
1239 3395 1327 3458 dicto
1343 3393 1489 3458 Damasa
1582 3373 1583 3448 l

353 3497 421 3562 filio
446 3499 536 3564 Belre
553 3549 583 3564 ..
608 3499 821 3564 Benedictum
847 3499 1044 3564 sacerdotem
1070 3500 1158 3564 chori
1184 3501 1318 3566 ecclesie
1347 3503 1490 3584 ipsorum
1582 3519 1583 3528 ¹

353 3606 515 3671 hominem
527 3627 636 3670 eorum
646 3627 705 3689 pro
716 3607 899 3670 testimonio
921 3658 926 3670 .
945 3655 950 3666 .
970 3608 1233 3684 transmisissent,
1245 3610 1301 3688 qui
1313 3607 1442 3673 demum
1461 3660 1490 3672 ..

352 3719 402 3777 ret
389 3712 545 3790 tulissent,
570 3715 656 3795 quod
683 3735 755 3778 cum
780 3715 842 3797 ipsi
868 3713 950 3778 feria
975 3715 1078 3780 tercia
1102 3717 1249 3798 proxima
1275 3723 1351 3782 ante
1371 3717 1490 3782 festum

356 3819 484 3885 Natt
412 3823 468 3884 trvi
470 3823 549 3886 tatis
566 3823 699 3902 virginis
716 3821 854 3904 gloriose
869 3829 947 3886 tunc
962 3824 1106 3906 proxime
1122 3825 1314 3906 preteritum
1331 3827 1372 3890 ad
1390 3826 1493 3890 facies

353 3930 594 4010 pessessionum
606 3928 812 3995 Sumlruthet
821 3930 971 3995 Rosusna
981 3937 1217 3995 vocatarum
1203 3933 1397 3996 tcuiusdanr
1416 3955 1493 4016 par-

352 4037 448 4114 tioule
464 4043 550 4100 terre
566 4035 615 4100 lit'
592 4037 716 4118 trgiose,
732 4058 790 4119 pro
816 4044 935 4120 quat
897 4037 935 4101 lit
936 4037 1047 4120 igabat
1035 4044 1095 4114 tur,
1113 4039 1331 4114 accessissent,
1356 4041 1489 4106 ricinis·

352 4168 415 4227 que
456 4153 488 4210 et
529 4147 756 4210 commetaneis
797 4167 908 4210 earum
944 4148 1101 4211 universis
1125 4147 1214 4229 legit'
1192 4154 1269 4212 tune
1305 4151 1493 4212 convocatis

351 4256 438 4336 ipsas
454 4253 667 4329 reambnlare,
694 4260 726 4317 et
712 4253 803 4317 tsub
819 4262 885 4318 met
887 4257 913 4318 is
939 4254 1102 4337 prioribus
1129 4277 1186 4337 per
1213 4257 1386 4337 regiumet
1373 4255 1493 4321 tdicli

353 4361 487 4444 capituli
504 4359 710 4425 Wachiensis
726 4361 871 4427 homines
882 4364 1035 4445 primarie
1051 4363 1271 4440 reambnlatis,
1282 4369 1379 4445 prout
1389 4366 1495 4428 series

352 4469 522 4535 literarum
540 4473 682 4536 eiusdem
699 4475 797 4537 comit
799 4474 824 4536 is
783 4472 937 4537 tPauli
948 4474 1131 4538 declararet
1118 4480 1174 4537 tet
1185 4475 1391 4549 contineret(
1384 4495 1493 4556 ipsam

351 4582 436 4640 terre
462 4579 657 4658 particulam
682 4577 857 4660 litigiosam
882 4582 1051 4662 sexaginta
1088 4582 1200 4662 iugera
1226 4587 1312 4644 terre
1337 4581 1369 4643 in
1397 4602 1434 4645 se
1461 4593 1495 4646 ut

352 4683 421 4746 visu
438 4682 643 4748 considere-ue
667 4687 847 4770 potuissent
871 4694 944 4750 cont
946 4689 1035 4750 inerit
1037 4709 1095 4764 ern
1121 4687 1182 4752 sub
1206 4697 1367 4754 metarum
1387 4695 1494 4755 cursi-
