3226 5462
581 472 675 536 1347.
692 477 765 536 Mis.
780 477 810 536 Β.
1221 475 1261 536 51

133 651 169 708 et
184 647 336 727 antiquas
354 648 439 713 infra
454 649 675 728 declarandas,
700 652 851 715 similiter
867 671 964 716 novas
982 653 1073 716 iuxta
1093 657 1214 716 veteres
1231 654 1264 716 in

130 749 211 817 locis
236 757 425 838 opportunis
445 758 607 841 erigendo,
631 765 663 824 et
687 780 745 842 per
764 759 1073 824 demonstraciouem
1095 762 1265 841 utriusque

51 853 58 866 ’
132 862 237 941 partis
261 863 528 948 reambulassent,
554 866 853 948 reambulatamque
870 874 902 931 et
917 888 938 931 a
953 869 1116 933 vicinariis
1143 889 1265 952 posses-

132 969 278 1035 sionibus
303 971 508 1058 distinctam,
543 996 682 1040 uuacum
713 974 823 1038 eodem
849 976 1004 1058 magistro
1030 976 1128 1040 Petro
1155 983 1265 1041 actore

133 1098 207 1140 cum
224 1079 290 1143 suis
307 1131 331 1144 ..
348 1083 554 1163 pertinenciis
572 1131 597 1146 ..
614 1083 807 1148 statuissent
817 1083 972 1166 magistro
983 1083 1146 1149 Luehasio
1157 1091 1189 1149 et
1199 1087 1265 1149 suis

133 1185 308 1252 heredibus
325 1189 519 1272 supradictis
544 1199 698 1274 perpetuo
725 1189 959 1273 possidendam,
986 1193 1112 1256 nemine
1137 1200 1265 1256 contra-
1299 1192 1300 1195 ’

134 1292 259 1358 dicture
275 1305 462 1380 apparente.
486 1297 576 1364 Mete
601 1307 710 1364 autem
735 1299 852 1382 quibus
869 1301 940 1382 ipsa
956 1301 1113 1383 possessio
1129 1300 1264 1384 Wyfalu

133 1421 154 1464 a
171 1402 337 1468 vicinarlis
356 1405 609 1488 possessionibus
635 1405 824 1489 distingitur
840 1455 846 1470 .
864 1457 870 1471 .
888 1407 999 1470 taliter
1014 1407 1267 1490 protenduntur:

133 1509 242 1590 prima
267 1511 353 1577 enim
377 1519 464 1578 meta
489 1513 602 1597 incipit
626 1536 647 1579 a
671 1514 769 1598 plaga
793 1513 983 1579 occidentali
1018 1515 1109 1580 iuxta
1133 1511 1265 1580 fluvium

135 1615 250 1682 Tbicie
276 1619 308 1682 in
334 1619 423 1702 silva,
448 1620 502 1686 ubi
528 1620 587 1686 sub
612 1619 754 1704 quadam
779 1621 893 1686 arbore
918 1621 1001 1686 ilicis
1026 1629 1076 1692 est
1101 1645 1166 1688 una
1182 1631 1269 1688 meta

134 1731 251 1804 terrea,
268 1728 403 1792 eandem
419 1730 520 1793 eciam
531 1729 679 1794 arborem
695 1751 753 1813 pro
769 1736 857 1793 meta
873 1729 1091 1811 reliquissent3
1109 1751 1206 1812 aqua
1224 1729 1266 1795 ad
1343 1731 1345 1740 ’

140 1831 274 1915 plagam
290 1835 481 1902 orientalem
497 1837 698 1919 egrediendo
719 1837 807 1900 venit
822 1835 864 1900 ad
880 1835 978 1900 aliam
995 1843 1115 1902 metam
1130 1845 1269 1903 terream

136 1939 171 2002 in
189 1939 330 2020 quodam
346 1943 416 2009 loco
442 1947 498 2026 qui
524 1945 619 2028 vulgo
644 1946 677 2010 in
702 1944 767 2009 illis
792 1943 940 2028 partibus
966 1941 1193 2029 Gyresgerend
1220 1967 1271 2009 vo·

136 2055 240 2128 eatur,
256 2051 317 2115 sub
333 2052 400 2117 alia
424 2053 540 2118 arbore
564 2053 647 2120 ilicis
663 2053 802 2137 positam
828 2059 861 2117 ct
886 2059 1045 2132 erectam;
1070 2052 1109 2116 de
1135 2075 1201 2136 qua
1228 2053 1270 2118 ad

137 2156 274 2222 eandem
291 2160 422 2244 plagam
440 2163 473 2226 in
490 2163 561 2246 ipsa
572 2161 654 2226 silva
664 2159 830 2238 currendo,
847 2160 992 2224 annectit
1008 2181 1105 2226 unam
1122 2162 1271 2226 arborem

137 2265 332 2332 tremuleam
348 2269 381 2332 in
397 2271 486 2335 exitu
502 2271 586 2335 dicte
602 2269 680 2336 silve
695 2268 849 2345 habitam,
875 2267 934 2332 sub
960 2287 1026 2348 qua
1042 2275 1171 2333 estune
1187 2277 1272 2332 meta

136 2381 256 2452 terrea,
281 2376 366 2440 unde
397 2377 438 2442 ad
469 2379 573 2462 ipsam
604 2379 734 2462 plagam
759 2375 864 2440 eundo
890 2381 923 2438 et
948 2373 1112 2456 quoddam
1144 2383 1273 2459 pratum

137 2483 348 2560 transeundo,
359 2485 464 2567 iungit
474 2486 623 2551 similiter
639 2507 736 2550 unam
746 2491 864 2548 metam
876 2489 1015 2548 terream
1026 2504 1123 2568 super
1134 2483 1274 2566 quodam

137 2587 237 2654 domb
255 2599 398 2658 erectam
411 2619 418 2675 ;
433 2589 614 2679 abiudeque
632 2615 757 2677 semper
767 2593 809 2656 ad
820 2591 940 2657 dictam
958 2591 1088 2674 plagam
1104 2591 1273 2667 currendo,

137 2699 288 2779 pervenit
312 2700 411 2765 simili
436 2703 528 2768 modo
554 2703 595 2767 ad
622 2723 719 2767 unam
744 2707 863 2765 metam
895 2705 1034 2763 terream
1062 2700 1146 2764 iuter
1172 2721 1269 2764 unam

138 2806 226 2868 viam
244 2813 276 2870 et
293 2809 456 2889 quendam
487 2811 591 2874 locum
618 2810 706 2893 rupti
732 2809 830 2874 castri
857 2808 1063 2887 existentem
1090 2807 1273 2888 abiudeque

138 2939 258 2984 rursus
274 2919 315 2984 ad
332 2917 452 2984 dictam
468 2919 598 3003 plagam
624 2919 781 2984 currendo
807 2920 978 3000 ipsumque
1004 2917 1108 2980 locum
1125 2916 1224 2980 castri
1242 2917 1273 2979 in

140 3026 307 3109 quandam
326 3029 482 3111 piscinam
498 3029 675 3094 Morothua
691 3035 836 3092 vocatam
853 3025 988 3109 girando
1005 3033 1038 3090 et
1054 3027 1138 3089 inter
1153 3025 1274 3088 limites

139 3137 287 3200 eiusdem
304 3139 512 3220 possessionis
522 3136 656 3222 Wyfalu
668 3134 888 3216 relinquendo,
904 3133 1102 3216 pervenitad
1113 3132 1274 3212 quoddam
1375 3122 1381 3136 ’

140 3243 239 3310 (lomb
257 3267 356 3328 prope
372 3245 505 3310 eandem
522 3245 752 3328 possessionem
763 3243 912 3318 existens,
929 3261 1028 3323 supra
1042 3240 1128 3322 quod
1145 3247 1194 3304 est
1211 3261 1276 3303 una

142 3361 231 3417 meta
248 3361 369 3434 terrea3
385 3353 498 3436 dequo
515 3351 645 3436 quidem
657 3352 725 3416 loco
736 3349 776 3414 ad
787 3349 921 3413 eandem
937 3347 1067 3430 plagam
1084 3347 1277 3429 egrediendo

142 3463 248 3526 intrat
274 3461 307 3524 iu
333 3459 496 3543 quoddam
522 3465 661 3542 pratum,
687 3459 720 3521 in
737 3457 872 3539 ipsoque
896 3459 990 3537 prato
1021 3475 1078 3538 per
1109 3456 1278 3519 continuas

142 3576 249 3632 metas
266 3568 359 3652 largo
374 3569 469 3633 modo
496 3568 654 3634 currendo
669 3568 756 3632 venit
772 3565 814 3630 ad
840 3562 1004 3645 quoddam
1030 3561 1127 3628 berch
1153 3563 1186 3625 in
1211 3561 1276 3626 illis

144 3676 296 3758 partibus
321 3677 529 3761 Kapushalm
554 3683 713 3758 vocatum,
729 3675 761 3738 in
778 3674 870 3739 cuius
887 3672 1005 3736 vertice
1021 3677 1098 3734 sunt
1113 3671 1175 3734 due
1194 3675 1277 3733 mete

143 3795 270 3865 terree;
285 3806 306 3849 a
322 3785 439 3868 quibus
463 3785 568 3850 adhuc
593 3783 634 3848 ad
658 3782 792 3848 eandem
817 3781 947 3863 plagam
973 3799 1071 3861 supra
1097 3777 1195 3842 berch
1221 3797 1279 3861 per

144 3895 318 3960 continuas
343 3901 446 3959 metas
470 3914 527 3976 per
551 3892 678 3974 largum
704 3890 848 3973 spacium
879 3886 1045 3967 currendo,
1072 3886 1178 3968 iungit
1208 3884 1280 3947 loca

144 4011 312 4068 terrarum
328 4001 510 4078 arabilium,
536 4000 590 4064 ubi
616 3997 791 4062 reflectitur
816 3995 858 4060 ad
883 3995 1013 4078 plagam
1039 3991 1280 4057 meridionalem

145 4119 180 4176 et
196 4132 254 4194 per
271 4132 426 4194 magnum
442 4109 586 4192 spacium
603 4104 760 4172 currendo
777 4104 863 4166 venit
879 4101 920 4166 ad
937 4101 1018 4166 duas
1038 4105 1141 4164 metas
1156 4107 1281 4162 terreas

146 4223 179 4286 in
198 4221 341 4305 quodam
367 4221 464 4286 berch
490 4221 581 4284 iuxta
606 4223 742 4282 stratam
768 4211 931 4296 publicam
955 4209 997 4274 ad
1023 4207 1132 4274 uillam
1157 4205 1282 4270 Kallou

147 4329 321 4394 ducentem
338 4331 473 4413 positas;
489 4324 637 4407 aquibus
655 4321 833 4387 reflectitur
843 4318 885 4382 ad
896 4316 1026 4400 plagam
1042 4312 1281 4390 occidentalem,

147 4447 182 4502 et
207 4459 265 4520 per
291 4437 418 4519 largum
443 4435 587 4518 spacium
613 4430 771 4497 currendo
795 4429 902 4509 iungit
926 4425 1007 4489 druas
1025 4431 1127 4488 metas
1152 4427 1284 4498 terreae,

150 4567 265 4610 uisuram
284 4554 316 4610 et
332 4547 511 4624 antiquam,
529 4543 559 4606 iu
578 4539 717 4620 quodam
734 4536 830 4601 berch
848 4535 986 4617 positas3
1003 4530 1087 4595 uude
1103 4529 1224 4592 directe
1241 4527 1283 4590 ad

148 4657 287 4726 eandem
313 4653 443 4738 plagam
468 4671 526 4733 per
551 4656 654 4712 terras
680 4645 821 4710 arabiles
842 4639 1011 4718 currendo,
1037 4635 1179 4728 annectit
1205 4634 1285 4698 duas

1142 4760 1174 4810 4*
