3226 5462
354 499 395 560 26
697 513 885 560 aurosnoar
902 496 1115 556 ouulurrln.

342 698 424 759 quas
439 676 525 742 idem
542 674 730 758 Stephanus
746 675 876 740 nomine
892 674 946 740 sui
963 673 1043 738 iuris
1062 671 1256 740 hereditarii
1271 671 1313 738 ab
1329 672 1408 755 ipsis
1425 695 1473 737 re-

341 787 536 868 captirasset
552 805 625 850 cum
642 785 740 849 terris
766 782 880 850 subtus
906 781 1043 848 eandem
1066 802 1219 866 magnam
1243 781 1329 847 viam
1344 801 1364 846 a
1380 788 1475 864 parto

342 895 495 960 orientali
511 913 615 978 usque
631 898 762 976 pratum
786 913 808 957 a
831 891 912 958 villa
937 890 1053 980 Kapul
1076 890 1261 975 incipiendo
1287 896 1473 982 usque'ter-

340 1023 411 1068 ram
427 1003 561 1070 ecclesie
577 1003 679 1068 sancti
695 1001 834 1068 Martini
845 999 885 1066 de
895 1000 972 1068 villa
988 999 1102 1069 Ohaba
1114 998 1349 1077 adiacentibus,
1366 998 1471 1064 cidem

342 1109 508 1194 Stephano
532 1109 599 1176 filio
624 1111 754 1177 Pethew
781 1130 891 1175 coram
915 1108 1007 1176 nobis
1032 1107 1178 1174 benivole
1204 1109 1415 1174 assummenti
1441 1115 1474 1174 et

340 1222 410 1285 eius
426 1218 600 1285 heredibus
616 1218 778 1285 dederunt
793 1223 827 1284 et
841 1218 1091 1304 applicaverunt
1113 1218 1185 1282 iure
1201 1223 1359 1300 perpetuo
1374 1219 1474 1302 possi·

341 1328 418 1393 dere
435 1334 546 1394 tenere
563 1330 687 1412 pariter
704 1334 738 1394 et
753 1326 890 1408 habere3
916 1333 1060 1394 ceterum
1085 1327 1267 1411 prelibatus
1283 1324 1471 1410 Stephanus
1601 1313 1602 1380 ]

339 1436 426 1503 tilius
436 1435 572 1504 Pethew
582 1457 680 1502 unam
691 1437 817 1504 vineam
827 1437 861 1502 in
871 1437 1037 1502 territorio
1053 1435 1264 1519 possessionis
1273 1433 1473 1518 Noghlrapul

341 1550 452 1612 vocata
476 1544 624 1612 habitam
639 1547 674 1611 in
690 1545 825 1610 dimidio
851 1546 944 1629 iuger
969 1549 1057 1610 terre
1073 1543 1266 1628 plantatam,
1292 1543 1473 1627 vulgariter

342 1653 698 1738 Bolugh-Janus-zoley
714 1661 870 1738 vocatam,
902 1656 982 1720 item
998 1656 1063 1720 tria
1078 1655 1194 1738 iugera
1219 1659 1384 1719 terrarum
1400 1675 1471 1722 ara.
1602 1715 1603 1718 ,

339 1760 454 1828 bilium
470 1763 563 1828 iuxta
580 1761 716 1828 eandem
731 1763 859 1830 vineam
885 1785 906 1828 a
920 1763 1019 1848 plaga
1043 1761 1250 1828 meridionali
1274 1761 1471 1844 adiacenoia,
1602 1755 1603 1758 '

340 1871 575 1952 prenominatis
590 1869 666 1937 filiis
682 1868 798 1955 Sydow
818 1877 852 1936 et
876 1869 952 1938 filiis
969 1869 1070 1938 kae
1097 1891 1135 1936 ao
1161 1890 1272 1936 eorum
1297 1869 1472 1936 heredibus

339 1977 433 2043 modo
465 1979 623 2060 promisso
643 1977 745 2044 dedit
775 2001 833 2044 seu
863 1979 1010 2046 restituit
1026 2031 1032 2045 .
1050 2027 1057 2044 .
1073 1984 1231 2062 perpetuo
1256 1978 1469 2061 possidere..

338 2084 1022 2170 Datumsabbatosupradicto‚annodomini
1032 2089 1084 2154 M⁰
1099 2085 1196 2155 000⁰
1211 2087 1316 2154 ΧΙι1110
1327 2090 1473 2172 septimo.
1603 2093 1604 2136 ἒ

447 2231 600 2296 Httlapjrtn
620 2232 713 2296 peostt
733 2234 910 2297 nyornaiva13
931 2233 1061 2298 eredetije
1083 2234 1364 2299 Iberos-Bertnybsn,
1378 2249 1410 2284 az
1426 2234 1472 2284 lu·

337 2322 390 2386 lisy
404 2337 440 2372 cs.
454 2321 590 2387 lttrtban,
601 2322 633 2372 A.
648 2323 679 2374 0.
696 2327 736 2374 la.

876 2705 927 2768 12.

338 2864 433 2927 1347.
450 2874 543 2928 aaa.
563 2865 613 2927 12.
641 2863 688 2928 Aa
713 2866 782 2950 eya·
804 2864 961 2950 erperae
987 2830 1060 2929 aria
1083 2863 1297 2952 sabariam·
1324 2865 1466 2948 Moesta

336 2971 454 3036 Miletos
468 2973 547 3057 πόρῃ
564 2971 742 3058 lodoydoalc
757 2974 789 3036 6⁸
804 2971 930 3059 ap'dnek
956 2973 1179 3060 lectnyaeqyedi
1192 2975 1224 3037 ts
1239 2972 1353 3038 lutheri
1367 2973 1467 3039 illota

338 3081 420 3164 seper
446 3079 693 3166 mephatrr‘rozao,
718 3103 733 3144 a
756 3104 778 3145 a
794 3079 990 3167 soomaradt
1011 3083 1090 3146 νέαι
1115 3080 1329 3167 Saentlrirdlpi
1354 3079 1469 3146 Ldazlo'
1605 3031 1606 3096 l

656 3187 723 3269 stoi
737 3188 979 3260 broktirtokabo
986 3191 1130 3276 jottatja.

444 3417 451 3431 .
467 3417 475 3431 .
491 3367 669 3452 capitulum
687 3368 820 3435 ecclesie
836 3365 1010 3452 Agriensis
1026 3417 1033 3433 .
1050 3419 1056 3434 .
1073 3367 1115 3433 ad
1131 3369 1355 3434 universorum
1381 3369 1464 3434 noti·

248 3527 254 3540 .
334 3477 416 3544 ciam
443 3525 473 3542 ..
499 3477 646 3544 volumus
670 3478 851 3560 pervenire,
882 3477 968 3560 quod
999 3498 1072 3544 cum
1103 3478 1196 3542 iuxta
1227 3477 1463 3544 continenciam

332 3586 505 3652 literarum
521 3585 671 3670 magistri
687 3585 849 3653 Johannis
874 3585 933 3652 tilii
958 3583 1144 3654 Alexandri
1168 3585 1227 3652 filii
1253 3584 1355 3653 Oelen
1380 3607 1464 3652 nuuc

332 3695 457 3761 comitis
483 3693 523 3760 de
550 3693 679 3762 Gumur
705 3701 738 3760 et
762 3701 904 3777 quatuor
934 3695 1079 3762 iudicum
1103 3694 1260 3762 nobilium
1285 3695 1325 3760 de
1351 3694 1463 3761 eodem

336 3802 651 3886 composicionalinm
684 3809 717 3868 et
745 3801 1021 3886 obligatoriarum,
1053 3825 1158 3870 comes
1188 3802 1345 3870 Nicolaus
1376 3801 1463 3870 filius

331 3910 448 3996 Moyus
465 3911 505 3976 de
521 3909 719 3996 Senthhyral
735 3932 808 3976 cum
823 3909 960 3978 Nicolao
975 3911 1042 3978 filio
1057 3911 1188 3996 Bolugh
1204 3917 1238 3977 et
1255 3911 1381 3978 Thoma
1396 3910 1462 3978 filio

333 4019 510 4085 Laurencii
535 4020 663 4104 generis
689 4021 756 4084 suis
781 4041 820 4084 ex
846 4041 919 4104 una,
945 4027 978 4086 et
1002 4021 1126 4087 Paulus
1153 4042 1191 4086 ac
1216 4021 1384 4086 Johannes
1403 4019 1462 4086 filii

331 4125 480 4193 Ladislai
496 4125 620 4192 nobiles
636 4126 676 4192 de
693 4127 806 4193 eadem
823 4126 1018 4214 Ssnthlryral
1046 4135 1140 4212 parte
1166 4129 1208 4194 ab
1232 4127 1338 4195 altera
1353 4145 1462 4195 coram

330 4233 422 4302 nobis
438 4236 472 4300 in
489 4235 650 4301 dominica
674 4235 796 4302 Latara
812 4258 999 4321 comparere
1017 4244 1051 4302 et
1067 4237 1232 4319 quandam
1257 4238 1461 4322 composicio

329 4365 404 4410 nem
418 4344 505 4410 inter
521 4344 608 4427 ipsos
622 4343 771 4410 habitam
787 4351 820 4410 et
835 4344 921 4411 infra
937 4344 1186 4429 specificandum
1211 4346 1317 4412 literis
1343 4348 1462 4413 nostris

328 4451 545 4518 mediantibus
561 4453 715 4520 roborare
732 4452 928 4538 debuissent,
944 4455 1134 4520 adveniente
1149 4456 1219 4538 ipso
1230 4456 1378 4534 termino,
1389 4477 1461 4539 pre·

330 4559 425 4625 dietis
441 4561 591 4644 partibus
606 4563 682 4628 hinc
698 4568 731 4626 et
747 4561 822 4626 inde
842 4564 1058 4646 personaliter
1083 4584 1192 4629 coram
1217 4561 1310 4630 nobis
1334 4585 1460 4648 compa·

329 4667 485 4748 rentibus,
510 4689 569 4754 per
586 4669 715 4736 eosdem
740 4667 823 4736 filios
847 4670 997 4740 Ladislai
1013 4721 1020 4736 .
1037 4719 1044 4735 .
1062 4673 1262 4758 propositum
1288 4673 1435 4739 exstitit.
1453 4721 1459 4736 .

1604 4779 1606 4832 l

1604 4855 1606 4914 l
