3138 5462
532 461 626 530 134s.
644 471 715 531 nli.
733 466 763 530 8.
1161 463 1222 532 175

107 640 192 712 iacies
207 643 368 712 dictarum
385 648 620 731 possessionum
637 697 644 711 .
662 683 668 712 ι
685 647 873 730 accedendo,
899 649 1078 714 reambnlet
1094 649 1222 715 easdem

107 755 421 838 ..roambulatasqne
438 804 468 818 ..
494 754 657 837 relinquat
676 755 803 820 easdem
820 756 955 840 prelatis
979 759 1078 823 Petro
1104 767 1136 824 et
1161 761 1224 826 Mi-

106 864 197 928 cbaeli
220 863 295 928 filiis
320 863 482 928 dohannis
508 913 538 927 ..
564 871 720 948 perpetuo
745 865 954 948 possidendas
989 867 1016 930 si
1041 889 1105 931 non
1126 867 1224 932 l'uerit

110 972 338 1054 contradictum,
362 973 617 1038 contradictores
645 979 753 1036 autem
778 975 804 1037 si
821 973 877 1056 qni
892 973 1021 1056 fuerint,
1045 975 1122 1040 citet
1138 976 1223 1058 ipsos

107 1088 206 1146 contra
221 1081 349 1144 eosdem
364 1081 500 1146 Petrum
526 1088 558 1146 et
573 1081 769 1146 Michaelem
795 1083 828 1146 in
854 1088 998 1146 nostram
1024 1084 1223 1167 presenciam

108 1189 142 1252 ad
155 1190 322 1252 terminum
338 1195 580 1272 competentem,
604 1195 636 1253 et
652 1196 725 1273 post
739 1189 799 1254 hec
815 1191 930 1254 seriem
949 1190 1051 1272 ipsius
1077 1191 1223 1256 reambu-

107 1297 227 1362 lacionis
251 1287 400 1362 ..nobis
420 1347 450 1361 ..
473 1297 668 1362 rescribatis.
681 1297 817 1363 Datum
843 1299 875 1362 in
901 1299 1119 1384 Wyssegrad‚
1143 1301 1224 1364 feria

106 1413 186 1472 serta
208 1407 355 1491 proxima
379 1412 452 1490 post
466 1405 581 1471 festum
599 1404 725 1472 Pascha
745 1407 874 1485 domini,
900 1428 983 1471 anno
1000 1408 1142 1472 eiusdem
1157 1408 1209 1472 M⁰

106 1513 213 1580 OOOffl⁰
222 1513 328 1578 ΧΠ110
338 1521 458 1578 octavo.
470 1513 502 1579 Ν
504 1535 538 1580 os
549 1515 649 1598 igitur
665 1568 671 1580 .
688 1565 695 1579 .
711 1538 784 1580 cum
794 1515 905 1580 eodem
921 1565 927 1578 .
945 1565 952 1578 .
968 1515 1096 1580 homine
1115 1525 1221 1581 vestro

105 1624 281 1706 magistrum
311 1623 506 1688 Michaelem
529 1623 741 1688 sublectorem
772 1628 918 1688 nostrum
934 1623 976 1686 ad
1004 1623 1223 1706 exequendum

104 1733 248 1816 premissa
264 1755 323 1815 pro
339 1733 521 1796 testimonio
538 1733 687 1798 duximus
702 1731 1005 1813 transmittendum
1023 1734 1077 1814 qui
1094 1732 1222 1796 demum

104 1891 109 1904 .
124 1891 130 1904 .
145 1841 331 1920 retulerunt,
354 1840 439 1922 qnod
455 1839 539 1904 idem
554 1841 650 1904 homo
666 1847 771 1906 vester
785 1841 819 1905 in
835 1841 917 1905 festo
943 1847 1128 1905 sanctorum
1145 1841 1207 1906 Phi

104 1947 174 2031 lippi
189 1955 220 2012 et
235 1947 354 2012 ,iacobi
370 1947 588 2032 apostolorum
605 1949 749 2030 proxime
765 1949 929 2031 preterita,
954 1949 996 2012 ad
1014 1947 1112 2013 facies
1125 1949 1224 2014 dicta·

104 2079 166 2120 runi
185 2057 420 2140 possessionum
446 2055 601 2122 Tolmach
618 2063 649 2120 et
665 2055 820 2139 Nogzegh
845 2063 1039 2134 vocatarum,
1063 2058 1176 2121 vicinis
1193 2063 1224 2121 et

92 2166 319 2230 'commetaneis
336 2163 519 2228 earumdem
530 2164 672 2247 legitime
689 2165 870 2230 convocatis
882 2171 913 2229 et
924 2165 1135 2247 presentibus,
1152 2187 1223 2230 cum

104 2274 203 2339 eodem
217 2273 348 2339 homine
363 2281 473 2338 nostro
490 2273 678 2351 accedendo,
702 2273 830 2338 easdem
847 2295 904 2358 per
921 2295 994 2338 suas
1011 2295 1103 2338 veras
1120 2281 1152 2338 et
1168 2296 1223 2338 an·

103 2383 199 2464 tiquas
215 2379 479 2458 reambnlassent,
496 2400 656 2462 novasque
676 2385 780 2444 metas
790 2380 880 2444 iuxta
892 2387 1013 2444 veteres
1030 2379 1084 2444 ubi
1094 2401 1223 2444 necesse

105 2489 205 2554 brisset
220 2489 301 2571 erigi
317 2488 475 2566 fecissent,
492 2487 775 2570 reambulatasqne
792 2493 824 2552 et
839 2487 880 2552 ab
896 2487 1035 2552 aliorum
1051 2490 1223 2570 possessio-

106 2598 187 2663 nibus
202 2599 372 2662 distinctas
398 2601 432 2660 et
457 2601 623 2679 separatas
649 2595 855 2678 reliquissent
881 2596 1058 2678 prenotatis
1075 2597 1174 2662 Petro
1191 2604 1224 2661 et

105 2706 246 2772 Michaeli
262 2729 300 2772 eo
316 2707 395 2788 iure,
419 2727 482 2788 quo
510 2705 551 2769 ad
568 2706 653 2788 ipsos
678 2705 855 2770 dinoscitur
881 2707 1041 2788 pertinere
1066 2715 1223 2791 perpetuo

105 2815 319 2896 possidendas,
357 2813 446 2878 nullo
476 2815 605 2897 penitus
637 2813 873 2878 contradictore
904 2820 1100 2898 apparente;
1138 2821 1222 2880 mete

104 2929 201 2987 auitam
218 2923 333 3006 quibus
349 2922 421 3005 ipsa
437 2921 595 3004 possessio
611 2920 768 2987 Tolmach
788 2921 829 2985 ab
855 2921 992 2986 aliorum
1017 2924 1224 3006 possessioni·

104 3027 158 3093 bus
172 3028 356 3112 distingitur
372 3034 405 3092 et
422 3034 591 3110 separatur
611 3031 777 3092 currerent
794 3029 983 3093 istomodo:
1007 3030 1094 3113 quod
1118 3031 1223 3114 primo

105 3137 288 3221 inciperetur
303 3159 323 3200 a
339 3141 432 3220 parte
448 3135 594 3200 meridici
619 3157 639 3201 a
664 3137 789 3202 duabus
815 3139 908 3202 metis
934 3139 1057 3216 terreis,
1081 3161 1221 3221 quarum

79 3235 162 3308 'una
185 3268 203 3310 a
226 3253 320 3330 parte
351 3244 542 3310 occidentali
573 3246 714 3310 existens
746 3253 912 3329 separaret
943 3246 1006 3330 ipsi
1030 3247 1223 3330 possessioni

104 3353 258 3434 Tolmaob‚
291 3355 396 3420 altera
427 3373 500 3418 vero
525 3375 551 3418 a
582 3359 676 3437 parte
707 3354 858 3418 orientali
888 3354 1000 3420 habita
1030 3355 1223 3438 possessioni

103 3462 210 3547 Izdege
225 3463 381 3528 nobilium
398 3463 437 3526 de
453 3461 574 3543 eadem,
598 3462 712 3526 deinde
729 3469 873 3526 curreret
897 3483 1006 3527 versus
1023 3462 1224 3547 septemtrio-

103 3591 169 3634 nem
184 3571 223 3635 ad
240 3591 297 3636 sex
312 3575 414 3634 metas
439 3575 570 3647 terreas,
594 3589 732 3650 quarum
757 3569 819 3633 due
845 3571 999 3653 premisso
1024 3571 1117 3635 modo
1134 3591 1224 3654 sepo·
1298 3641 1302 3648 ⁸

102 3685 204 3743 rantes
227 3679 290 3762 ipsi
315 3677 509 3761 possessioni
525 3677 691 3756 Tolmacb
715 3676 778 3742 alie
803 3677 864 3742 due
890 3679 1081 3761 possessioni
1107 3678 1223 3762 Izdege

102 3785 206 3851 eodem
221 3785 315 3850 modo
332 3791 368 3850 ut
384 3807 491 3868 snpra,
515 3784 638 3867 relique
663 3807 738 3849 vcro
754 3786 816 3850 dne
827 3807 846 3849 a
856 3792 950 3869 parte
967 3785 1223 3870 septemtrionali

100 3896 263 3960 existentes
287 3893 481 3978 possessioni
506 3893 685 3978 Komnyati
709 3903 838 3976 vocate;
862 3895 976 3960 deinde
1001 3895 1140 3959 flectitur
1156 3915 1223 3958 ver-

99 4023 152 4066 sus
165 4003 368 4083 occidentem,
392 4008 425 4066 et
440 4002 661 4084 perveniretur
676 4003 718 4066 ad
735 4009 801 4067 tres
817 4008 920 4068 metas
938 4009 1070 4083 terreas,
1086 4023 1223 4085 quarum

99 4110 160 4174 dne.
175 4116 301 4194 aparte
317 4108 522 4174 meridionali
538 4111 709 4175 existentes
728 4118 917 4194 separarent
943 4112 1004 4194 ipsi
1029 4109 1222 4192 possessioni

97 4218 255 4300 Tolmacb‚
265 4220 368 4284 tercia
377 4239 450 4282 vero
460 4237 480 4280 a
490 4223 582 4300 parte
596 4211 853 4300 septemtrionali
864 4217 1013 4282 adiacens
1024 4218 1223 4299 possessioni

97 4327 271 4411 Komnyati
302 4325 479 4406 antedictc;
511 4325 625 4390 deinde
660 4326 701 4390 ad
734 4326 868 4390 eandem
893 4333 1021 4409 partem
1046 4325 1223 4390 acculendo

96 4438 273 4519 perveniret
293 4434 335 4499 ad
351 4441 490 4514 quatuor
510 4439 612 4498 metas
639 4440 770 4510 terreas,
795 4455 931 4516 quarum
949 4434 1011 4498 dne
1027 4453 1124 4517 penes
1141 4455 1222 4515 quos

94 4545 158 4608 duo
174 4545 286 4610 rlnmus
312 4545 427 4609 kenres
445 4543 652 4620 haberentur,
678 4543 740 4626 ipsi
756 4545 950 4625 possessioni
966 4543 1132 4625 Tolmacb,
1158 4542 1222 4605 alie

94 4651 156 4716 dne
173 4653 254 4716 dicte
270 4655 463 4738 possessioni
479 4652 655 4734 Komnyati
673 4649 847 4734 sepedicto3
863 4651 978 4716 deirule
989 4650 1029 4714 ad
1040 4655 1105 4714 trrs
1122 4655 1224 4714 metas
