<?xml version="1.0" encoding="UTF-8"?>
<!DOCTYPE html PUBLIC "-//W3C//DTD XHTML 1.0 Transitional//EN"
    "http://www.w3.org/TR/xhtml1/DTD/xhtml1-transitional.dtd">
<html xmlns="http://www.w3.org/1999/xhtml" xml:lang="en" lang="en">
 <head>
  <title>
</title>
<meta http-equiv="Content-Type" content="text/html;charset=utf-8" />
  <meta name='ocr-system' content='tesseract 3.04.00' />
  <meta name='ocr-capabilities' content='ocr_page ocr_carea ocr_par ocr_line ocrx_word'/>
</head>
<body>
  <div class='ocr_page' id='page_1' title='image "./codexdiplomatic06nagygoog_0258.png"; bbox 0 0 3192 5466; ppageno 0'>
   <div class='ocr_carea' id='block_1_1' title="bbox 546 373 1246 436">
    <p class='ocr_par' dir='ltr' id='par_1_1' title="bbox 546 373 1246 436">
     <span class='ocr_line' id='line_1_1' title="bbox 546 373 1246 436; baseline 0.003 -2"><span class='ocrx_word' id='word_1_1' title='bbox 546 373 640 434; x_wconf 75' lang='lat'>1348.</span> <span class='ocrx_word' id='word_1_2' title='bbox 658 391 728 433; x_wconf 85' lang='lat' dir='ltr'>uer.</span> <span class='ocrx_word' id='word_1_3' title='bbox 746 375 797 434; x_wconf 81' lang='lat'>28.</span> <span class='ocrx_word' id='word_1_4' title='bbox 1183 373 1246 436; x_wconf 74' lang='lat'>245</span> 
     </span>
    </p>
   </div>
   <div class='ocr_carea' id='block_1_2' title="bbox 110 549 1249 2569">
    <p class='ocr_par' dir='ltr' id='par_1_2' title="bbox 110 549 1249 2569">
     <span class='ocr_line' id='line_1_2' title="bbox 112 549 1247 634; baseline 0.004 -23"><span class='ocrx_word' id='word_1_5' title='bbox 112 555 143 612; x_wconf 89' lang='lat' dir='ltr'>et</span> <span class='ocrx_word' id='word_1_6' title='bbox 160 551 261 615; x_wconf 84' lang='lat' dir='ltr'>servis</span> <span class='ocrx_word' id='word_1_7' title='bbox 278 554 425 634; x_wconf 87' lang='lat' dir='ltr'>ipsorum</span> <span class='ocrx_word' id='word_1_8' title='bbox 441 549 717 616; x_wconf 86' lang='lat' dir='ltr'>condicionalibus</span> <span class='ocrx_word' id='word_1_9' title='bbox 736 549 856 614; x_wconf 89' lang='lat' dir='ltr'>aoaliis</span> <span class='ocrx_word' id='word_1_10' title='bbox 874 549 968 616; x_wconf 88' lang='lat' dir='ltr'>rebus</span> <span class='ocrx_word' id='word_1_11' title='bbox 985 549 1146 634; x_wconf 89' lang='lat' dir='ltr'>inquibus</span> <span class='ocrx_word' id='word_1_12' title='bbox 1162 552 1247 616; x_wconf 88' lang='lat' dir='ltr'>inter</span> 
     </span>
     <span class='ocr_line' id='line_1_3' title="bbox 115 657 1248 744; baseline 0.002 -21"><span class='ocrx_word' id='word_1_13' title='bbox 115 679 147 723; x_wconf 87' lang='lat' dir='ltr'>se</span> <span class='ocrx_word' id='word_1_14' title='bbox 163 657 280 724; x_wconf 87' lang='lat' dir='ltr'>divisio</span> <span class='ocrx_word' id='word_1_15' title='bbox 297 658 367 724; x_wconf 90' lang='lat' dir='ltr'>fieri</span> <span class='ocrx_word' id='word_1_16' title='bbox 383 666 492 744; x_wconf 91' lang='lat' dir='ltr'>posset</span> <span class='ocrx_word' id='word_1_17' title='bbox 508 665 541 723; x_wconf 94' lang='lat' dir='ltr'>et</span> <span class='ocrx_word' id='word_1_18' title='bbox 557 658 696 737; x_wconf 83' lang='lat' dir='ltr'><strong>deberet,</strong></span> <span class='ocrx_word' id='word_1_19' title='bbox 722 665 855 741; x_wconf 88' lang='lat' dir='ltr'>excepta</span> <span class='ocrx_word' id='word_1_20' title='bbox 871 658 1032 722; x_wconf 77' lang='lat' dir='ltr'><strong>duntaxat</strong></span> <span class='ocrx_word' id='word_1_21' title='bbox 1047 661 1248 743; x_wconf 80' lang='lat' dir='ltr'>possessione</span> 
     </span>
     <span class='ocr_line' id='line_1_4' title="bbox 113 766 1249 853; baseline 0.004 -23"><span class='ocrx_word' id='word_1_22' title='bbox 113 768 258 851; x_wconf 90' lang='lat' dir='ltr'>ipsorum</span> <span class='ocrx_word' id='word_1_23' title='bbox 275 769 407 853; x_wconf 81' lang='lat' dir='ltr'>Taryan</span> <span class='ocrx_word' id='word_1_24' title='bbox 423 775 536 834; x_wconf 86' lang='lat' dir='ltr'>vocata</span> <span class='ocrx_word' id='word_1_25' title='bbox 561 789 661 852; x_wconf 84' lang='lat' dir='ltr'>prope</span> <span class='ocrx_word' id='word_1_26' title='bbox 677 767 798 832; x_wconf 90' lang='lat' dir='ltr'>dictum</span> <span class='ocrx_word' id='word_1_27' title='bbox 815 773 957 832; x_wconf 82' lang='lat' dir='ltr'><strong>castrum</strong></span> <span class='ocrx_word' id='word_1_28' title='bbox 974 767 1116 850; x_wconf 92' lang='lat' dir='ltr'>ipsorum</span> <span class='ocrx_word' id='word_1_29' title='bbox 1128 766 1249 852; x_wconf 83' lang='lat' dir='ltr'>Selgou</span> 
     </span>
     <span class='ocr_line' id='line_1_5' title="bbox 112 875 1248 960; baseline 0.003 -21"><span class='ocrx_word' id='word_1_30' title='bbox 112 875 236 957; x_wconf 89' lang='lat' dir='ltr'>habita,</span> <span class='ocrx_word' id='word_1_31' title='bbox 254 898 353 959; x_wconf 86' lang='lat' dir='ltr'>quam</span> <span class='ocrx_word' id='word_1_32' title='bbox 369 879 581 942; x_wconf 88' lang='lat' dir='ltr'>communiter</span> <span class='ocrx_word' id='word_1_33' title='bbox 597 876 814 960; x_wconf 87' lang='lat' dir='ltr'>possidebunt,</span> <span class='ocrx_word' id='word_1_34' title='bbox 836 898 874 940; x_wconf 89' lang='lat' dir='ltr'>ac</span> <span class='ocrx_word' id='word_1_35' title='bbox 890 898 988 960; x_wconf 86' lang='lat' dir='ltr'>super</span> <span class='ocrx_word' id='word_1_36' title='bbox 1002 876 1150 942; x_wconf 92' lang='lat' dir='ltr'>omnibus</span> <span class='ocrx_word' id='word_1_37' title='bbox 1167 878 1248 942; x_wconf 92' lang='lat' dir='ltr'>iniu-</span> 
     </span>
     <span class='ocr_line' id='line_1_6' title="bbox 111 985 1247 1070; baseline 0.002 -22"><span class='ocrx_word' id='word_1_38' title='bbox 111 985 169 1049; x_wconf 84' lang='lat' dir='ltr'>riis</span> <span class='ocrx_word' id='word_1_39' title='bbox 196 987 281 1050; x_wconf 89' lang='lat' dir='ltr'>inter</span> <span class='ocrx_word' id='word_1_40' title='bbox 307 1007 341 1051; x_wconf 91' lang='lat' dir='ltr'>se</span> <span class='ocrx_word' id='word_1_41' title='bbox 366 986 522 1053; x_wconf 89' lang='lat' dir='ltr'>hactenus</span> <span class='ocrx_word' id='word_1_42' title='bbox 547 985 668 1052; x_wconf 89' lang='lat' dir='ltr'>habitis</span> <span class='ocrx_word' id='word_1_43' title='bbox 694 985 873 1065; x_wconf 81' lang='lat' dir='ltr'>concordia,</span> <span class='ocrx_word' id='word_1_44' title='bbox 905 985 1041 1050; x_wconf 90' lang='lat' dir='ltr'>arbitrio</span> <span class='ocrx_word' id='word_1_45' title='bbox 1073 987 1247 1070; x_wconf 89' lang='lat' dir='ltr'>proborum</span> 
     </span>
     <span class='ocr_line' id='line_1_7' title="bbox 111 1093 1249 1160; baseline 0.003 -4"><span class='ocrx_word' id='word_1_46' title='bbox 111 1093 269 1158; x_wconf 84' lang='lat' dir='ltr'>nobilium</span> <span class='ocrx_word' id='word_1_47' title='bbox 286 1094 428 1158; x_wconf 81' lang='lat' dir='ltr'>virorum</span> <span class='ocrx_word' id='word_1_48' title='bbox 445 1146 451 1158; x_wconf 93' lang='lat'>.</span> <span class='ocrx_word' id='word_1_49' title='bbox 469 1147 475 1159; x_wconf 92' lang='lat'><em>.</em></span> <span class='ocrx_word' id='word_1_50' title='bbox 492 1116 600 1160; x_wconf 89' lang='lat' dir='ltr'>eoram</span> <span class='ocrx_word' id='word_1_51' title='bbox 614 1099 726 1160; x_wconf 91' lang='lat' dir='ltr'>nostro</span> <span class='ocrx_word' id='word_1_52' title='bbox 743 1095 925 1158; x_wconf 90' lang='lat' dir='ltr'>testimonio</span> <span class='ocrx_word' id='word_1_53' title='bbox 941 1147 947 1160; x_wconf 90' lang='lat'><em>.</em></span> <span class='ocrx_word' id='word_1_54' title='bbox 965 1142 971 1156; x_wconf 95' lang='lat'>.</span> <span class='ocrx_word' id='word_1_55' title='bbox 990 1094 1022 1157; x_wconf 94' lang='lat' dir='ltr'>in</span> <span class='ocrx_word' id='word_1_56' title='bbox 1039 1095 1159 1158; x_wconf 83' lang='lat' dir='ltr'>octavis</span> <span class='ocrx_word' id='word_1_57' title='bbox 1175 1093 1249 1160; x_wconf 85' lang='lat' dir='ltr'>festi</span> 
     </span>
     <span class='ocr_line' id='line_1_8' title="bbox 112 1201 1249 1286; baseline 0.002 -20"><span class='ocrx_word' id='word_1_58' title='bbox 112 1201 202 1266; x_wconf 87' lang='lat' dir='ltr'>beati</span> <span class='ocrx_word' id='word_1_59' title='bbox 220 1203 357 1268; x_wconf 90' lang='lat' dir='ltr'>Martini</span> <span class='ocrx_word' id='word_1_60' title='bbox 385 1203 574 1270; x_wconf 88' lang='lat' dir='ltr'>confessoris</span> <span class='ocrx_word' id='word_1_61' title='bbox 600 1205 745 1286; x_wconf 86' lang='lat' dir='ltr'>proxime</span> <span class='ocrx_word' id='word_1_62' title='bbox 770 1202 922 1280; x_wconf 88' lang='lat' dir='ltr'>venturis,</span> <span class='ocrx_word' id='word_1_63' title='bbox 938 1203 971 1266; x_wconf 91' lang='lat' dir='ltr'>iu</span> <span class='ocrx_word' id='word_1_64' title='bbox 988 1203 1187 1285; x_wconf 85' lang='lat' dir='ltr'>possessione</span> <span class='ocrx_word' id='word_1_65' title='bbox 1202 1205 1249 1286; x_wconf 94' lang='lat' dir='ltr'>ip-</span> 
     </span>
     <span class='ocr_line' id='line_1_9' title="bbox 110 1310 1247 1395; baseline 0.003 -22"><span class='ocrx_word' id='word_1_66' title='bbox 110 1331 220 1374; x_wconf 88' lang='lat' dir='ltr'>sorum</span> <span class='ocrx_word' id='word_1_67' title='bbox 236 1310 377 1376; x_wconf 90' lang='lat' dir='ltr'>Zeuleus</span> <span class='ocrx_word' id='word_1_68' title='bbox 394 1312 599 1377; x_wconf 84' lang='lat' dir='ltr'>incomitata</span> <span class='ocrx_word' id='word_1_69' title='bbox 624 1311 861 1395; x_wconf 84' lang='lat' dir='ltr'>Neugradiensi</span> <span class='ocrx_word' id='word_1_70' title='bbox 878 1311 990 1375; x_wconf 87' lang='lat' dir='ltr'>habita</span> <span class='ocrx_word' id='word_1_71' title='bbox 1005 1311 1075 1375; x_wconf 89' lang='lat' dir='ltr'>fieri</span> <span class='ocrx_word' id='word_1_72' title='bbox 1091 1310 1247 1389; x_wconf 88' lang='lat' dir='ltr'>debenda,</span> 
     </span>
     <span class='ocr_line' id='line_1_10' title="bbox 112 1417 1246 1502; baseline 0.002 -20"><span class='ocrx_word' id='word_1_73' title='bbox 112 1417 337 1484; x_wconf 87' lang='lat' dir='ltr'>submisissent</span> <span class='ocrx_word' id='word_1_74' title='bbox 354 1469 361 1482; x_wconf 92' lang='lat'><strong>.</strong></span> <span class='ocrx_word' id='word_1_75' title='bbox 377 1469 384 1483; x_wconf 91' lang='lat'>.</span> <span class='ocrx_word' id='word_1_76' title='bbox 400 1421 459 1484; x_wconf 89' lang='lat' dir='ltr'>tali</span> <span class='ocrx_word' id='word_1_77' title='bbox 477 1421 604 1485; x_wconf 87' lang='lat' dir='ltr'>viuculo</span> <span class='ocrx_word' id='word_1_78' title='bbox 629 1419 800 1496; x_wconf 89' lang='lat' dir='ltr'>mediante,</span> <span class='ocrx_word' id='word_1_79' title='bbox 826 1425 864 1483; x_wconf 88' lang='lat' dir='ltr'>ut</span> <span class='ocrx_word' id='word_1_80' title='bbox 880 1418 1039 1502; x_wconf 87' lang='lat' dir='ltr'>quidquid</span> <span class='ocrx_word' id='word_1_81' title='bbox 1056 1417 1135 1484; x_wconf 91' lang='lat' dir='ltr'>dicti</span> <span class='ocrx_word' id='word_1_82' title='bbox 1153 1419 1246 1502; x_wconf 90' lang='lat' dir='ltr'>probi</span> 
     </span>
     <span class='ocr_line' id='line_1_11' title="bbox 112 1525 1245 1610; baseline 0.003 -21"><span class='ocrx_word' id='word_1_83' title='bbox 112 1525 234 1591; x_wconf 91' lang='lat' dir='ltr'>nobiles</span> <span class='ocrx_word' id='word_1_84' title='bbox 245 1528 304 1592; x_wconf 86' lang='lat' dir='ltr'>viri</span> <span class='ocrx_word' id='word_1_85' title='bbox 325 1529 745 1594; x_wconf 87' lang='lat' dir='ltr'>coramuostrotestimonio</span> <span class='ocrx_word' id='word_1_86' title='bbox 762 1577 768 1590; x_wconf 94' lang='lat'><strong><em>.</em></strong></span> <span class='ocrx_word' id='word_1_87' title='bbox 786 1577 792 1590; x_wconf 93' lang='lat'><em>.</em></span> <span class='ocrx_word' id='word_1_88' title='bbox 809 1548 906 1610; x_wconf 90' lang='lat' dir='ltr'>super</span> <span class='ocrx_word' id='word_1_89' title='bbox 915 1527 1079 1610; x_wconf 88' lang='lat' dir='ltr'>premissis</span> <span class='ocrx_word' id='word_1_90' title='bbox 1097 1527 1245 1592; x_wconf 91' lang='lat' dir='ltr'>omnibus</span> 
     </span>
     <span class='ocr_line' id='line_1_12' title="bbox 113 1633 1239 1720; baseline 0 -22"><span class='ocrx_word' id='word_1_91' title='bbox 113 1636 182 1718; x_wconf 87' lang='lat' dir='ltr'>ipso</span> <span class='ocrx_word' id='word_1_92' title='bbox 199 1635 251 1699; x_wconf 92' lang='lat' dir='ltr'>die</span> <span class='ocrx_word' id='word_1_93' title='bbox 268 1637 300 1700; x_wconf 93' lang='lat' dir='ltr'>in</span> <span class='ocrx_word' id='word_1_94' title='bbox 318 1636 404 1702; x_wconf 80' lang='lat' dir='ltr'>diota</span> <span class='ocrx_word' id='word_1_95' title='bbox 420 1637 620 1720; x_wconf 89' lang='lat' dir='ltr'>possessione</span> <span class='ocrx_word' id='word_1_96' title='bbox 646 1638 789 1720; x_wconf 89' lang='lat' dir='ltr'>ipsorum</span> <span class='ocrx_word' id='word_1_97' title='bbox 813 1635 930 1700; x_wconf 90' lang='lat' dir='ltr'>Zeleus</span> <span class='ocrx_word' id='word_1_98' title='bbox 947 1633 1216 1700; x_wconf 86' lang='lat' dir='ltr'>arbitrabuntur.</span> <span class='ocrx_word' id='word_1_99' title='bbox 1234 1685 1239 1698; x_wconf 93' lang='lat'>.</span> 
     </span>
     <span class='ocr_line' id='line_1_13' title="bbox 111 1741 1241 1828; baseline 0 -22"><span class='ocrx_word' id='word_1_100' title='bbox 111 1741 203 1808; x_wconf 85' lang='lat' dir='ltr'>ambe</span> <span class='ocrx_word' id='word_1_101' title='bbox 221 1751 329 1828; x_wconf 89' lang='lat' dir='ltr'>partes</span> <span class='ocrx_word' id='word_1_102' title='bbox 340 1744 535 1810; x_wconf 88' lang='lat' dir='ltr'>tenebuntur</span> <span class='ocrx_word' id='word_1_103' title='bbox 551 1751 733 1827; x_wconf 89' lang='lat' dir='ltr'>acceptare;</span> <span class='ocrx_word' id='word_1_104' title='bbox 754 1745 812 1808; x_wconf 90' lang='lat' dir='ltr'>tali</span> <span class='ocrx_word' id='word_1_105' title='bbox 824 1743 1023 1828; x_wconf 76' lang='lat' dir='ltr'>obligatione</span> <span class='ocrx_word' id='word_1_106' title='bbox 1039 1743 1241 1826; x_wconf 86' lang='lat' dir='ltr'>interposita,</span> 
     </span>
     <span class='ocr_line' id='line_1_14' title="bbox 113 1851 1239 1936; baseline 0.001 -22"><span class='ocrx_word' id='word_1_107' title='bbox 113 1901 118 1914; x_wconf 95' lang='lat'>.</span> <span class='ocrx_word' id='word_1_108' title='bbox 136 1905 141 1915; x_wconf 96' lang='lat'><em>.</em></span> <span class='ocrx_word' id='word_1_109' title='bbox 159 1858 196 1916; x_wconf 91' lang='lat' dir='ltr'>ut</span> <span class='ocrx_word' id='word_1_110' title='bbox 214 1854 242 1916; x_wconf 90' lang='lat' dir='ltr'>si</span> <span class='ocrx_word' id='word_1_111' title='bbox 258 1875 323 1935; x_wconf 90' lang='lat' dir='ltr'>qua</span> <span class='ocrx_word' id='word_1_112' title='bbox 333 1855 479 1936; x_wconf 90' lang='lat' dir='ltr'>parcium</span> <span class='ocrx_word' id='word_1_113' title='bbox 490 1854 662 1919; x_wconf 84' lang='lat' dir='ltr'>arbitrium</span> <span class='ocrx_word' id='word_1_114' title='bbox 678 1855 822 1936; x_wconf 89' lang='lat' dir='ltr'>ipsorum</span> <span class='ocrx_word' id='word_1_115' title='bbox 842 1851 1014 1934; x_wconf 90' lang='lat' dir='ltr'>proborum</span> <span class='ocrx_word' id='word_1_116' title='bbox 1031 1851 1186 1916; x_wconf 91' lang='lat' dir='ltr'>nobilium</span> <span class='ocrx_word' id='word_1_117' title='bbox 1196 1852 1239 1915; x_wconf 89' lang='lat' dir='ltr'>vi·</span> 
     </span>
     <span class='ocr_line' id='line_1_15' title="bbox 113 1961 1241 2046; baseline -0.001 -22"><span class='ocrx_word' id='word_1_118' title='bbox 113 1981 221 2025; x_wconf 88' lang='lat' dir='ltr'>rorum</span> <span class='ocrx_word' id='word_1_119' title='bbox 231 1983 290 2045; x_wconf 91' lang='lat' dir='ltr'>per</span> <span class='ocrx_word' id='word_1_120' title='bbox 301 1971 410 2046; x_wconf 89' lang='lat' dir='ltr'>partes</span> <span class='ocrx_word' id='word_1_121' title='bbox 421 1962 489 2028; x_wconf 88' lang='lat' dir='ltr'>illic</span> <span class='ocrx_word' id='word_1_122' title='bbox 499 1961 924 2028; x_wconf 86' lang='lat' dir='ltr'>adductorumooramdictis</span> <span class='ocrx_word' id='word_1_123' title='bbox 940 1967 1048 2024; x_wconf 88' lang='lat' dir='ltr'>nostro</span> <span class='ocrx_word' id='word_1_124' title='bbox 1060 1961 1241 2026; x_wconf 90' lang='lat' dir='ltr'>testimonio</span> 
     </span>
     <span class='ocr_line' id='line_1_16' title="bbox 112 2065 1247 2152; baseline -0.001 -21"><span class='ocrx_word' id='word_1_125' title='bbox 112 2071 159 2134; x_wconf 86' lang='lat' dir='ltr'>vel</span> <span class='ocrx_word' id='word_1_126' title='bbox 173 2071 367 2136; x_wconf 88' lang='lat' dir='ltr'>testimoniis</span> <span class='ocrx_word' id='word_1_127' title='bbox 384 2071 503 2136; x_wconf 91' lang='lat' dir='ltr'>nostris</span> <span class='ocrx_word' id='word_1_128' title='bbox 513 2091 576 2135; x_wconf 92' lang='lat' dir='ltr'>non</span> <span class='ocrx_word' id='word_1_129' title='bbox 587 2075 780 2152; x_wconf 83' lang='lat' dir='ltr'>acceptaret,</span> <span class='ocrx_word' id='word_1_130' title='bbox 796 2068 882 2152; x_wconf 89' lang='lat' dir='ltr'>parti</span> <span class='ocrx_word' id='word_1_131' title='bbox 902 2067 1033 2134; x_wconf 83' lang='lat' dir='ltr'>adverse</span> <span class='ocrx_word' id='word_1_132' title='bbox 1044 2069 1147 2152; x_wconf 91' lang='lat' dir='ltr'>ipsum</span> <span class='ocrx_word' id='word_1_133' title='bbox 1159 2065 1247 2132; x_wconf 89' lang='lat' dir='ltr'>arbi-</span> 
     </span>
     <span class='ocr_line' id='line_1_17' title="bbox 115 2175 1244 2264; baseline -0.002 -22"><span class='ocrx_word' id='word_1_134' title='bbox 115 2181 212 2244; x_wconf 83' lang='lat' dir='ltr'>trium</span> <span class='ocrx_word' id='word_1_135' title='bbox 232 2180 423 2263; x_wconf 87' lang='lat' dir='ltr'>acceptanti,</span> <span class='ocrx_word' id='word_1_136' title='bbox 443 2179 681 2264; x_wconf 84' lang='lat' dir='ltr'>quinquaginta</span> <span class='ocrx_word' id='word_1_137' title='bbox 699 2199 834 2252; x_wconf 82' lang='lat' dir='ltr'>marcas,</span> <span class='ocrx_word' id='word_1_138' title='bbox 856 2178 924 2240; x_wconf 92' lang='lat' dir='ltr'>sine</span> <span class='ocrx_word' id='word_1_139' title='bbox 944 2177 1094 2258; x_wconf 83' lang='lat' dir='ltr'>porcione</span> <span class='ocrx_word' id='word_1_140' title='bbox 1114 2175 1244 2253; x_wconf 78' lang='lat' dir='ltr'>iudicis,</span> 
     </span>
     <span class='ocr_line' id='line_1_18' title="bbox 112 2283 1243 2371; baseline -0.004 -20"><span class='ocrx_word' id='word_1_141' title='bbox 112 2295 184 2352; x_wconf 90' lang='lat' dir='ltr'>ante</span> <span class='ocrx_word' id='word_1_142' title='bbox 195 2287 263 2352; x_wconf 91' lang='lat' dir='ltr'>litis</span> <span class='ocrx_word' id='word_1_143' title='bbox 272 2287 451 2371; x_wconf 85' lang='lat' dir='ltr'>ingressum</span> <span class='ocrx_word' id='word_1_144' title='bbox 462 2287 584 2352; x_wconf 87' lang='lat' dir='ltr'>solvere</span> <span class='ocrx_word' id='word_1_145' title='bbox 594 2292 750 2352; x_wconf 88' lang='lat' dir='ltr'>teneatur.</span> <span class='ocrx_word' id='word_1_146' title='bbox 760 2284 884 2350; x_wconf 89' lang='lat' dir='ltr'>Datum</span> <span class='ocrx_word' id='word_1_147' title='bbox 895 2283 976 2349; x_wconf 87' lang='lat' dir='ltr'>feria</span> <span class='ocrx_word' id='word_1_148' title='bbox 985 2285 1087 2350; x_wconf 88' lang='lat' dir='ltr'>tercia</span> <span class='ocrx_word' id='word_1_149' title='bbox 1097 2284 1243 2367; x_wconf 82' lang='lat' dir='ltr'>proxima</span> 
     </span>
     <span class='ocr_line' id='line_1_19' title="bbox 113 2389 1242 2478; baseline -0.001 -19"><span class='ocrx_word' id='word_1_150' title='bbox 113 2401 182 2478; x_wconf 92' lang='lat' dir='ltr'>post</span> <span class='ocrx_word' id='word_1_151' title='bbox 198 2395 317 2460; x_wconf 85' lang='lat' dir='ltr'>festum</span> <span class='ocrx_word' id='word_1_152' title='bbox 333 2395 419 2461; x_wconf 90' lang='lat' dir='ltr'>beati</span> <span class='ocrx_word' id='word_1_153' title='bbox 445 2397 533 2461; x_wconf 86' lang='lat' dir='ltr'>Luce</span> <span class='ocrx_word' id='word_1_154' title='bbox 562 2394 765 2477; x_wconf 84' lang='lat' dir='ltr'>evangeliste,</span> <span class='ocrx_word' id='word_1_155' title='bbox 791 2413 875 2458; x_wconf 90' lang='lat' dir='ltr'>anuo</span> <span class='ocrx_word' id='word_1_156' title='bbox 901 2391 1021 2456; x_wconf 89' lang='lat' dir='ltr'>domini</span> <span class='ocrx_word' id='word_1_157' title='bbox 1043 2390 1095 2455; x_wconf 86' lang='lat' dir='ltr'>M⁰</span> <span class='ocrx_word' id='word_1_158' title='bbox 1120 2389 1242 2458; x_wconf 56' lang='grc' dir='ltr'>000ΊΠῚΟ</span> 
     </span>
     <span class='ocr_line' id='line_1_20' title="bbox 114 2503 354 2569; baseline 0.008 -3"><span class='ocrx_word' id='word_1_159' title='bbox 114 2503 217 2567; x_wconf 77' lang='lat' dir='ltr'>XL¹¹²⁰</span> <span class='ocrx_word' id='word_1_160' title='bbox 233 2509 354 2569; x_wconf 86' lang='lat' dir='ltr'>octavo.</span> 
     </span>
    </p>
   </div>
   <div class='ocr_carea' id='block_1_3' title="bbox 113 2663 1244 2821">
    <p class='ocr_par' dir='ltr' id='par_1_3' title="bbox 113 2663 1244 2821">
     <span class='ocr_line' id='line_1_21' title="bbox 218 2663 1244 2732; baseline -0.004 -16"><span class='ocrx_word' id='word_1_161' title='bbox 218 2667 351 2717; x_wconf 70' lang='lat' dir='ltr'>Zarlatau</span> <span class='ocrx_word' id='word_1_162' title='bbox 365 2667 455 2731; x_wconf 72' lang='lat' dir='ltr'>penset</span> <span class='ocrx_word' id='word_1_163' title='bbox 469 2667 643 2732; x_wconf 81' lang='lat' dir='ltr'>uyornaiva13</span> <span class='ocrx_word' id='word_1_164' title='bbox 664 2666 794 2729; x_wconf 86' lang='lat' dir='ltr'>eredetije</span> <span class='ocrx_word' id='word_1_165' title='bbox 813 2681 845 2715; x_wconf 85' lang='lat' dir='ltr'>az</span> <span class='ocrx_word' id='word_1_166' title='bbox 866 2681 934 2714; x_wconf 85' lang='lat' dir='ltr'>orsz.</span> <span class='ocrx_word' id='word_1_167' title='bbox 954 2665 985 2714; x_wconf 88' lang='lat' dir='ltr'>lt.</span> <span class='ocrx_word' id='word_1_168' title='bbox 1005 2663 1105 2712; x_wconf 78' lang='lat' dir='ltr'>lineat.</span> <span class='ocrx_word' id='word_1_169' title='bbox 1126 2667 1195 2712; x_wconf 82' lang='lat' dir='ltr'>cunt.</span> <span class='ocrx_word' id='word_1_170' title='bbox 1209 2663 1244 2712; x_wconf 84' lang='lat' dir='ltr'>N.</span> 
     </span>
     <span class='ocr_line' id='line_1_22' title="bbox 113 2757 856 2821; baseline -0.007 -12"><span class='ocrx_word' id='word_1_171' title='bbox 113 2761 144 2809; x_wconf 83' lang='lat' dir='ltr'>R.</span> <span class='ocrx_word' id='word_1_172' title='bbox 157 2760 190 2808; x_wconf 82' lang='lat' dir='ltr'>A.</span> <span class='ocrx_word' id='word_1_173' title='bbox 205 2763 266 2810; x_wconf 75' lang='lat' dir='ltr'>est.</span> <span class='ocrx_word' id='word_1_174' title='bbox 284 2765 306 2807; x_wconf 91' lang='lat' dir='ltr'>l.</span> <span class='ocrx_word' id='word_1_175' title='bbox 320 2758 387 2821; x_wconf 85' lang='lat' dir='ltr'>dipl.</span> <span class='ocrx_word' id='word_1_176' title='bbox 401 2763 468 2808; x_wconf 85' lang='lat' dir='ltr'>uszt.</span> <span class='ocrx_word' id='word_1_177' title='bbox 482 2764 561 2810; x_wconf 71' lang='lat' dir='ltr'>tole.</span> <span class='ocrx_word' id='word_1_178' title='bbox 580 2758 680 2808; x_wconf 77' lang='lat' dir='ltr'>Kdzli:</span> <span class='ocrx_word' id='word_1_179' title='bbox 701 2757 809 2808; x_wconf 75' lang='lat' dir='ltr'>Koraos</span> <span class='ocrx_word' id='word_1_180' title='bbox 823 2758 856 2805; x_wconf 88' lang='lat' dir='ltr'>N.</span> 
     </span>
    </p>
   </div>
   <div class='ocr_carea' id='block_1_4' title="bbox 642 3135 714 3197">
    <p class='ocr_par' dir='ltr' id='par_1_4' title="bbox 642 3135 714 3197">
     <span class='ocr_line' id='line_1_23' title="bbox 642 3135 714 3197; baseline -0.028 0"><span class='ocrx_word' id='word_1_181' title='bbox 642 3135 714 3197; x_wconf 75' lang='lat'>123.</span> 
     </span>
    </p>
   </div>
   <div class='ocr_carea' id='block_1_5' title="bbox 110 3289 1243 3708">
    <p class='ocr_par' dir='ltr' id='par_1_5' title="bbox 115 3289 1242 3380">
     <span class='ocr_line' id='line_1_24' title="bbox 115 3289 1242 3380; baseline -0.012 -16"><span class='ocrx_word' id='word_1_182' title='bbox 115 3302 209 3364; x_wconf 77' lang='lat'><em>1348.</em></span> <span class='ocrx_word' id='word_1_183' title='bbox 227 3311 284 3364; x_wconf 90' lang='lat' dir='ltr'>oct.</span> <span class='ocrx_word' id='word_1_184' title='bbox 302 3302 353 3362; x_wconf 85' lang='grc'>28.</span> <span class='ocrx_word' id='word_1_185' title='bbox 368 3298 396 3363; x_wconf 84' lang='grc' dir='ltr'><strong><em>Α</em></strong></span> <span class='ocrx_word' id='word_1_186' title='bbox 414 3297 512 3362; x_wconf 79' lang='lat' dir='ltr'>dadai</span> <span class='ocrx_word' id='word_1_187' title='bbox 528 3295 683 3380; x_wconf 81' lang='lat' dir='ltr'>kdptaloa</span> <span class='ocrx_word' id='word_1_188' title='bbox 698 3295 768 3358; x_wconf 73' lang='lat' dir='ltr'>elota</span> <span class='ocrx_word' id='word_1_189' title='bbox 783 3293 923 3379; x_wconf 69' lang='lat' dir='ltr'>Ospydni</span> <span class='ocrx_word' id='word_1_190' title='bbox 934 3291 1055 3376; x_wconf 75' lang='lat' dir='ltr'>Kdrolp</span> <span class='ocrx_word' id='word_1_191' title='bbox 1062 3291 1114 3370; x_wconf 80' lang='lat' dir='ltr'>flu</span> <span class='ocrx_word' id='word_1_192' title='bbox 1128 3289 1242 3374; x_wconf 78' lang='lat' dir='ltr'>Rupes,</span> 
     </span>
    </p>

    <p class='ocr_par' dir='ltr' id='par_1_6' title="bbox 111 3397 1242 3488">
     <span class='ocr_line' id='line_1_25' title="bbox 111 3397 1242 3488; baseline -0.011 -16"><span class='ocrx_word' id='word_1_193' title='bbox 111 3409 215 3472; x_wconf 64' lang='lat' dir='ltr'>Kos-tr</span> <span class='ocrx_word' id='word_1_194' title='bbox 232 3407 351 3472; x_wconf 43' lang='lat' dir='ltr'>auitos</span> <span class='ocrx_word' id='word_1_195' title='bbox 358 3406 474 3488; x_wconf 76' lang='lat' dir='ltr'>fiducie</span> <span class='ocrx_word' id='word_1_196' title='bbox 491 3405 659 3470; x_wconf 81' lang='lat' dir='ltr'>Jdoosuuk</span> <span class='ocrx_word' id='word_1_197' title='bbox 687 3402 795 3468; x_wconf 84' lang='lat' dir='ltr'>Velezd</span> <span class='ocrx_word' id='word_1_198' title='bbox 810 3409 888 3464; x_wconf 74' lang='lat' dir='ltr'>necti</span> <span class='ocrx_word' id='word_1_199' title='bbox 917 3398 1038 3462; x_wconf 83' lang='lat' dir='ltr'>Borsod</span> <span class='ocrx_word' id='word_1_200' title='bbox 1062 3397 1242 3481; x_wconf 69' lang='lat' dir='ltr'>eurmepya&#39;</span> 
     </span>
    </p>

    <p class='ocr_par' dir='ltr' id='par_1_7' title="bbox 110 3504 1243 3708">
     <span class='ocr_line' id='line_1_26' title="bbox 110 3504 1243 3600; baseline -0.011 -23"><span class='ocrx_word' id='word_1_201' title='bbox 110 3516 256 3594; x_wconf 76' lang='lat' dir='ltr'>birtolnot,</span> <span class='ocrx_word' id='word_1_202' title='bbox 283 3539 364 3579; x_wconf 84' lang='lat' dir='ltr'>emez</span> <span class='ocrx_word' id='word_1_203' title='bbox 382 3515 477 3600; x_wconf 76' lang='lat' dir='ltr'>pedip</span> <span class='ocrx_word' id='word_1_204' title='bbox 501 3513 664 3577; x_wconf 76' lang='lat' dir='ltr'>autaunalt</span> <span class='ocrx_word' id='word_1_205' title='bbox 692 3511 851 3576; x_wconf 80' lang='lat' dir='ltr'>Hormacz</span> <span class='ocrx_word' id='word_1_206' title='bbox 876 3510 906 3572; x_wconf 84' lang='lat' dir='ltr'>e&#39;s</span> <span class='ocrx_word' id='word_1_207' title='bbox 930 3508 1010 3572; x_wconf 80' lang='lat' dir='ltr'>Aszd</span> <span class='ocrx_word' id='word_1_208' title='bbox 1027 3513 1107 3569; x_wconf 74' lang='lat' dir='ltr'>neca</span> <span class='ocrx_word' id='word_1_209' title='bbox 1125 3504 1243 3568; x_wconf 78' lang='lat' dir='ltr'>dedr</span> 
     </span>
     <span class='ocr_line' id='line_1_27' title="bbox 413 3616 936 3708; baseline -0.013 -22"><span class='ocrx_word' id='word_1_210' title='bbox 413 3624 587 3708; x_wconf 72' lang='lat' dir='ltr'>uctrmeppei</span> <span class='ocrx_word' id='word_1_211' title='bbox 604 3619 782 3684; x_wconf 74' lang='lat' dir='ltr'>br&#39;rtolcolcat</span> <span class='ocrx_word' id='word_1_212' title='bbox 795 3616 936 3701; x_wconf 67' lang='lat' dir='ltr'>dtasljdlt.</span> 
     </span>
    </p>
   </div>
   <div class='ocr_carea' id='block_1_6' title="bbox 109 3775 1244 4629">
    <p class='ocr_par' dir='ltr' id='par_1_8' title="bbox 109 3775 1244 4629">
     <span class='ocr_line' id='line_1_28' title="bbox 219 3775 1241 3870; baseline -0.017 -15"><span class='ocrx_word' id='word_1_213' title='bbox 219 3785 410 3870; x_wconf 78' lang='lat' dir='ltr'>Capitulum</span> <span class='ocrx_word' id='word_1_214' title='bbox 419 3784 580 3851; x_wconf 90' lang='lat' dir='ltr'>Budensis</span> <span class='ocrx_word' id='word_1_215' title='bbox 597 3781 727 3848; x_wconf 88' lang='lat' dir='ltr'>ecclesie</span> <span class='ocrx_word' id='word_1_216' title='bbox 744 3833 750 3846; x_wconf 88' lang='lat'><strong>.</strong></span> <span class='ocrx_word' id='word_1_217' title='bbox 768 3830 774 3844; x_wconf 93' lang='lat'>.</span> <span class='ocrx_word' id='word_1_218' title='bbox 791 3779 833 3846; x_wconf 89' lang='lat' dir='ltr'>ad</span> <span class='ocrx_word' id='word_1_219' title='bbox 849 3779 1072 3843; x_wconf 84' lang='lat' dir='ltr'>universorum</span> <span class='ocrx_word' id='word_1_220' title='bbox 1089 3775 1241 3840; x_wconf 89' lang='lat' dir='ltr'>noticiam</span> 
     </span>
     <span class='ocr_line' id='line_1_29' title="bbox 110 3881 1239 3979; baseline -0.015 -18"><span class='ocrx_word' id='word_1_221' title='bbox 110 3897 306 3962; x_wconf 78' lang='lat' dir='ltr'>..volumus</span> <span class='ocrx_word' id='word_1_222' title='bbox 330 3895 504 3979; x_wconf 87' lang='lat' dir='ltr'>pervenire,</span> <span class='ocrx_word' id='word_1_223' title='bbox 537 3891 622 3972; x_wconf 93' lang='lat' dir='ltr'>quod</span> <span class='ocrx_word' id='word_1_224' title='bbox 648 3890 803 3972; x_wconf 86' lang='lat' dir='ltr'>magistro</span> <span class='ocrx_word' id='word_1_225' title='bbox 828 3887 939 3969; x_wconf 81' lang='lat' dir='ltr'>Bogus</span> <span class='ocrx_word' id='word_1_226' title='bbox 964 3884 1030 3948; x_wconf 89' lang='lat' dir='ltr'>filio</span> <span class='ocrx_word' id='word_1_227' title='bbox 1055 3882 1174 3948; x_wconf 88' lang='lat' dir='ltr'>Karoli</span> <span class='ocrx_word' id='word_1_228' title='bbox 1200 3881 1239 3945; x_wconf 92' lang='lat' dir='ltr'>de</span> 
     </span>
     <span class='ocr_line' id='line_1_30' title="bbox 109 3989 1241 4090; baseline -0.016 -20"><span class='ocrx_word' id='word_1_229' title='bbox 109 4005 223 4090; x_wconf 85' lang='lat' dir='ltr'>Ozyan</span> <span class='ocrx_word' id='word_1_230' title='bbox 239 4025 299 4088; x_wconf 91' lang='lat' dir='ltr'>pro</span> <span class='ocrx_word' id='word_1_231' title='bbox 314 4025 348 4068; x_wconf 87' lang='lat' dir='ltr'>se</span> <span class='ocrx_word' id='word_1_232' title='bbox 364 4001 576 4087; x_wconf 84' lang='lat' dir='ltr'>personaliter</span> <span class='ocrx_word' id='word_1_233' title='bbox 593 4006 627 4065; x_wconf 92' lang='lat' dir='ltr'>et</span> <span class='ocrx_word' id='word_1_234' title='bbox 643 4021 700 4083; x_wconf 93' lang='lat' dir='ltr'>pro</span> <span class='ocrx_word' id='word_1_235' title='bbox 717 3996 884 4081; x_wconf 83' lang='lat' dir='ltr'>Stephano</span> <span class='ocrx_word' id='word_1_236' title='bbox 903 3993 970 4058; x_wconf 89' lang='lat' dir='ltr'>filio</span> <span class='ocrx_word' id='word_1_237' title='bbox 988 3991 1111 4056; x_wconf 67' lang='lat' dir='ltr'>&#39;thome</span> <span class='ocrx_word' id='word_1_238' title='bbox 1128 3989 1241 4055; x_wconf 87' lang='lat' dir='ltr'>fratris</span> 
     </span>
     <span class='ocr_line' id='line_1_31' title="bbox 109 4097 1241 4188; baseline -0.017 -9"><span class='ocrx_word' id='word_1_239' title='bbox 109 4115 159 4180; x_wconf 91' lang='lat' dir='ltr'>sui</span> <span class='ocrx_word' id='word_1_240' title='bbox 177 4165 184 4177; x_wconf 94' lang='lat'>.</span> <span class='ocrx_word' id='word_1_241' title='bbox 202 4165 208 4178; x_wconf 94' lang='lat'><strong><em>.</em></strong></span> <span class='ocrx_word' id='word_1_242' title='bbox 225 4111 267 4177; x_wconf 91' lang='lat' dir='ltr'>ab</span> <span class='ocrx_word' id='word_1_243' title='bbox 283 4133 357 4188; x_wconf 70' lang='lat' dir='ltr'>unat,</span> <span class='ocrx_word' id='word_1_244' title='bbox 373 4111 451 4175; x_wconf 89' lang='lat' dir='ltr'>item</span> <span class='ocrx_word' id='word_1_245' title='bbox 466 4109 620 4174; x_wconf 83' lang='lat' dir='ltr'>Johaune</span> <span class='ocrx_word' id='word_1_246' title='bbox 637 4106 703 4172; x_wconf 89' lang='lat' dir='ltr'>filio</span> <span class='ocrx_word' id='word_1_247' title='bbox 718 4103 847 4170; x_wconf 89' lang='lat' dir='ltr'>Nioolai</span> <span class='ocrx_word' id='word_1_248' title='bbox 865 4102 942 4167; x_wconf 91' lang='lat' dir='ltr'>dicti</span> <span class='ocrx_word' id='word_1_249' title='bbox 961 4099 1055 4165; x_wconf 87' lang='lat' dir='ltr'>Kuer</span> <span class='ocrx_word' id='word_1_250' title='bbox 1072 4098 1112 4162; x_wconf 91' lang='lat' dir='ltr'>de</span> <span class='ocrx_word' id='word_1_251' title='bbox 1129 4097 1241 4161; x_wconf 88' lang='lat' dir='ltr'>Welez</span> 
     </span>
     <span class='ocr_line' id='line_1_32' title="bbox 109 4206 1243 4306; baseline -0.015 -19"><span class='ocrx_word' id='word_1_252' title='bbox 109 4227 205 4306; x_wconf 89' lang='lat' dir='ltr'>parte</span> <span class='ocrx_word' id='word_1_253' title='bbox 230 4219 272 4285; x_wconf 89' lang='lat' dir='ltr'>ab</span> <span class='ocrx_word' id='word_1_254' title='bbox 298 4221 410 4295; x_wconf 88' lang='lat' dir='ltr'>altera,</span> <span class='ocrx_word' id='word_1_255' title='bbox 434 4219 468 4282; x_wconf 92' lang='lat' dir='ltr'>iu</span> <span class='ocrx_word' id='word_1_256' title='bbox 484 4216 587 4282; x_wconf 85' lang='lat' dir='ltr'>nostri</span> <span class='ocrx_word' id='word_1_257' title='bbox 612 4215 779 4299; x_wconf 80' lang='lat' dir='ltr'>presencia</span> <span class='ocrx_word' id='word_1_258' title='bbox 804 4209 997 4288; x_wconf 87' lang='lat' dir='ltr'>constitutis,</span> <span class='ocrx_word' id='word_1_259' title='bbox 1032 4228 1089 4290; x_wconf 88' lang='lat' dir='ltr'>per</span> <span class='ocrx_word' id='word_1_260' title='bbox 1115 4206 1243 4270; x_wconf 91' lang='lat' dir='ltr'>eosdem</span> 
     </span>
     <span class='ocr_line' id='line_1_33' title="bbox 109 4313 1244 4414; baseline -0.016 -20"><span class='ocrx_word' id='word_1_261' title='bbox 109 4330 314 4414; x_wconf 91' lang='lat' dir='ltr'>propositum</span> <span class='ocrx_word' id='word_1_262' title='bbox 330 4326 456 4392; x_wconf 83' lang='lat' dir='ltr'>exstitit</span> <span class='ocrx_word' id='word_1_263' title='bbox 473 4377 478 4388; x_wconf 96' lang='lat'>.</span> <span class='ocrx_word' id='word_1_264' title='bbox 496 4379 502 4392; x_wconf 95' lang='lat'><strong>.</strong></span> <span class='ocrx_word' id='word_1_265' title='bbox 519 4325 606 4410; x_wconf 92' lang='lat' dir='ltr'>quod</span> <span class='ocrx_word' id='word_1_266' title='bbox 628 4325 690 4408; x_wconf 92' lang='lat' dir='ltr'>ipsi</span> <span class='ocrx_word' id='word_1_267' title='bbox 715 4328 844 4387; x_wconf 88' lang='lat' dir='ltr'>matura</span> <span class='ocrx_word' id='word_1_268' title='bbox 869 4318 1104 4383; x_wconf 81' lang='lat' dir='ltr'>deliberacione</span> <span class='ocrx_word' id='word_1_269' title='bbox 1132 4313 1244 4398; x_wconf 86' lang='lat' dir='ltr'>preha·</span> 
     </span>
     <span class='ocr_line' id='line_1_34' title="bbox 109 4423 1241 4520; baseline -0.019 -15"><span class='ocrx_word' id='word_1_270' title='bbox 109 4440 190 4520; x_wconf 76' lang='lat' dir='ltr'>bita,</span> <span class='ocrx_word' id='word_1_271' title='bbox 206 4443 241 4503; x_wconf 87' lang='lat' dir='ltr'>et</span> <span class='ocrx_word' id='word_1_272' title='bbox 257 4436 432 4502; x_wconf 91' lang='lat' dir='ltr'>dileccione</span> <span class='ocrx_word' id='word_1_273' title='bbox 448 4432 665 4518; x_wconf 87' lang='lat' dir='ltr'>proximitatis</span> <span class='ocrx_word' id='word_1_274' title='bbox 684 4430 849 4515; x_wconf 84' lang='lat' dir='ltr'>premissa,</span> <span class='ocrx_word' id='word_1_275' title='bbox 860 4427 959 4492; x_wconf 91' lang='lat' dir='ltr'>talem</span> <span class='ocrx_word' id='word_1_276' title='bbox 976 4423 1241 4505; x_wconf 90' lang='lat' dir='ltr'>composicionem</span> 
     </span>
     <span class='ocr_line' id='line_1_35' title="bbox 110 4528 1244 4629; baseline -0.02 -15"><span class='ocrx_word' id='word_1_277' title='bbox 110 4555 144 4617; x_wconf 87' lang='lat' dir='ltr'>et</span> <span class='ocrx_word' id='word_1_278' title='bbox 158 4546 399 4612; x_wconf 86' lang='lat' dir='ltr'>ordinacionem</span> <span class='ocrx_word' id='word_1_279' title='bbox 415 4549 570 4629; x_wconf 89' lang='lat' dir='ltr'>perpetuo</span> <span class='ocrx_word' id='word_1_280' title='bbox 586 4540 778 4606; x_wconf 88' lang='lat' dir='ltr'>duraturam</span> <span class='ocrx_word' id='word_1_281' title='bbox 794 4537 878 4602; x_wconf 89' lang='lat' dir='ltr'>inter</span> <span class='ocrx_word' id='word_1_282' title='bbox 895 4555 929 4599; x_wconf 88' lang='lat' dir='ltr'>se</span> <span class='ocrx_word' id='word_1_283' title='bbox 946 4533 1096 4598; x_wconf 87' lang='lat' dir='ltr'>fecissent</span> <span class='ocrx_word' id='word_1_284' title='bbox 1112 4582 1118 4596; x_wconf 93' lang='lat'>.</span> <span class='ocrx_word' id='word_1_285' title='bbox 1136 4579 1141 4593; x_wconf 96' lang='lat'><em>.</em></span> <span class='ocrx_word' id='word_1_286' title='bbox 1160 4528 1244 4614; x_wconf 87' lang='lat' dir='ltr'>quod</span> 
     </span>
    </p>
   </div>
   <div class='ocr_carea' id='block_1_7' title="bbox 0 0 1600 5466">
    <p class='ocr_par' dir='ltr' id='par_1_9' title="bbox 0 0 1600 5466">
     <span class='ocr_line' id='line_1_36' title="bbox 0 0 1600 5466; baseline 0 1"><span class='ocrx_word' id='word_1_287' title='bbox 0 0 1600 5466; x_wconf 95' lang='lat' dir='ltr'> </span> 
     </span>
    </p>
   </div>
  </div>
 </body>
</html>
