3180 5466
694 567 879 610 ssrouuoai
897 553 1110 609 ouuturrlu.

870 767 943 826 345.

344 907 438 968 1352.
457 916 550 969 caract.
570 908 618 970 12.
646 903 676 968 A
684 907 856 990 jdszdooiri
882 915 1010 968 convent
1042 905 1321 992 bizoaysdqlenelc,
1350 905 1432 991 hopy
1455 929 1473 966 c

344 1013 472 1078 Kinizsi
489 1015 704 1077 cscldddcliclc
722 1013 916 1101 Get-petrellae
933 1019 962 1077 efs
980 1012 1263 1100 Gyulctelksncolt
1291 1013 1474 1077 bartolot-as

343 1123 705 1208 iltaojvdrmepye'bec,
722 1123 917 1185 volomtate
942 1121 1037 1185 Tiszu
1064 1126 1094 1186 e's
1125 1119 1228 1186 Toleto
1255 1131 1337 1184 nevit
1355 1121 1472 1206 folyo'lr

341 1232 442 1294 tozou
459 1231 562 1293 Kena
578 1239 658 1292 acolt
684 1230 822 1293 birtolcot
846 1229 995 1294 Szobolcs
1020 1231 1260 1314 odrmcyfflrmz,
1285 1229 1406 1313 ‘tcaput
1422 1229 1470 1290 lni-

658 1348 717 1400 zo'tt
733 1345 779 1400 rai
795 1339 908 1401 mdclon
932 1339 1085 1402 oszlottdk
1094 1335 1160 1421 fdl.

451 1501 519 1566 Nos
535 1501 692 1566 Nicolaus
718 1501 900 1583 prepositus
926 1507 958 1564 et
983 1507 1157 1564 conventus
1176 1499 1365 1564 monasterii
1392 1499 1472 1562 beati

343 1609 368 1674 J
369 1611 504 1674 ohannis
522 1609 671 1692 Baptiste
688 1609 727 1672 de
744 1608 856 1673 danow
874 1657 880 1670 .
898 1656 903 1666 .
928 1599 1145 1690 significamus
1163 1657 1192 1670 ..
1218 1606 1303 1688 quod
1329 1607 1473 1671 Emerioc

343 1715 409 1781 filio
427 1715 583 1799 Stephani
600 1737 658 1800 pro
676 1738 709 1780 se
726 1717 939 1798 personaliter
955 1722 988 1778 et
1005 1714 1165 1798 Gregorio
1182 1715 1323 1780 filiosuo
1340 1714 1382 1779 ab
1402 1737 1470 1790 una,

344 1829 437 1906 parte
454 1845 529 1888 vero
545 1824 585 1888 ab
603 1825 707 1888 altera
728 1823 887 1888 Michaele
914 1823 978 1886 lilio
1004 1823 1104 1904 Petri,
1130 1821 1268 1887 Nicolao
1284 1822 1352 1886 filio
1370 1821 1470 1896 Maris

346 1933 423 1996 item
440 1933 566 1998 Jacobo
583 1932 701 1996 Marko
719 1939 752 1996 et
769 1931 912 2014 Georgio
929 1931 1003 1996 filiis
1021 1931 1117 1996 Pauli
1132 1930 1189 1995 filii
1200 1931 1299 1995 Marii
1317 1929 1472 1995 nobilibus

342 2042 381 2106 de
397 2042 511 2118 Kenia
527 2045 560 2106 in
579 2044 677 2106 nostri
704 2043 871 2125 presencia
888 2042 1100 2123 personaliter
1117 2042 1309 2121 constitutis,
1326 2040 1465 2122 proposi-

344 2159 412 2214 tum
443 2151 614 2214 exstitit..
639 2173 696 2232 per
718 2151 845 2214 eosdem
862 2199 892 2214 ..
917 2149 1002 2232 quod
1029 2156 1159 2232 propter
1191 2149 1309 2213 bonum
1336 2149 1422 2230 pacis
1438 2198 1465 2213 ..

343 2259 375 2320 in
392 2259 531 2341 quadam
558 2259 756 2340 possessione
778 2260 802 2323 J
805 2260 940 2322 ohannis
956 2257 1011 2321 filii
1038 2257 1170 2322 Andree
1196 2257 1346 2322 similiter
1362 2256 1470 2340 Kenyz

343 2373 465 2444 vocata,
475 2366 539 2429 alio
550 2368 676 2429 nomine
694 2364 943 2447 Geregelthelke
955 2371 1148 2447 nuncupata,
1159 2365 1244 2428 inter
1260 2365 1471 2446 possessiones

343 2473 436 2538 Baxa
453 2479 486 2536 et
502 2473 613 2538 Kerch
629 2475 662 2537 in
679 2475 835 2552 comitatu
861 2472 1046 2558 Alrawyuar
1066 2474 1224 2549 existenti
1250 2473 1350 2537 talem
1367 2473 1468 2537 divisi-

344 2602 435 2646 onem
454 2631 483 2644 ..
508 2581 666 2659 fecissent,
686 2589 721 2647 ut
737 2589 826 2648 recta
852 2589 883 2646 et
909 2583 1070 2665 coequalis
1087 2583 1271 2647 dimidietas
1297 2605 1317 2645 a
1343 2601 1469 2664 corpore

343 2688 430 2754 fluvii
446 2689 593 2761 Harnad,
611 2689 665 2753 ubi
682 2689 817 2754 condam
833 2689 962 2754 fluvium
980 2691 1078 2772 ngo
1089 2690 1350 2754 vocatumintrat
1368 2689 1407 2753 ad
1425 2688 1470 2752 di·

344 2802 429 2860 ctum
445 2796 577 2860 fluvium
587 2797 735 2874 Hernad
747 2797 900 2880 incipiens
917 2797 1065 2861 videlicet
1080 2797 1121 2861 ad
1137 2803 1240 2861 metas
1266 2798 1469 2880 possessionis

346 2901 429 2987 Olay
445 2911 564 2982 vocate,
583 2926 656 2969 oum
672 2904 821 2970 omnibus
838 2953 844 2966 .
863 2953 868 2966 .
893 2904 1099 2986 pertinenciis
1116 2925 1135 2968 a
1159 2911 1252 2988 parte
1267 2905 1471 2988 possessionis

345 3011 466 3088 Kerch‚
477 3013 626 3076 Emerico
642 3010 707 3075 filio
718 3011 878 3094 Stephani
896 3064 901 3074 .
919 3062 925 3074 .
950 3033 1026 3093 pars
1037 3032 1111 3075 vero
1127 3011 1290 3076 inferiora
1301 3017 1470 3095 partepos·

344 3120 494 3183 sessionis
510 3119 604 3184 Baxa
620 3119 768 3184 similiter
794 3141 813 3182 a
838 3141 970 3201 corpore
996 3119 1075 3182 dicti
1092 3118 1180 3182 fluvii
1201 3119 1358 3202 incipiens
1374 3141 1469 3200 usque

345 3227 449 3306 finem,
462 3249 533 3291 cum
550 3229 696 3292 omnibus
716 3279 722 3291 .
740 3277 746 3289 .
770 3227 984 3309 pertinenciis,
1002 3228 1234 3310 prenominatis
1244 3227 1400 3292 Michaeli
1415 3226 1469 3292 Ni-

344 3337 434 3400 oolao
450 3335 576 3400 Jacobo
602 3335 699 3400 lllark
726 3341 759 3399 et
779 3333 920 3417 Georgio
937 3386 967 3398 ..
993 3335 1158 3414 cessisset3
1181 3336 1258 3399 item
1285 3335 1395 3400 villam
1417 3356 1468 3398 seu

342 3445 414 3510 loca
431 3443 618 3509 sessionelia
634 3443 717 3507 inter
734 3465 767 3507 se
787 3444 886 3508 talem
912 3443 1099 3508 divisionem
1125 3445 1317 3520 retulerunt,
1347 3443 1429 3526 quod
1450 3465 1468 3505 a

342 3553 484 3618 fenestra
500 3552 675 3616 sanctuarii
702 3551 833 3616 ecclesie
859 3551 962 3615 saneti
986 3551 1148 3615 Johannis
1174 3551 1330 3634 incipiens
1347 3573 1367 3616 a
1383 3559 1467 3635 parte

342 3660 494 3738 inferiori,
505 3660 627 3724 scilicet
643 3682 663 3723 a
678 3666 771 3741 parte
788 3659 996 3742 possessionis
1011 3659 1114 3738 Bana,
1131 3659 1223 3724 ambe
1241 3665 1351 3742 partes
1369 3680 1463 3742 usque

342 3768 446 3850 finem,
462 3769 693 3851 prenominatis
709 3768 864 3834 Michaeli
881 3775 913 3832 et
928 3769 1041 3832 ceteris
1061 3769 1215 3834 fratribus
1241 3771 1308 3833 suis
1325 3768 1462 3852 supradi-

343 3878 411 3960 ctis,
427 3880 505 3943 item
521 3900 596 3962 pars
613 3881 758 3962 superior
772 3900 792 3942 a
806 3883 898 3961 parte
923 3879 1042 3942 montis
1061 3877 1210 3942 similiter
1227 3899 1247 3941 a
1262 3877 1410 3960 predicta
1427 3877 1465 3940 fe

342 3994 454 4054 nestra
469 3987 634 4068 incipiens,
645 3988 678 4050 in
694 3987 798 4051 medio
814 3987 921 4069 platee
932 3987 974 4050 ad
984 3986 1120 4068 triginta
1130 3985 1208 4049 duos
1221 3986 1390 4067 amplexus
1400 4007 1464 4050 our·

343 4095 451 4173 rende,
462 4094 639 4159 reflectitur
655 4102 687 4158 et
704 4096 769 4158 exit
785 4100 897 4158 contra
914 4101 1051 4158 montem
1069 4093 1218 4158 similiter
1228 4094 1467 4176 prenominatis

343 4226 418 4286 pars
435 4225 508 4268 vcro
525 4205 611 4268 circa
627 4204 756 4268 fluvium
774 4206 913 4266 existens
930 4225 948 4266 a
968 4201 1113 4285 predicta
1131 4202 1272 4267 fenestra
1297 4203 1465 4267 sanctuarii

271 4371 274 4378 .
342 4311 497 4395 incipiens
515 4333 616 4394 usque
631 4311 734 4390 linem,
747 4334 817 4375 cum
828 4313 955 4392 reliqua
971 4317 1063 4393 parte
1080 4317 1172 4374 extra
1189 4309 1369 4391 predictam
1385 4331 1465 4374 men·

343 4441 451 4484 suram
468 4441 488 4484 a
504 4426 596 4502 parte
613 4421 732 4484 montis
749 4421 917 4484 existentis
933 4419 1058 4502 prefato
1074 4419 1224 4484 Emerico
1242 4469 1248 4481 .
1266 4469 1273 4482 .
1298 4422 1387 4485 locus
1398 4440 1466 4483 vero

342 4527 516 4590 molendini
532 4527 564 4590 in
581 4548 712 4609 corpore
730 4527 816 4591 duvii
833 4527 970 4591 Hurnad
981 4528 1120 4590 existens
1132 4525 1287 4590 Michaeli
1304 4527 1371 4592 filio
1381 4527 1464 4592 Petri

342 4657 416 4698 cum
432 4635 582 4716 sepefatis
598 4635 761 4713 fratribus,
777 4657 848 4699 oum
866 4637 956 4700 curia
972 4641 1004 4698 et
1020 4634 1112 4698 domo
1129 4633 1404 4714 molendinatoris‚
1421 4636 1462 4697 ita

343 4741 488 4805 videlicet
505 4739 620 4826 (quod)
638 4743 671 4805 in
687 4745 825 4827 propriis
843 4743 1069 4824 lignisdictum
1094 4742 1312 4806 molendinum
1329 4751 1465 4806 constru-
