3180 5466
580 512 761 572 1311111.
782 513 831 570 12.
1208 510 1270 569 523

139 691 266 774 qnando
277 691 378 775 possit
389 688 560 767 rehabere,
577 689 769 773 superiacto
786 695 894 751 antem
906 687 1045 751 vulneris
1062 687 1164 770 ipsius
1177 685 1272 750 Pauli

139 807 169 862 et
184 799 298 864 famuli
316 800 365 863 sni
381 820 417 864 ao
434 797 628 863 famulorum
646 797 723 861 dicti
749 795 877 862 Nicolai
894 801 926 860 et
942 795 1032 859 Petri
1050 795 1109 858 filii
1125 792 1268 870 Andree,

139 907 178 972 ad
194 907 367 972 arbitrium
382 907 556 990 proborum
581 906 746 972 hominum
772 926 829 986 per
861 909 968 986 partes
1001 903 1215 968 adductorum
1239 926 1271 966 se

139 1018 379 1092 commisissent,
395 1023 433 1080 ut
448 1015 606 1098 quidquid
631 1016 693 1097 ipsi
718 1014 861 1079 homines
886 1013 958 1096 ipsa
973 1013 1108 1076 vulnera
1132 1011 1267 1076 videndo

139 1125 221 1187 inter
237 1126 324 1206 ipsos
340 1124 536 1200 ordinarent,
553 1123 645 1188 ambe
661 1129 771 1206 partes
788 1127 957 1203 acceptare
974 1127 1170 1197 tenerentur,
1188 1125 1220 1183 et
1245 1122 1270 1184 si

140 1253 202 1314 qna
219 1234 365 1315 parcium
381 1233 421 1296 de
437 1232 594 1314 premissa
621 1231 826 1295 ordinacione
853 1231 886 1294 in
912 1235 1005 1312 parte
1023 1230 1073 1293 rel
1088 1230 1123 1292 in
1140 1234 1206 1292 tolo
1225 1250 1271 1292 re·

140 1340 250 1416 siliret,
266 1362 351 1423 pena
366 1339 556 1406 snboubitus
574 1339 671 1404 duelli
698 1339 774 1405 faeti
801 1339 990 1422 potencialis
1017 1337 1161 1402 convicta
1176 1335 1271 1401 habe-

141 1455 236 1513 retur.
261 1448 386 1513 Datum
412 1449 445 1512 in
472 1448 581 1526 Sarus,
600 1448 680 1512 feria
706 1447 847 1512 secunda
874 1447 1019 1530 proxima
1044 1443 1117 1529 post
1142 1451 1272 1510 octavas

139 1557 210 1621 festi
240 1557 329 1621 beati
361 1555 532 1621 Michaelis
564 1556 759 1640 archangeli,
799 1577 884 1619 anno
919 1554 1039 1618 domini
1070 1554 1122 1618 Μ0
1151 1551 1271 1620 00010

140 1666 407 1748 quinquagesimo
423 1665 536 1748 primo.

247 1827 401 1892 Eatlapjan
426 1829 455 1878 ot
478 1827 570 1890 pecset
598 1827 774 1890 nyonrairal;
794 1826 924 1890 eredetije
947 1841 963 1878 a
987 1828 1022 1876 N.
1047 1827 1233 1875 aneumhan
1256 1841 1272 1873 a

141 1917 228 1967 111111
249 1917 317 1968 Sota
328 1934 363 1968 cs.
378 1919 515 1968 lttraban.
535 1919 617 1968 Kozli
634 1935 639 1968 :
663 1919 772 1968 Koraos
785 1919 818 1968 N.

671 2337 743 2396 ala.

144 2491 306 2554 135101.
328 2493 376 2556 12.
402 2491 448 2554 Aa
472 2492 652 2577 orazdpbr'rc'
675 2495 791 2576 rondjo,
810 2493 961 2557 salomiel
981 2493 1125 2576 Zampldn
1146 2495 1267 2553 (111111-
1316 2527 1319 2540 1

136 2622 191 2682 pyr
226 2599 402 2684 clirpdnjai
427 2601 457 2662 ds
491 2599 679 2682 azolpabirdi
708 2600 910 2686 bizonpitjdlr,
940 2602 1018 2684 hoqy
1052 2601 1113 2663 Vid
1138 2599 1269 2680 fioinal·

137 2706 302 2770 Jdnosnat
326 2707 356 2769 ds
374 2707 555 2769 Lora'ntnolt
574 2707 675 2791 Heppi
690 2710 720 2772 e's
737 2707 882 2772 Scachon
900 2715 977 2770 nenti¹
989 2707 1179 2770 birtoltailrat
1192 2708 1269 2770 Bar-

182 2814 238 2876 tat
255 2813 372 2877 Mittas
378 2815 430 2894 fia
448 2815 511 2879 Pal
526 2817 556 2879 ds
572 2816 740 2896 ennehfiai
753 2841 773 2879 a
790 2815 1017 2899 birri-izcilopbdl
1031 2815 1224 2880 attalanae.

241 2974 311 3040 Nos
327 2977 481 3059 magister
506 2977 647 3043 Thomas
673 2984 802 3042 exactor
822 2977 1014 3042 indiciorum
1030 2979 1193 3060 magnifici
1210 2978 1270 3042 viri

138 3083 401 3149 comitisThome
416 3085 530 3150 iudicio
547 3087 634 3150 curie
645 3086 732 3168 regie
748 3107 785 3150 ac
810 3086 1010 3150 vicecomites
1027 3092 1059 3150 et
1076 3084 1197 3150 indices
1214 3108 1268 3150 no·

137 3191 250 3256 biham
265 3191 304 3256 de
321 3191 464 3270 Zemlon‚
481 3195 632 3258 memorie
658 3193 926 3271 commendamus,
944 3193 1028 3275 qnod
1050 3215 1122 3256 cum
1150 3194 1270 3258 indicia

139 3307 265 3364 centum
282 3321 473 3377 marcarum,
489 3301 522 3364 in
539 3302 655 3384 quibus
681 3304 815 3367 convicti
841 3303 1034 3368 exstiterant
1049 3303 1220 3367 Lorandns
1237 3309 1270 3368 et

136 3410 281 3474 Joannes
306 3408 364 3472 filii
380 3409 498 3487 Vitia
522 3411 599 3474 data
624 3413 833 3494 presencium,
859 3433 931 3476 cnm
953 3412 1119 3477 ivissemns
1145 3411 1186 3474 ad
1202 3413 1266 3475 exi·

137 3515 243 3598 ganda
259 3515 379 3581 indicia
404 3517 549 3599 predicta
574 3519 665 3584 iuxta
691 3520 924 3584 continenciam
947 3520 1157 3602 registrornm
1175 3520 1268 3582 comi-

136 3626 177 3688 tis
194 3623 318 3688 Thome
334 3623 449 3688 iudicis
466 3626 553 3688 curie
570 3627 655 3708 regie
677 3647 748 3690 oum
766 3627 892 3690 homine
918 3627 1006 3711 regio
1031 3634 1063 3691 et
1088 3627 1270 3690 testimonio

137 3738 312 3797 conventus
329 3733 368 3796 de
385 3733 498 3798 Jazow
518 3735 558 3799 ad
586 3735 683 3800 facies
709 3737 874 3818 porciones
900 3737 1167 3818 possessionarias
1184 3737 1269 3817 ipso·

138 3863 210 3905 rnm
226 3841 334 3906 Rasca
351 3849 384 3906 et
399 3843 644 3926 Eghasasrasca
661 3844 747 3926 Hegi
765 3851 796 3908 et
813 3843 961 3910 Scachan
977 3846 1097 3908 vocatis
1112 3840 1201 3925 (igy),
1219 3863 1269 3906 res

137 3969 198 4012 non
215 3949 405 4015 inveniendo
431 3973 489 4034 pro
516 3951 609 4016 dictis
635 3953 760 4017 indiciis
776 3952 866 4016 nobis
893 3957 1078 4017 statuerunt
1103 3954 1268 4036 porciones

136 4058 406 4140 possessionarias
421 4059 565 4141 ipsorum
592 4062 683 4141 regni
709 4060 935 4125 consvetndine
960 4062 993 4124 in
1009 4059 1059 4124 his
1076 4061 1170 4125 dictis
1187 4060 1269 4125 villis

136 4169 168 4230 in
185 4167 371 4249 porcionem
386 4169 464 4250 ipsis
481 4169 655 4247 cedentem,
682 4171 792 4234 ricinis
819 4176 852 4234 et
875 4171 1102 4234 commetaneis
1119 4188 1269 4233 convoca·

137 4276 187 4351 tis,
205 4277 350 4359 ipsorum
365 4282 474 4341 autem
490 4278 523 4341 in
540 4279 705 4360 presencia
721 4277 830 4343 nullus
842 4279 999 4343 redimere
1009 4278 1125 4356 rolens,
1136 4283 1268 4359 excepto

137 4385 243 4448 Paulo
260 4382 324 4448 filio
341 4383 470 4450 Nicolai
486 4391 519 4449 et
535 4385 592 4451 filii
609 4389 658 4452 sni
685 4387 844 4470 Stephani
860 4394 893 4452 et
909 4387 930 4452 1
935 4389 1061 4452 ohanne
1087 4388 1125 4451 de
1153 4387 1268 4462 Butca,

137 4491 251 4556 adata
269 4495 470 4575 presencium
496 4516 603 4560 coram
629 4494 720 4560 nobis
746 4501 997 4578 comparuerunt
1023 4501 1055 4559 et
1081 4494 1270 4578 allegabant

137 4598 294 4664 redimere
310 4602 344 4664 in
360 4600 485 4666 duabus
501 4601 584 4667 villis
601 4603 689 4684 Hegi
714 4609 747 4666 et
771 4603 918 4669 Soaohan
943 4604 1061 4668 vocatis
1087 4604 1268 4685 porcionem

136 4708 279 4790 ipsorum
295 4708 387 4773 nobis
403 4715 551 4788 statutas,
563 4715 595 4774 et
611 4712 688 4792 quia
704 4713 749 4775 eis
766 4711 926 4776 attinebat
948 4731 1046 4777 cansa
1062 4713 1268 4793 proprietatis
