3180 5470
551 476 646 538 1351.
667 495 756 538 raes.
776 478 802 539 1.
1182 481 1247 542 425

115 655 315 722 transeundo
335 655 471 721 ermdem
495 653 635 722 rivulum
651 675 690 720 ex
706 656 803 740 plaga
829 657 1084 740 septemtrionali
1101 658 1189 724 vadit
1204 657 1247 724 ad

115 765 196 830 duas
213 769 317 831 metas
333 771 456 832 terreos
472 764 642 848 antiquas;
659 764 764 832 adhuc
779 785 889 832 versus
906 766 1040 832 eandem
1053 766 1250 833 occidentem

114 876 202 940 inter
227 881 334 940 terras
358 873 499 942 arabiles
525 873 671 940 ascendit
696 873 738 938 ad
762 896 862 940 unum
886 875 994 954 berch,
1021 881 1054 940 et
1079 876 1112 940 in
1138 876 1250 942 eodem

115 983 214 1049 berch
230 985 319 1050 circa
335 984 506 1066 quemdam
526 983 658 1049 dnmum
676 984 793 1068 spineti
820 990 897 1050 sunt
921 984 1070 1050 similiter
1087 983 1149 1050 due
1164 991 1249 1050 mete

115 1099 242 1159 terreae
262 1093 413 1174 antique,
430 1093 544 1158 deinde
561 1093 650 1158 vadit
666 1092 707 1158 ad
724 1092 858 1158 eandem
875 1093 1073 1158 occidentem
1091 1100 1124 1158 et
1139 1114 1249 1177 perve-

115 1200 165 1265 nit
189 1199 233 1268 ad
258 1199 340 1266 duas
364 1206 467 1266 metas
492 1205 617 1266 terreas
648 1201 808 1282 antiquas,
835 1222 897 1284 que
923 1200 1052 1284 quidem
1079 1200 1140 1266 due
1166 1207 1250 1266 mete

115 1315 269 1394 separant
286 1315 319 1374 et
334 1308 515 1392 distingunt
540 1310 624 1374 inter
642 1311 857 1392 possessiones
874 1309 1003 1376 Vassan
1031 1307 1249 1376 Oheusthelelr

114 1422 147 1481 et
163 1413 344 1484 Chethelelr
368 1423 583 1500 nuncupatae,
600 1423 632 1482 et
647 1417 691 1482 ibi
716 1418 934 1484 terminantur
958 1425 1042 1483 mete
1067 1419 1152 1484 inter
1177 1439 1248 1502 pos-

115 1527 273 1591 sessiones
304 1525 554 1610 supradictas..
586 1525 711 1592 Datum
738 1528 771 1591 in
805 1528 926 1592 octavis
958 1527 1032 1592 festi
1063 1527 1249 1611 Epiphanio

114 1634 247 1712 domini,
271 1655 357 1698 anno
373 1634 514 1700 eiusdem
539 1629 755 1718 M⁰(OOO)L⁰
770 1634 884 1717 primo.

223 1780 390 1847 Ugyamcsak
404 1795 421 1830 a
434 1780 530 1832 rare-di
552 1781 727 1831 conventnek
753 1785 829 1832 1351.
841 1780 891 1844 jul.
908 1781 990 1831 toan
1015 1781 1150 1832 »Michael
1174 1783 1248 1832 filius

115 1872 188 1921 Petri
203 1871 237 1922 de
251 1874 386 1924 Pethlen«
401 1871 553 1922 kenelmere
572 1872 684 1922 kiadott
703 1872 864 1938 atirotauol,
878 1872 1007 1936 melynek
1030 1871 1161 1937 eredetije
1174 1887 1248 1937 meg-

114 1976 167 2010 ran
190 1976 223 2010 az
247 1977 317 2012 orsa.
331 1963 377 2012 ltr.
397 1962 496 2012 kinost.
520 1965 587 2010 oszt.
607 1961 641 2010 N.
655 1963 689 2011 R.
703 1961 735 2011 A.
751 1966 810 2012 847.
826 1966 868 2011 25.
882 1961 948 2025 dipl.
963 1967 1030 2011 oszt.
1045 1966 1123 2012 aloa.
1144 1962 1246 2011 Kozli:

115 2051 225 2100 Koraos
245 2053 280 2102 N.

647 2257 719 2318 262.

116 2378 211 2441 1351.
220 2376 309 2461 febr.
331 2381 355 2443 1.
376 2376 406 2442 A
423 2379 521 2443 bredal
536 2379 689 2465 kciptolro
705 2380 775 2444 editt
793 2379 954 2465 Kopolyai
970 2378 1071 2443 Dezsd
1078 2378 1145 2460 fici
1161 2379 1245 2443 Mit-

116 2486 160 2549 lo's
185 2489 219 2550 es
247 2486 367 2556 Ldezlo'.
395 2485 482 2550 ano
512 2495 590 2550 nerii
623 2487 803 2550 halelulia!
829 2487 929 2551 Dczsd
952 2487 1069 2568 ficiunt
1097 2486 1248 2550 Priame

555 2593 682 2680 napea
706 2595 815 2680 aaran.

222 2736 293 2804 Nos
318 2739 497 2823 capitulum
522 2739 683 2805 Budensis
714 2739 846 2804 ecclesie
870 2737 1021 2804 memorie
1046 2737 1246 2804 commenda·

111 2868 195 2928 mus,
212 2846 300 2929 quod
319 2845 473 2912 Nicolaus
492 2847 579 2914 filius
603 2847 719 2913 Desew
735 2847 774 2912 de
790 2845 925 2931 Kapula
942 2853 974 2911 et
989 2845 1165 2912 Ladislaus
1181 2845 1244 2910 fra·

112 2961 164 3018 ter
180 2953 326 3020 eiusdem
351 2955 393 3022 ab
417 2978 491 3034 una,
508 2956 584 3022 item
600 2955 626 3021 J
627 2959 770 3022 ohannes
795 2956 946 3020 literatus
971 2953 1111 3020 famulus
1128 2960 1161 3019 et
1177 2975 1248 3037 pro-

112 3069 247 3128 curator
272 3065 418 3147 magistri
441 3064 535 3130 Petri
550 3065 610 3130 filii
626 3066 741 3132 Desew
757 3086 815 3147 pro
831 3063 942 3129 eodem
969 3063 1123 3145 magistro
1149 3062 1248 3128 Petro

110 3171 245 3237 domino
274 3191 332 3236 suo
366 3179 460 3255 parte
485 3173 526 3239 ab
552 3175 656 3240 altera
687 3195 795 3238 coram
825 3172 918 3238 nobis
951 3172 1126 3248 constituti,
1151 3169 1248 3236 iidem

111 3278 273 3345 Nicolaus
291 3285 323 3346 et
338 3279 515 3346 Ladislaus
540 3281 690 3347 dixerunt
705 3303 743 3346 eo
769 3281 871 3360 modo,
889 3279 974 3362 quod
984 3280 1046 3363 ipsi
1066 3301 1085 3344 a
1104 3279 1248 3362 predicto

110 3389 271 3471 magistro
288 3389 387 3454 Petro
412 3389 480 3455 lilio
498 3390 614 3456 Desew
639 3391 832 3474 quingentos
849 3395 882 3455 et
896 3389 1006 3454 decem
1022 3393 1053 3452 et
1070 3391 1140 3452 octo
1157 3385 1247 3450 flore-

110 3518 171 3562 nos
198 3495 405 3580 accepissent,
422 3519 480 3582 pro
505 3499 621 3580 quibus
647 3498 932 3583 possessionariam
957 3496 1141 3580 porcionem
1166 3497 1247 3578 ipso-

109 3627 188 3670 rum
203 3605 238 3668 in
254 3607 455 3688 possessione
470 3606 567 3673 Kana
591 3614 706 3674 vocata
730 3609 763 3673 in
782 3607 937 3673 comitatu
969 3605 1008 3670 de
1024 3604 1157 3670 Bursud
1182 3603 1247 3668 exi·

109 3714 216 3778 stenti
247 3713 403 3796 habitam,
427 3721 524 3800 prout
539 3717 625 3799 ipsos
650 3716 857 3799 contingeret,
882 3735 954 3780 oum
979 3713 1125 3779 omnibus
1151 3711 1248 3797 perti-

110 3821 258 3888 nenciis.
275 3871 283 3886 .
299 3824 360 3890 sub
371 3821 436 3889 suis
447 3825 542 3891 cartis
553 3825 645 3891 metis
656 3830 689 3890 et
704 3824 856 3908 antiquis,
866 3823 969 3890 eidem
981 3822 1136 3906 magistro
1146 3822 1247 3888 Petro

110 3926 189 4014 (per
199 3927 349 4014 eumlrel
360 3951 558 3998 successores
575 3954 649 4000 suos
659 3929 1246 4016 usquediemredemcionistenendam

109 4047 145 4106 et
171 4038 307 4123 pacifice
332 4039 485 4106 utendam
502 4093 532 4106 ..
564 4043 659 4108 titulo
684 4042 966 4126 impignoracionis
983 4040 1187 4122 obligassent,
1215 4043 1248 4104 et

110 4148 376 4233 quandocunque
405 4149 468 4234 ipsi
498 4149 659 4233 predictos
691 4150 885 4236 quingentos
911 4156 943 4217 et
974 4149 1084 4216 decem
1114 4155 1146 4213 et
1176 4153 1246 4213 octo

107 4256 252 4323 florenos
267 4257 372 4323 eidem
387 4259 544 4342 magistro
560 4260 659 4326 Petro
675 4258 725 4324 rel
741 4260 794 4326 cui
808 4261 877 4343 ipse
894 4257 1097 4337 commiserit,
1122 4257 1245 4322 solvere

108 4371 254 4451 possent,
271 4366 356 4432 idem
372 4367 526 4451 magister
542 4368 660 4434 Petrus
676 4367 855 4453 predictam
874 4366 1158 4452 possessionariam
1174 4385 1247 4449 por-

108 4476 288 4543 cionem..
319 4475 453 4542 reddere
469 4525 501 4540 ..
531 4481 706 4556 teneretur,
727 4483 759 4542 et
784 4477 847 4561 ipsi
872 4477 907 4540 in
931 4475 1042 4540 eadem
1076 4473 1247 4558 possessio·

108 4585 210 4650 naria
239 4584 389 4668 porcione
415 4585 505 4650 etin
531 4587 596 4652 suis
625 4585 756 4666 iuribus,
780 4590 895 4652 contra
920 4605 1037 4662 omnes,
1062 4581 1247 4668 specialiter

109 4697 231 4760 contra
256 4690 338 4760 filios
363 4693 531 4761 Benedicti
556 4694 615 4762 filii
639 4694 754 4764 Desew
774 4715 811 4762 ae
836 4694 918 4762 alios
942 4691 1103 4781 proximos
1128 4709 1247 4771 eorum,
