3180 5470
522 471 615 533 1350.
632 488 702 534 uua.
720 473 771 534 21.
1141 477 1205 538 385

95 652 220 712 vocatam
237 645 333 711 vellet
349 646 553 714 reambulare
579 655 612 716 et
637 647 678 714 ab
703 649 842 716 aliorum
868 650 1123 732 possessionibus
1148 673 1206 736 per

93 756 255 822 erectiones
271 776 427 822 novarum
442 763 603 822 metarum
620 778 781 841 separare,
806 759 841 824 in
865 758 955 824 ouius
982 759 1112 842 quidem
1134 782 1206 845 pos-

93 864 224 930 sessionis
255 863 511 930 reambulacione
543 887 695 949 magnam
726 865 918 949 particulam
949 873 1035 932 terre
1061 868 1206 937 dedicta

94 973 275 1057 possessione
292 993 351 1037 sua
368 971 497 1038 Scimus
522 973 563 1038 ad
580 973 700 1039 dictam
724 974 956 1058 possessionem
973 973 1139 1061 Gyengius
1156 1000 1205 1044 co-

92 1081 394 1164 nareturapplicare3
405 1102 575 1164 superquo
592 1131 599 1146 .
616 1130 622 1144 .
639 1081 852 1164 precipimus.
870 1133 875 1146 .
893 1089 1053 1164 quatenus
1063 1091 1204 1154 vestrum

91 1189 211 1255 mittatis
227 1189 390 1254 hominem
407 1239 414 1253 .
430 1239 438 1254 .
455 1209 518 1270 quo
543 1196 692 1273 presente
718 1189 831 1254 Euohe
855 1189 895 1255 de
920 1191 1016 1258 Koch
1041 1193 1092 1257 vel
1116 1194 1205 1260 Beke

91 1297 162 1363 filius
177 1297 201 1362 J
202 1296 296 1362 acobi
311 1297 351 1362 de
368 1297 480 1381 'Penky
496 1304 554 1362 aut
573 1295 758 1382 Stephanus
782 1297 868 1363 filius
893 1299 990 1365 Pauli
1015 1299 1055 1366 de
1080 1303 1206 1369 Leucoe

90 1406 150 1470 aliis
164 1404 349 1470 absentibus
365 1405 461 1470 homo
478 1411 585 1470 noster
609 1411 753 1490 tempore
779 1407 862 1472 dicte
878 1407 1147 1476 reambulaeionis
1164 1411 1206 1476 ad

89 1515 188 1578 faciem
204 1512 332 1596 prefate
358 1513 566 1597 possessionis
598 1511 765 1599 Gyengius
787 1513 976 1595 accedendo,
1002 1525 1147 1584 nostrum
1172 1525 1206 1585 et

89 1621 161 1686 illius
175 1621 237 1686 loci
254 1621 481 1688 testimonialia
497 1621 642 1686 homines
658 1643 717 1706 per
733 1623 869 1688 eundem
886 1624 1035 1691 comitem
1046 1627 1204 1694 Thomam

87 1737 153 1794 tune
166 1729 245 1794 inibi
256 1727 463 1794 adducendos
473 1728 644 1814 prohibeat
654 1728 695 1795 ab
705 1729 925 1813 applicaoione
942 1731 1027 1798 dicte
1044 1735 1204 1817 particule

89 1845 162 1902 terre
176 1835 339 1902 Demetrii
364 1858 402 1901 ao
426 1842 586 1902 metarum
612 1839 775 1902 erecoione
801 1838 942 1904 eiusdem
969 1841 1072 1907 eidem
1097 1844 1205 1909 comiti

86 1945 194 2010 Thome
210 1943 366 2022 facienda,
383 1945 489 2027 ipsum
501 1966 578 2009 uero
595 1945 744 2010 comitem
760 1945 919 2011 Thomam
936 1947 977 2012 ab
993 1950 1204 2033 occupaeione

86 2061 113 2118 et
133 2053 189 2119 sibi
217 2059 361 2118 statuere
386 2051 537 2134 facoione,
561 2053 651 2137 regni
684 2053 912 2119 consvetudine
943 2057 1149 2140 requirente,
1172 2065 1205 2122 et

84 2168 146 2244 post
164 2162 222 2226 hec
237 2160 354 2225 seriem
370 2161 472 2244 ipsius
488 2159 719 2245 prohibitionis
736 2161 828 2227 nobis
844 2161 983 2229 fideliter
1008 2164 1203 2231 rescribatis.

83 2268 195 2334 Datum
205 2268 311 2346 Bude,
321 2269 355 2332 in
366 2267 526 2333 dominica
536 2269 684 2352 proxima
693 2275 768 2353 post
778 2269 896 2336 festum
907 2271 1060 2354 Corporis
1072 2271 1141 2339 Ohr
1150 2273 1203 2340 isti

83 2375 311 2442 ennoeinsdem
321 2373 396 2439 ΜΝ
414 2376 681 2460 quinquagesimo
693 2373 785 2461 (igy).
797 2375 866 2442 Nos
876 2377 977 2460 igitur
995 2427 1001 2442 .
1019 2431 1025 2446 .
1042 2402 1115 2446 cum
1133 2381 1203 2448 Ste-

81 2486 178 2567 phano
194 2484 262 2550 filio
278 2484 376 2549 Pauli
392 2484 520 2549 homine
536 2491 647 2550 nostro
672 2491 818 2550 nostrum
842 2485 1003 2551 hominem
1028 2488 1202 2554 discretum

82 2595 218 2660 iuvenem
234 2592 385 2658 videlicet
400 2594 593 2676 magistrum
617 2592 805 2658 Ladislaum
827 2592 978 2658 clericum
994 2595 1082 2659 chori
1100 2597 1203 2660 nostri

82 2703 311 2768 transmisimus
338 2750 368 2765 ..
395 2700 451 2782 qui
478 2699 608 2781 quidem
633 2701 728 2765 homo
753 2705 858 2764 vester
884 2749 913 2766 ..
940 2701 1075 2767 retulit.
1093 2754 1099 2767 .
1117 2702 1202 2784 quod

80 2810 140 2893 ipse
154 2831 294 2875 unacum
312 2808 423 2875 eodem
442 2810 625 2876 testimonio
650 2815 759 2875 nostro
784 2809 866 2874 feria
891 2810 1032 2878 secunda
1056 2813 1204 2896 proxima

79 2926 144 3002 post
158 2920 279 2985 festum
304 2919 409 2984 sancti
434 2917 586 2983 Barnabe
611 2917 749 3000 apostoli
766 2918 831 2982 iam
847 2920 1037 3002 preteritum
1054 2923 1204 2988 accessis·

79 3034 142 3092 sent
157 3027 199 3092 ad
216 3027 333 3093 faciem
348 3025 558 3111 possessionis
574 3023 701 3091 Solmus
724 3031 901 3110 prenotate,
919 3032 951 3092 et
975 3027 1052 3093 licet
1075 3029 1137 3114 ipsi
1153 3051 1204 3094 eo·

79 3134 144 3201 dem
169 3136 223 3202 die
254 3141 497 3220 procuratorem
529 3135 630 3219 ipsius
661 3135 788 3200 comitis
819 3134 943 3200 Thome
968 3157 1054 3201 nunc
1088 3137 1202 3203 iudicis

78 3245 158 3309 curie
174 3245 266 3329 regie
284 3249 317 3309 et
330 3244 494 3309 hominem
510 3242 632 3308 domini
657 3242 796 3326 palatini
822 3263 860 3309 ae
884 3244 1104 3310 testimonium
1122 3243 1203 3310 Stri-

78 3353 235 3433 goniensis
252 3351 387 3436 capituli
412 3350 553 3416 insacia
578 3355 757 3416 memorate
783 3350 942 3435 particule
971 3357 1054 3416 terre
1079 3353 1203 3436 atigere

75 3462 302 3542 nequivissent,
317 3466 426 3525 tamen
452 3459 514 3542 ipsi
539 3479 597 3542 per
622 3457 854 3524 adduocionem
879 3460 1018 3543 preteeti
1042 3459 1203 3526 Demetrii

76 3571 155 3636 eirca
180 3591 351 3655 vesperum
377 3569 528 3635 similiter
553 3569 623 3652 ipso
648 3568 700 3632 die
725 3569 759 3632 in
784 3567 894 3633 villam
921 3566 1087 3654 Gyengius
1112 3569 1203 3634 etad

73 3678 252 3763 hospicium
283 3677 482 3763 prefatorum
508 3675 630 3742 domini
655 3677 793 3761 palatini
819 3683 851 3741 et
877 3676 1012 3759 capituli
1037 3677 1202 3742 hominum

73 3807 108 3852 ac
122 3789 344 3870 procuratoris
369 3786 447 3851 dicti
472 3786 596 3850 comitis
621 3785 744 3850 Thome
768 3785 960 3850 festinanter
985 3787 1203 3864 accessissent,

73 3895 123 3959 ubi
138 3897 204 3979 ipsi
221 3894 426 3980 presentibus
443 3899 475 3958 et
491 3893 696 3958 audientibus
724 3893 902 3977 sepedictis
929 3894 1067 3976 paletini
1084 3899 1116 3957 et
1132 3894 1204 3976 capi

73 4003 128 4068 tuli
144 4003 342 4082 hominibus,
359 4023 397 4067 ao
411 4007 621 4086 procuratore
632 4000 766 4080 comitis,
782 4000 935 4066 iecissent
949 4000 1202 4084 prohibicionem

73 4111 302 4194 supradictam,
320 4111 368 4175 ita
387 4108 545 4186 videlicet,
562 4109 647 4192 quod
673 4114 844 4174 annotatos
870 4108 991 4176 domini
1016 4109 1154 4192 palatini
1171 4113 1203 4173 et

72 4219 206 4302 capituli
222 4219 370 4283 homines
386 4239 405 4281 a
422 4218 601 4282 statucione
626 4216 825 4302 preallegate
840 4215 998 4301 particule
1014 4223 1100 4282 terre
1116 4215 1202 4282 dicto

71 4328 177 4392 comiti
205 4327 332 4393 Thome
356 4326 445 4391 faeta
469 4324 519 4390 vel
544 4325 708 4405 facienda,
732 4325 928 4410 prelibatum
952 4346 1027 4390 sero
1053 4326 1202 4390 comitem

70 4431 267 4498 Thomama
291 4433 478 4516 recepcione
502 4437 535 4496 et
559 4433 772 4515 occupaeione
797 4432 938 4498 eiusdem
963 4431 1204 4515 prohibuissent

70 4541 162 4606 verbo
178 4547 288 4607 vestre
304 4541 483 4606 maiestatis
499 4540 586 4624 regie
600 4564 607 4621 ;
628 4538 681 4604 nbi
697 4540 748 4606 his
764 4540 892 4620 auditis,
903 4540 1049 4621 quamvis
1065 4545 1203 4622 preteeti

70 4659 263 4734 procurator
288 4657 322 4716 et
346 4652 442 4716 homo
467 4649 587 4716 domini
612 4651 750 4736 palatini
775 4652 835 4717 hoc
860 4653 1094 4730 assumsissent,
1118 4653 1204 4735 quod

110 4788 270 4826 ssoouuonr
286 4775 458 4823 ouuirrrin.
475 4787 501 4822 v.
511 4777 607 4823 utrm.
1061 4785 1093 4830 25
