3180 5466
555 535 649 597 1352.
669 551 762 595 unns.
782 538 831 596 19.
1201 537 1264 598 549

128 713 246 778 thench
263 714 303 777 de
319 734 435 795 genere
451 711 527 777 Aba
544 712 674 776 voivode
692 711 933 778 Transsilvanie
951 719 983 777 et
1005 714 1130 778 comitis
1147 713 1186 778 de
1202 715 1264 778 Zo-

128 821 194 884 nuk
211 821 321 886 dilecti
332 827 364 885 ot
380 819 482 886 fidelis
499 821 601 886 nostri
618 820 743 904 pridem
760 872 765 884 .
784 871 789 884 .
815 819 941 886 Kar-olo
959 821 1120 903 quondam
1137 873 1143 887 .
1163 872 1169 886 .
1193 825 1263 906 regi

127 982 133 994 .
152 981 158 992 .
176 934 211 993 et
226 929 357 994 taudem
375 929 465 994 nobis
483 935 515 992 et
531 950 621 994 sacre
637 931 724 1012 regie
751 950 866 994 corone
891 931 923 994 in
950 931 1084 996 diversis
1100 932 1192 1014 regni
1209 954 1262 997 no-

127 1038 186 1100 stri
204 1037 468 1120 expedicionibus
499 1038 662 1121 prosperis
690 1045 722 1102 ct
747 1039 897 1116 adversis,
923 1059 985 1103 non
1011 1061 1147 1124 parcens
1167 1039 1263 1105 rebus

125 1167 185 1209 nec
201 1165 347 1228 persone,
358 1166 430 1210 cum
449 1167 574 1210 summa
590 1145 762 1229 diligencia
779 1152 811 1210 et
826 1147 931 1210 votiva
947 1146 1161 1211 sollicitudine
1179 1147 1265 1212 exhi·

127 1253 206 1318 bitis
223 1259 256 1317 et
272 1253 433 1336 impensis,
451 1254 569 1338 quibus
585 1261 694 1319 nostre
707 1254 871 1319 maiestati
888 1255 1022 1320 nimium
1038 1256 1162 1320 studuit
1183 1277 1265 1320 com·

125 1362 257 1444 placere
273 1367 306 1425 et
322 1383 355 1426 se
372 1383 450 1444 erga
478 1359 620 1426 nostram
646 1365 847 1428 maiestatem
866 1362 992 1428 efficere
1016 1363 1205 1447 graciosum,
1231 1365 1262 1428 in

128 1469 304 1553 aliqualem
323 1472 656 1554 recompensacionem
672 1470 864 1536 fidelitatum
891 1493 1030 1552 suarum,
1055 1471 1096 1536 ad
1112 1471 1266 1536 humilem

126 1579 229 1661 ipsius
246 1577 527 1662 supplicacionem,
545 1579 628 1644 hanc
644 1579 704 1643 sibi
722 1581 862 1663 graciam
882 1582 915 1644 in
938 1579 1020 1644 filios
1036 1579 1175 1645 filiorum
1192 1603 1263 1664 per-

125 1693 224 1771 petuo
240 1686 394 1751 heredum
412 1707 469 1770 per
485 1687 626 1768 heredes,
652 1687 764 1753 habita
788 1695 918 1754 matura
941 1689 1175 1755 deliberacione
1192 1711 1262 1774 pre-

123 1797 268 1860 latorum
285 1801 317 1860 et
334 1795 491 1860 baronum
508 1797 598 1878 regni
624 1798 734 1877 nostri,
762 1797 911 1861 duximus
928 1797 1123 1876 faciendam,
1142 1804 1179 1861 ut
1194 1799 1263 1862 uni-

124 1925 235 1969 versos
251 1903 395 1968 homines
412 1904 444 1967 in
461 1903 546 1968 iufra
562 1905 734 1970 nominatis
745 1905 999 1989 possessionibus
1015 1907 1082 1972 suis
1094 1912 1126 1970 et
1136 1905 1214 1971 ioris
1230 1907 1264 1970 in

125 2013 248 2077 eisdem
264 2012 384 2078 habitis
400 2019 511 2078 mutuo
528 2035 561 2078 se
578 2013 784 2097 prohibentes
812 2021 843 2078 et
867 2014 1024 2098 impedire
1047 2014 1210 2094 iacientes,
1226 2036 1264 2079 ac

124 2119 351 2185 malefactores
369 2140 449 2201 quos
465 2122 498 2186 in
514 2121 768 2204 possessionibus
786 2122 852 2186 suis
869 2126 902 2186 et
918 2122 1005 2186 intra
1025 2127 1262 2205 metasposses-

125 2229 252 2292 sionum
269 2250 401 2294 suarum
418 2227 443 2293 J
445 2229 526 2313 obag
543 2236 576 2293 et
591 2230 742 2314 Pyspylry
762 2236 956 2310 vocatarum,
973 2251 1011 2294 ac
1031 2229 1073 2294 ed
1088 2231 1176 2313 ipsas
1192 2251 1262 2314 per·

125 2338 312 2414 tinencium,
329 2338 388 2403 sub
406 2339 498 2402 metis
525 2345 557 2402 et
575 2339 721 2404 terminis
738 2338 923 2404 earumdem
940 2339 1178 2424 possessionum
1196 2341 1260 2403 exi-

124 2448 284 2512 stencium
300 2449 333 2512 in
349 2446 522 2513 maliciosis
539 2448 689 2532 operibus
705 2449 847 2532 ipsorum
872 2447 1107 2530 reprehendere
1123 2453 1264 2531 possent,

123 2555 194 2638 ipse
211 2561 245 2620 ct
261 2557 311 2620 sui
327 2555 460 2620 heredes
486 2576 523 2620 ac
549 2554 701 2621 officiales
718 2555 902 2620 eorumdem
924 2576 1025 2638 usque
1052 2555 1094 2620 ad
1120 2561 1262 2620 extreme

123 2663 378 2730 adiudicacionis
404 2665 609 2741 sentenciam,
635 2665 798 2730 indicandi
824 2671 857 2729 et
882 2662 1125 2741 condemnandi,
1150 2663 1262 2728 ordine

122 2773 302 2851 iudiciario,
319 2779 355 2836 ut
371 2773 539 2838 dictaverit
565 2773 643 2837 ordo
659 2773 747 2851 iuris,
767 2775 800 2837 in
826 2772 946 2838 eisdem
964 2773 1030 2837 suis
1055 2773 1262 2856 possessioni·

127 2881 186 2945 bus
204 2881 458 2946 irrevocabiliter
474 2883 616 2948 habeant
632 2881 829 2960 facultatem,
854 2903 913 2946 nec
933 2883 1060 2946 eosdem
1076 2880 1261 2946 malefacto·

123 3011 176 3054 res
193 2991 227 3052 in
243 2989 398 3072 predictis
414 2990 669 3073 possessionibus
695 2996 728 3054 et
752 2992 838 3054 intra
868 2997 970 3056 metas
986 2989 1173 3055 earumdem
1189 3009 1261 3072 pos-

124 3099 302 3162 sessionum
319 3100 538 3181 reprehensos,
555 3099 596 3163 ad
622 3100 728 3163 sedem
755 3099 959 3164 iudiciariam
980 3099 1163 3181 aliquorum
1180 3096 1260 3162 iudi·

124 3227 197 3269 cum
214 3211 248 3267 et
263 3205 514 3269 iusticiariorum
531 3207 622 3289 regni
639 3208 749 3287 nostri,
774 3207 957 3290 specialiter
974 3205 1110 3289 palatini
1127 3211 1161 3270 et
1176 3204 1260 3270 iudi-

123 3315 168 3377 cis
186 3313 274 3377 curie
291 3320 398 3378 nostre
415 3335 453 3378 ac
469 3317 621 3380 comitum
642 3315 876 3396 parochialium
894 3321 926 3378 et
942 3314 1086 3379 iudicum
1104 3313 1260 3378 nobilium

123 3419 344 3503 quorumlibet
360 3423 577 3500 comitatuum,
595 3425 628 3486 in
654 3423 771 3504 quibus
797 3422 881 3488 dicte
910 3423 1124 3507 possessiones
1148 3420 1260 3486 haberi

123 3531 399 3614 dignoscerentur,
417 3532 485 3614 ipss
501 3537 534 3594 et
551 3533 601 3596 sui
618 3533 824 3615 posteritates
842 3554 879 3598 ac
906 3531 1059 3596 officiales
1076 3529 1260 3596 eorumdem

123 3639 244 3705 eisdem
261 3637 421 3703 iudicibus
439 3645 470 3702 et
486 3640 672 3704 iusticiariis
696 3663 733 3705 ae
749 3639 906 3724 palatino,
924 3639 1021 3704 iudici
1037 3641 1125 3704 curie
1142 3643 1260 3714 nostre,

124 3769 182 3811 nec
200 3766 263 3810 non
280 3745 448 3810 comitibus
466 3747 704 3828 parochialibus
721 3754 754 3811 et
771 3746 930 3811 iudicibus
951 3746 1106 3810 nobilium
1123 3745 1163 3811 ad
1179 3746 1259 3810 iudi-

123 3856 209 3920 cium
227 3853 304 3918 dare
322 3860 353 3917 et
369 3854 534 3936 assignare
551 3861 741 3936 tencantur;
767 3876 868 3937 quare
895 3854 983 3919 vobis
1004 3855 1160 3918 universis
1177 3853 1259 3920 iudi-

122 3965 213 4029 cibus
231 3970 262 4026 et
278 3963 463 4026 justiciariis
481 3962 571 4044 regni
589 3964 699 4040 nostri,
716 3962 900 4046 specialiter
916 3961 1071 4045 palatino,
1089 3961 1188 4026 iudici
1205 3982 1256 4026 cu-

122 4074 169 4138 rie
187 4077 306 4150 nostre,
323 4071 399 4134 item
416 4070 586 4136 comitibus
602 4071 841 4154 parochialibus
869 4077 901 4135 et
926 4069 1087 4134 iudicibus
1104 4067 1258 4134 nobilium

122 4182 334 4246 comitatuum
351 4177 384 4242 in
411 4178 527 4262 quibus
553 4177 638 4243 dicte
664 4179 882 4261 possessiones
909 4175 1036 4243 Nicolai
1053 4177 1187 4242 voivode
1204 4179 1259 4242 ha·

120 4291 251 4366 bantur,
267 4293 399 4352 nuncet
416 4309 474 4370 pro
490 4294 633 4371 tempore
649 4288 831 4352 constitutis
848 4293 880 4352 et
896 4285 1089 4351 infuturum
1106 4286 1258 4350 constitu·

121 4398 223 4475 endis,
239 4395 345 4462 edicto
361 4398 448 4480 regio
463 4395 556 4462 firmo
571 4396 694 4461 firmius
720 4397 833 4461 damus
849 4398 883 4460 in
900 4395 1070 4480 preceptis,
1097 4399 1256 4476 quatenus

122 4507 287 4592 prefatum
303 4505 508 4588 magnificum
524 4507 629 4570 virum
646 4504 817 4570 Nicolaum
834 4504 999 4571 voivodam
1017 4502 1258 4570 Traossilvanie

122 4623 155 4680 et
187 4635 264 4679 suos
289 4614 423 4679 heredes
449 4621 563 4680 contra
587 4614 724 4680 formam
749 4620 858 4680 nostre
886 4615 993 4696 gracie
1019 4613 1179 4697 presentis
1196 4611 1258 4678 sibi

123 4731 206 4801 acte,
216 4724 250 4787 in
269 4721 446 4805 fpremissis
462 4724 646 4788 nullatenus
662 4724 832 4788 molestare
849 4730 906 4789 aut
920 4724 1100 4806 inquietare
1116 4743 1258 4806 presum-
