3180 5470
334 551 399 610 432
697 571 878 614 nsaonroru
896 558 1099 614 cuminaria.

333 727 592 810 parafernalibus
608 731 685 796 dare
705 733 841 797 asnmsit
866 781 872 794 .
890 780 896 794 .
928 731 1052 796 Datum
1070 732 1102 820 in
1118 731 1171 796 die
1188 729 1359 797 Kathedre
1379 729 1472 795 beati

334 837 434 916 Petri,
450 859 534 903 anno
550 839 672 904 domini
688 840 740 904 Μ0
751 837 851 906 0000
862 829 1131 924 quinquagesimo
1147 843 1260 924 primo.

439 967 570 1030 Papiron,
596 967 742 1030 lratlapjr'rn
766 968 1054 1033 pccsetnyornaiva13
1083 966 1215 1030 eredetije
1243 982 1259 1017 a
1283 967 1380 1018 Nsmz.
1406 968 1471 1017 Mu-

333 1058 477 1106 zeumban.

820 1131 848 1138 ι..
857 1131 973 1138 ...ψ-...ψη-

867 1246 939 1306 268.

336 1381 430 1444 1351.
448 1381 556 1461 Buca,
566 1383 651 1468 febr.
669 1385 719 1448 24.
747 1385 773 1449 I.
791 1386 888 1470 Lcjoa
918 1385 1027 1471 kirrily
1050 1386 1176 1449 Roeasz
1196 1385 1307 1448 Iatcdn
1329 1387 1472 1469 Pczsony

333 1492 512 1575 cdrmcpyea'
534 1491 727 1577 alicprinnclc
751 1493 909 1558 birtokain
927 1492 1156 1580 pyakoroltato
1173 1491 1378 1579 palloap'opot
1394 1492 1471 1557 ado-

832 1606 973 1688 ardayoa.
1119 1663 1122 1670 .

1059 1719 1191 1786 Relacio
1208 1718 1265 1785 filii
1283 1719 1409 1786 Mochlr

449 1823 519 1892 Nos
553 1825 736 1892 Ludovicus
763 1877 793 1893 ..
825 1848 882 1893 rex
907 1879 938 1894 ..
972 1827 1191 1911 significamus
1219 1878 1248 1892 ..
1282 1830 1372 1911 quod
1413 1850 1471 1892 nos

333 1936 417 1999 sicut
441 1956 499 2018 pro
524 1933 735 2000 fidelitatibus
765 1938 973 2002 serviciorum
1002 1958 1120 2020 magna
1151 1937 1247 2002 lande
1272 1938 1381 2019 dignis
1407 1957 1471 2000 me-

333 2045 406 2108 ritis
427 2047 585 2127 'magistri
615 2042 774 2128 Stephani
806 2048 885 2112 dicti
916 2045 1034 2111 Rowaz
1065 2047 1261 2113 vicecomitis
1293 2045 1470 2112 Posonien·

333 2153 377 2217 sis
415 2151 518 2217 fidelis
556 2156 667 2236 nostri,
706 2154 908 2238 temporibus
941 2161 974 2219 et
1010 2155 1088 2220 locis
1125 2155 1316 2239 opportunis
1355 2153 1469 2218 lauda·
1575 2227 1576 2238 ,

333 2260 393 2326 bili
417 2264 536 2326 virtute
561 2263 722 2347 impensis,
746 2263 834 2328 haud
858 2265 965 2328 minus
990 2285 1049 2348 pro
1074 2263 1217 2329 utilitate
1243 2269 1277 2328 et
1302 2263 1469 2329 commodo
1575 2293 1576 2344 3

334 2371 425 2453 regni
456 2373 566 2450 nostri,
592 2373 696 2440 eidem
727 2374 884 2456 magistro
910 2371 1076 2456 Stephano
1107 2372 1292 2438 huiusmodi
1324 2373 1469 2454 graciam
1575 2351 1576 2396 ³

335 2478 484 2544 duximus
515 2479 749 2559 conferendam,
775 2487 812 2546 nt
840 2483 1005 2546 universos
1037 2481 1123 2546 fures
1156 2481 1301 2546 latrones
1329 2485 1362 2544 et
1389 2479 1469 2544 alios

333 2587 496 2670 quoslibet
520 2587 755 2669 malefactores,
772 2591 859 2655 intra
884 2595 985 2655 metas
1002 2596 1035 2654 et
1053 2592 1207 2656 terminos
1228 2589 1468 2674 possessionum

333 2717 465 2761 suarum
495 2695 614 2781 ubique
646 2701 679 2762 in
710 2718 809 2782 regno
840 2704 950 2764 nostro
981 2698 1169 2765 habitarum
1198 2705 1231 2763 et
1255 2698 1469 2762 existencium

334 2805 553 2888 reprehensos,
580 2807 647 2888 ipse
674 2811 706 2870 et
731 2809 782 2872 sui
806 2806 949 2886 heredes,
975 2827 1173 2872 successores
1200 2812 1233 2871 et
1250 2806 1469 2889 posteritates,

333 2913 498 2977 indicandi
524 2915 743 2980 tormentandi
768 2921 800 2979 et
824 2936 908 2999 pena
934 2917 1012 2998 ipsis
1041 2916 1230 2982 condecenti
1254 2913 1413 2998 puniendi
1438 2917 1471 2976 et

333 3019 504 3104 plectendi,
515 3043 647 3088 necnon
663 3022 848 3106 patibulum
865 3045 902 3088 ac
919 3023 984 3088 alia
1000 3045 1118 3106 genera
1130 3027 1367 3088 tormentorum
1383 3023 1469 3086 intra
1575 3003 1576 3048 ³

333 3134 434 3193 metas
451 3134 483 3194 et
498 3131 652 3195 terminos
670 3133 905 3214 possessionum
925 3153 1056 3196 suarum
1081 3132 1302 3214 predictarum
1328 3129 1469 3194 faciendi
1575 3135 1576 3146 ¹

332 3241 364 3300 et
379 3239 598 3322 conservandi,
615 3261 654 3303 ex
669 3247 779 3304 nostra
795 3241 930 3306 licencia
948 3241 1137 3324 permissive
1153 3245 1186 3304 et
1202 3241 1313 3324 gracia
1331 3236 1465 3323 speciali

334 3346 513 3427 plenariam
529 3346 670 3412 habeant
685 3353 880 3431 potestatem
897 3397 903 3412 .
921 3401 926 3412 .
953 3347 1078 3413 Datum
1093 3347 1195 3427 Bude,
1213 3350 1246 3413 in
1262 3347 1348 3414 festo
1365 3348 1470 3412 sancti
1575 3337 1576 3390 l

332 3452 459 3518 Mathia
498 3453 648 3538 apostoli,
688 3477 773 3522 anno
811 3458 932 3523 domini
969 3457 1022 3523 Μ0
1050 3456 1172 3526 000Ιῃο
1189 3450 1470 3540 ‘quinquagesimo

333 3585 445 3645 primo.

442 3689 595 3754 Hatlapjan
617 3693 709 3756 pocset
729 3693 897 3759 nyomaival,
914 3695 1003 3746 alatta
1016 3710 1032 3745 a
1046 3695 1170 3745 lontebbi
1192 3693 1313 3758 aaavak5
1337 3689 1471 3756 aradetije

334 3796 351 3831 a
364 3781 645 3846 Nyitra-Zerdahelyi
657 3799 693 3833 cs.
707 3784 845 3835 ltaraban.

819 3911 979 3919 ——--—--

861 4023 935 4086 269.

336 4143 430 4207 1351.
448 4141 543 4230 Epcr,
570 4155 660 4210 mart
676 4147 705 4208 2.
732 4143 779 4208 Aa
795 4146 863 4229 apri
875 4144 999 4230 puspuk
1015 4145 1193 4210 uicariuaci
1207 4167 1228 4208 c
1244 4144 1473 4230 klichracmeti

333 4255 363 4316 ca
383 4253 518 4338 percepi
539 4251 763 4338 plebanoaolcat
782 4253 942 4334 titulata,
960 4256 1037 4340 kopp
1061 4257 1130 4318 rada
1148 4255 1271 4333 kdrom,
1293 4259 1366 4317 mdc·
1384 4251 1473 4318 eleth

333 4359 489 4425 kiarrldcu
510 4359 659 4446 plebel-rica
690 4361 859 4425 tdrsrrlclrcl
890 4373 999 4449 appoll,
1030 4361 1174 4427 Szikazci
1198 4361 1317 4426 Ja'noat
1346 4384 1472 4426 cacone-

794 4470 1005 4555 munila'ljdlc.

439 4611 557 4678 Petrus
577 4613 821 4680 archidiaconus
841 4615 881 4680 de
906 4613 1018 4680 Heues
1044 4620 1077 4680 et
1102 4612 1292 4680 Gathardus
1318 4617 1476 4699 magistri

333 4717 478 4782 canonici
495 4718 628 4784 ecclesie
641 4721 860 4804 Agriensisac
872 4723 992 4788 iudices
1016 4723 1048 4788 in
1060 4721 1164 4790 officio
1184 4725 1357 4788 vicariatus
1376 4745 1474 4808 per..
