3138 5462
536 466 630 527 1347.
647 480 716 526 sun.
735 467 763 526 3.
1170 465 1211 525 89

79 649 125 706 est
140 647 232 706 meta
249 649 364 716 terrea,
390 644 465 708 bino
481 664 606 726 semper
623 643 664 706 ad
680 643 814 707 eandem
832 643 962 726 plagam
979 648 1011 706 et
1027 642 1213 725 pervenitur

82 750 119 814 ad
136 772 239 815 unam
255 751 339 816 viam
356 751 525 836 Kyralnta
540 751 668 830 dictam,
693 752 785 816 iuxta
806 772 904 835 quam
920 755 971 815 est
985 757 1072 816 meta
1087 756 1213 830 terrea,

80 861 150 924 inde
167 861 202 924 in
219 861 332 925 eadem
347 862 401 925 via
418 861 616 925 transeundo
631 861 673 924 ad
689 865 815 944 partem
831 859 1062 924 occidentalem
1079 864 1112 923 et
1127 858 1214 923 cadit

80 968 109 1030 in
125 967 226 1033 aliam
242 967 329 1034 viam
345 968 663 1035 Denecheraurdulrs
680 969 808 1046 dictam,
829 974 862 1032 et
878 965 1034 1032 currendo
1050 967 1085 1031 in
1101 964 1213 1030 eadem

81 1077 127 1140 via
143 1097 257 1142 versus
273 1083 398 1161 partem
415 1077 686 1161 septemtrionem,
701 1077 793 1142 iuxta
811 1097 910 1160 quam
920 1097 959 1140 ex
969 1081 1107 1159 utraque
1120 1079 1213 1158 parte
1234 1095 1237 1102 ·

82 1189 154 1248 sunt
170 1184 234 1249 due
260 1187 401 1264 arbores,
428 1186 549 1252 scilicet
574 1187 646 1252 ibor
671 1193 704 1250 et
729 1185 840 1252 oberfa
865 1186 950 1251 dicte
975 1187 1069 1250 metis
1096 1185 1213 1248 terreis

82 1293 278 1372 circumfusa,
310 1316 448 1378 quarum
472 1317 538 1360 una
554 1317 574 1359 a
589 1301 681 1379 parte
708 1295 860 1360 orientali
885 1293 1034 1372 existens,
1059 1291 1212 1358 iamdicto

82 1401 213 1466 Nicolso
230 1399 296 1466 filio
312 1402 418 1486 Pauli,
444 1425 464 1467 a
489 1408 582 1486 parte
607 1407 715 1467 autem
741 1400 932 1466 occidentali
957 1401 1036 1484 ipsis
1061 1398 1213 1488 predictis

83 1509 153 1574 tiliis
168 1510 194 1574 J
195 1511 310 1576 oannis
326 1519 479 1596 separant
495 1517 527 1576 et
543 1511 741 1594 distingunt3
765 1510 839 1575 inde
860 1515 969 1576 autem
985 1509 1019 1573 in
1035 1507 1146 1572 eadem
1162 1507 1213 1570 via

83 1641 188 1684 versus
205 1624 332 1702 partem
349 1619 647 1703 septemtrionalem
675 1619 754 1682 satis
770 1619 803 1682 in
820 1617 902 1682 bono
918 1616 1027 1700 spacio
1043 1615 1212 1692 currendo,

83 1729 263 1812 pervenitur
279 1727 320 1792 sd
336 1727 418 1792 duas
434 1734 537 1792 metas
554 1734 686 1802 terreae,
711 1727 802 1790 iuxta
818 1725 952 1790 eandem
969 1726 1053 1789 viam
1069 1745 1109 1788 ex
1125 1729 1212 1800 ntra

85 1855 143 1919 qne
158 1841 253 1920 parte
269 1833 452 1916 existentes,
472 1835 506 1898 in
526 1855 664 1916 quarum
678 1855 744 1898 rina
760 1837 881 1916 aparte
898 1830 1047 1896 orientali
1063 1831 1213 1895 existenti

84 1945 222 2028 predicto
238 1942 376 2008 Nicolao
393 1941 459 2005 filio
474 1941 570 2006 Pauli
588 1939 761 2024 pertinenti
788 1946 837 2004 est
862 1938 960 2004 arbor
985 1939 1090 2004 sumfa
1115 1939 1211 2016 diota,

84 2057 214 2134 sparte
238 2055 348 2116 autem
383 2051 573 2116 occidentali
599 2051 747 2115 existenti
773 2050 938 2134 predictis,
951 2049 1024 2114 filiis
1049 2049 1212 2114 ‚lobannis

84 2161 251 2245 pertinenti
267 2166 316 2226 est
332 2181 397 2224 una
413 2159 509 2224 arbor
533 2160 639 2224 ihorfa
654 2159 758 2239 dicta,
783 2159 858 2224 hinc
873 2161 1011 2224 vertitur
1027 2158 1068 2222 ad
1084 2163 1211 2241 partem

85 2268 318 2345 occidentalem,
334 2269 534 2333 transeundo
550 2267 712 2350 quandam
723 2267 840 2331 vallem
857 2267 1040 2351 pervenitur
1057 2266 1098 2330 ad
1114 2287 1212 2330 unam

86 2377 227 2442 arborem
241 2377 303 2460 piri
319 2378 353 2441 in
369 2379 464 2460 vulgo
480 2377 650 2461 semencyh
665 2375 794 2454 dictam,
811 2377 901 2441 iuxta
926 2375 1147 2440 sanctuarium
1163 2395 1212 2438 ec·

87 2487 175 2551 clesie
190 2485 284 2550 beate
300 2485 433 2568 virginis
460 2485 596 2568 gloriose
613 2483 646 2548 in
663 2482 809 2567 predicta
835 2482 1033 2566 possessione
1049 2480 1177 2546 Bodula
1193 2502 1213 2544 a

86 2599 173 2677 parte
188 2592 335 2657 meridiei
352 2593 551 2673 existentem,
578 2597 664 2656 meta
680 2597 789 2655 temes
804 2590 1039 2666 circumfusam,
1064 2589 1120 2654 ubi
1136 2609 1212 2671 pars

21 2769 27 2782 ‚
88 2707 206 2785 aperte
222 2700 373 2766 orientali
390 2721 410 2764 a
427 2698 572 2783 predicta
588 2699 639 2762 via
665 2697 984 2762 Deneoherzurdulra
1007 2697 1095 2761 dicta
1110 2717 1144 2760 se
1161 2717 1212 2759 ex·

87 2808 212 2873 tendens
232 2827 334 2891 usquc
345 2805 826 2888 adOhobsgatasarkadictam,
842 2806 1065 2890 prenominato
1076 2803 1213 2870 Nicolao

89 2915 148 2980 filio
163 2916 257 2981 Pauli
274 2914 424 2980 cessisset
440 2923 472 2980 et
489 2915 686 2998 provenisset
702 2915 735 2978 in
754 2915 948 2998 porcionem,
965 2920 1087 2998 aparte
1104 2919 1212 2978 autem

88 3023 267 3089 occidentali
285 3023 425 3088 existens
446 3043 530 3106 pars,
556 3043 659 3105 usque
685 3023 727 3087 ad
745 3023 909 3106 quandum
935 3023 1052 3088 vallem
1067 3023 1100 3087 in
1116 3022 1212 3105 vulgo

89 3131 300 3215 llegyeweulg
316 3131 445 3208 dictam,
470 3131 561 3194 iuxta
592 3151 705 3195 cursus
736 3135 896 3196 metarum
921 3150 978 3194 seu
1003 3129 1227 3214 terminorum·

90 3239 340 3317 distinctionem,
370 3238 556 3302 memoratis
588 3236 754 3322 Stephano
785 3237 921 3303 Nicolao
953 3236 1108 3301 Michaeli
1138 3235 1213 3301 filiis

89 3347 240 3412 lobannis
256 3347 455 3430 provenisset
482 3345 552 3409 iure
578 3353 735 3429 perpetuo
763 3345 955 3430 possidenda
971 3394 978 3408 .
995 3394 1001 3408 .
1018 3345 1095 3408 item
1111 3343 1212 3409 eciam

92 3455 244 3536 quandam
260 3453 455 3537 particulam
471 3458 557 3517 terre
583 3460 734 3542 montane
760 3477 833 3519 cunr
854 3455 921 3519 suis
937 3451 1132 3518 utilitatibus
1148 3474 1213 3517 om·

90 3561 173 3626 nibus
197 3583 217 3626 a
242 3561 388 3646 predicta
413 3567 502 3626 meta
527 3561 816 3647 Chabagatafarlra
835 3564 921 3629 dicta
937 3584 971 3627 se
988 3562 1212 3627 extendentem

91 3671 236 3752 usquead
252 3677 373 3736 metam
390 3691 447 3734 sen
463 3669 660 3736 vicinitatem
687 3671 830 3754 predicte
855 3671 1063 3754 possessionis
1088 3669 1212 3735 Peturd
1317 3719 1321 3728 .

92 3779 237 3843 communi
248 3779 322 3844 usui
333 3780 567 3844 commisissent
576 3780 660 3846 inter
670 3781 765 3863 ipsos,
776 3779 822 3845 ita
831 3781 990 3859 uidelicet,
1006 3778 1093 3863 quod
1103 3761 1211 3843 nullus

92 3907 126 3948 cr
141 3885 215 3971 ipsis
229 3887 279 3952 rel
296 3908 335 3951 ex
350 3885 591 3970 posteritatibus
607 3887 749 3970 ipsorum
765 3887 899 3952 eandem
915 3888 1109 3971 particulam
1125 3892 1212 3951 terre

92 4000 263 4060 montanam
289 3997 354 4060 iam
378 3996 463 4060 inter
488 3996 575 4078 ipsos
600 3995 760 4060 communi
785 3997 858 4061 usui
883 3998 1091 4080 assignatam,
1121 3991 1211 4058 nullo

92 4123 221 4186 unquam
236 4112 380 4190 tempore
397 4109 574 4169 retractare
590 4125 646 4169 seu
671 4105 801 4170 irritare
827 4111 935 4188 posset
960 4126 1016 4169 seu
1041 4105 1163 4170 valeret
1179 4155 1185 4169 .
1203 4148 1210 4163 ·

91 4205 199 4274 Datum
215 4209 374 4276 dominico
390 4211 441 4276 dis
457 4213 603 4294 proximo
620 4217 693 4294 post
712 4211 895 4294 predictum
921 4211 1038 4276 festum
1055 4209 1209 4294 Corporis

93 4311 209 4398 Christi,
224 4341 310 4384 anno
327 4319 448 4421 (lomini
464 4317 516 4384 M⁰
548 4317 646 4387 000ο
670 4317 775 4384 XLm⁰
791 4320 935 4402 septimo.

188 4463 338 4528 Hstlapjisn
351 4463 443 4527 penset
465 4465 642 4530 nyomaiva13
665 4463 796 4528 credetijs
819 4480 851 4514 az
874 4479 942 4514 orez.
966 4466 997 4515 lt.
1020 4465 1118 4516 kinost.
1142 4469 1210 4516 oszt.

95 4549 124 4600 N.
135 4553 164 4604 R.
176 4555 207 4606 A.
222 4559 280 4605 571.
296 4559 337 4604 31.
351 4554 418 4620 dipl.
433 4559 500 4606 oszt.
516 4559 593 4606 3909.
613 4556 712 4604 Kt'rzli:
732 4555 840 4606 Koraos
853 4555 886 4606 N.

563 4716 723 4727 ...a——
