3188 5470
583 486 765 584 13493on0.
784 487 835 546 23.
1208 487 1269 546 347
1323 511 1327 518 ·

144 663 237 726 metis
254 663 475 745 infrascriptis,
492 683 550 746 per
566 662 726 727 hominem
742 669 896 743 nostrum,
913 663 1060 730 videlicet
1076 667 1271 750 magistrum

143 767 313 834 Andream
330 772 451 836 socium
467 778 499 836 et
514 774 763 837 concanonicum
779 779 926 838 nostrum
952 795 1010 858 per
1027 797 1083 840 nos
1100 776 1141 840 ad
1158 777 1218 840 hoo
1235 776 1276 841 ad

144 879 337 945 instanciam
352 881 498 964 parcium
519 881 717 963 deputatum,
735 903 842 946 coram
868 881 1025 948 universis
1051 885 1276 950 commetaneis

144 995 176 1052 et
191 989 306 1053 vicinis
319 989 420 1072 ipsius
445 990 613 1072 particule.
629 991 693 1054 imo
719 992 820 1056 eciam
846 1013 955 1058 coram
981 993 1080 1057 Petro
1096 991 1162 1058 filio
1179 993 1277 1073 Luce,

145 1103 176 1160 et
192 1097 227 1160 in
243 1096 333 1161 nullo
359 1097 654 1163 contradicentibus
679 1099 744 1162 imo
760 1099 870 1182 pocius
889 1099 1071 1164 benivolum
1088 1121 1278 1164 consensum

146 1211 181 1270 ut
196 1204 284 1268 idem
299 1203 452 1271 Andreas
477 1207 582 1272 socius
606 1211 715 1271 noster
732 1213 765 1270 et
780 1213 890 1290 partes
915 1207 1060 1290 predicte
1085 1207 1176 1278 nobis
1193 1215 1279 1272 retu·

145 1312 254 1376 lerunt
273 1311 487 1394 prebentibus,
504 1313 699 1394 distinctam,
710 1315 791 1379 dixit
807 1321 838 1379 et
854 1316 1017 1382 consessus
1033 1323 1082 1382 est
1092 1339 1125 1382 se
1136 1317 1279 1400 predicto

146 1422 303 1504 magistro
320 1420 445 1486 Simoni
460 1421 527 1486 filio
537 1424 690 1488 Mauricii
701 1430 733 1487 et
743 1445 801 1504 per
817 1445 891 1489 crim
902 1425 967 1489 suis
985 1425 1156 1490 heredibus
1174 1475 1180 1488 .
1198 1475 1203 1488 .
1221 1445 1280 1510 pro

147 1529 367 1614 quadraginta
392 1535 532 1613 quatuor
557 1533 675 1596 marcis
700 1530 857 1598 honorum
883 1533 1088 1598 denariorum
1115 1533 1280 1598 bonolium
1324 1549 1328 1556 ’

146 1639 288 1720 receptis
313 1637 354 1703 ab
380 1639 490 1704 eodem
515 1639 670 1722 magistro
696 1637 825 1705 Simone
851 1641 1053 1724 integraliter
1078 1642 1163 1706 sicut
1189 1640 1281 1717 dixit,

147 1745 352 1812 vendidisse,
370 1799 375 1810 .
393 1749 462 1812 iure
477 1754 635 1832 perpetuo
660 1749 886 1831 possidendam
905 1801 909 1811 .
928 1802 933 1814 .
951 1750 1032 1815 nihil
1058 1751 1137 1818 iuris
1162 1750 1213 1814 vel
1228 1749 1282 1813 do·

148 1854 241 1918 minii
259 1907 265 1918 .
283 1907 289 1920 .
306 1855 391 1920 idem
407 1855 561 1922 Nicolaus
586 1855 671 1922 filius
688 1857 846 1941 Stephani
871 1857 931 1923 sibi
957 1865 1013 1922 aut
1030 1860 1095 1924 suis
1111 1856 1283 1924 heredibus

148 1965 180 2026 in
197 1963 312 2027 eadem
329 1965 490 2045 particula
514 1967 724 2048 possessionis
749 1966 843 2030 modo
869 1966 1013 2050 predicto
1038 1968 1099 2050 ipsi
1125 1967 1282 2050 magistro

149 2070 276 2134 Simoni
302 2071 432 2136 vendita
456 2073 583 2156 penitus
609 2073 825 2139 reservando.
843 2124 849 2137 .
867 2073 1016 2158 obligans
1037 2095 1070 2138 se
1086 2074 1170 2138 idem
1188 2072 1284 2138 Nico-

148 2178 221 2243 laus
238 2177 327 2243 filius
344 2177 501 2262 Stephani
518 2186 551 2244 et
567 2203 641 2246 suos
666 2182 809 2260 heredes,
826 2181 867 2246 ab
892 2183 987 2260 omni,
1012 2183 1038 2246 si
1065 2203 1130 2266 qua
1155 2181 1284 2246 racione

149 2287 296 2371 predicte
312 2287 470 2371 particule
487 2336 493 2350 .
512 2339 517 2352 .
534 2290 567 2352 in
582 2289 727 2354 futurum
738 2311 777 2354 ex
788 2290 933 2373 cognatis
944 2311 1001 2354 seu
1011 2290 1166 2373 proximis
1183 2290 1285 2372 ipsius

149 2394 281 2460 Nicolai
317 2395 560 2480 quibuscunque
594 2398 671 2462 oriri
705 2399 906 2481 contingeret
939 2399 1109 2481 quescione
1136 2396 1285 2479 expedire

150 2505 351 2588 sepedictum
376 2503 569 2586 magistrum
595 2505 760 2571 Simonem
776 2512 809 2569 et
826 2506 895 2570 cius
912 2504 1045 2570 heredes
1062 2554 1068 2568 .
1088 2557 1093 2568 .
1111 2503 1286 2567 astiterunt

152 2614 255 2678 eciam
282 2633 390 2676 coram
415 2612 506 2678 nohis
538 2613 689 2678 Andreas
721 2612 807 2686 filius
838 2613 1009 2688 Johannis
1035 2611 1173 2694 Egidius
1198 2610 1284 2674 filius

152 2725 312 2801 Wratisa,
329 2721 496 2788 Johaunes
513 2722 598 2790 filius
614 2721 756 2803 Andree,
772 2725 850 2788 item
866 2723 892 2789 J
893 2724 1034 2788 ohannes
1052 2729 1084 2787 et
1101 2721 1287 2805 Stephanus

153 2833 211 2898 fflii
228 2831 390 2915 Stephani
416 2837 484 2896 tam
509 2845 568 2915 pro
594 2854 627 2896 se
655 2853 752 2913 quam
769 2853 827 2916 pro
843 2831 947 2897 Paulo
964 2831 1065 2896 fratre
1081 2852 1200 2908 eorum,
1216 2849 1288 2913 pro

152 2940 231 3004 ximi
248 2939 406 3022 sepedicti
420 2937 549 3004 Nicolai
565 2938 624 3004 filii
641 2937 807 3022 Stephani,
833 2941 890 3022 qui
906 2939 982 3004 huic
999 2938 1177 3004 vendicioni
1194 2957 1287 3001 suum

153 3069 343 3114 consensum
370 3047 584 3131 personaliter
609 3049 642 3112 in
659 3050 759 3113 nostri
786 3048 952 3131 presencie
969 3053 1190 3130 comparentes
1216 3065 1287 3128 pre-

155 3157 297 3220 buerunt
323 3205 352 3218 ..
379 3161 463 3220 mete
488 3163 596 3221 autem
622 3156 727 3239 ipsius
759 3154 917 3238 particule
944 3203 975 3217 ..
1001 3154 1128 3219 vendite
1156 3205 1187 3219 ..
1214 3160 1289 3216 sunt

157 3265 255 3330 tales:
274 3265 380 3346 prima
396 3271 481 3328 meta
500 3263 614 3346 incipit
629 3263 671 3328 ab
681 3265 805 3328 oriente
822 3265 854 3328 in
871 3284 989 3346 magna
1005 3263 1056 3326 via
1073 3263 1159 3328 circa
1177 3260 1290 3326 silvam

156 3375 258 3458 ipsine
282 3371 430 3454 magistri
457 3371 596 3436 Simonis
622 3381 654 3436 et
679 3373 765 3437 circa
790 3379 911 3436 terram
937 3370 1027 3434 Petri
1053 3369 1111 3434 filii
1138 3369 1227 3434 Luce
1253 3390 1291 3432 ac

156 3481 286 3547 Nicolai
311 3479 371 3544 filii
406 3479 561 3564 Stephani
587 3479 645 3544 filii
671 3479 788 3544 Jacobi
814 3480 981 3544 memorati
1008 3477 1049 3542 ah
1083 3477 1197 3543 arbore
1224 3476 1292 3541 tilio

157 3595 245 3653 meta
260 3593 368 3652 terrea
384 3587 586 3668 circumfusa,
603 3587 656 3651 uhi
673 3593 723 3652 est
737 3585 907 3651 coniuncta
933 3607 1006 3649 cum
1031 3586 1137 3668 capite
1154 3582 1293 3666 quedam

156 3697 210 3759 via
225 3696 288 3778 ipsi
315 3715 430 3777 magne
455 3696 521 3776 vie;
545 3694 618 3759 inde
635 3695 808 3778 procedens
825 3693 910 3758 infra
926 3693 967 3758 ad
985 3692 1184 3758 occidentem
1200 3691 1291 3756 vadit

158 3806 339 3889 peripsam
355 3825 506 3888 magnam
522 3805 607 3868 viam
628 3803 714 3867 circa
739 3809 842 3867 metas
869 3803 970 3886 ipsius
995 3801 1123 3865 Nicolai
1150 3799 1208 3864 filii
1226 3799 1295 3864 Ste-

158 3915 270 3998 phani,
286 3913 433 3996 pervenit
449 3911 491 3976 ad
507 3933 604 3976 unam
626 3911 773 3976 arborem
798 3910 885 3995 pomi
912 3909 1071 3974 silvestris
1086 3913 1174 3972 meta
1189 3913 1296 3972 terrea
1386 3912 1388 3920 ’

159 4020 405 4098 circumfusam,
421 4019 539 4085 abhinc
549 4041 607 4102 per
617 4019 752 4083 eandem
763 4017 1009 4100 magnamviam
1025 4017 1174 4081 similiter
1185 4035 1295 4079 versus

160 4129 360 4195 occidentem
379 4129 523 4211 pervenit
540 4127 581 4190 ad
598 4127 745 4192 arborem
771 4127 834 4209 piri
856 4125 1012 4190 silvestris
1028 4126 1062 4188 in
1077 4125 1140 4188 fine
1157 4125 1296 4188 nemoris

161 4245 248 4302 meta
274 4243 381 4300 terrea
406 4235 650 4315 circumfusamr
674 4234 748 4299 inde
774 4235 839 4298 exit
865 4234 903 4296 de
938 4233 1009 4314 ipsa
1034 4232 1084 4296 viu
1111 4231 1152 4295 ad
1172 4237 1297 4312 partem
1372 4285 1375 4289 .

161 4348 328 4412 sinistram
353 4346 387 4408 in
413 4345 539 4410 modico
555 4344 663 4427 spacio
689 4349 721 4406 et
746 4343 834 4406 venit
859 4341 900 4405 ad
926 4339 1073 4404 arborem
1097 4338 1181 4403 tulfa
1206 4359 1298 4401 cruce

162 4456 333 4538 signatam,
350 4459 553 4518 metaterrea
569 4451 813 4530 circumfusam,
830 4449 904 4514 inde
921 4447 1027 4512 adhuc
1043 4447 1085 4510 ad
1101 4446 1297 4511 occidentem

163 4559 481 4646 semper'procedens
498 4561 584 4624 circa
600 4565 702 4623 metas
729 4560 829 4642 ipsius
855 4555 985 4622 Nicolai
1011 4553 1222 4639 pervenitad
1250 4575 1299 4616 ar-

163 4671 273 4736 borem
300 4667 426 4736 Gertan
453 4670 538 4732 circa
562 4669 655 4744 viam,
680 4666 738 4730 sub
764 4686 828 4750 qua
854 4672 903 4729 est
930 4671 1045 4748 puteus
1066 4669 1098 4726 st
1114 4661 1233 4726 ibidem
1250 4667 1300 4725 est
