3138 5462
341 465 384 525 80
691 478 880 527 ausouuoar
896 465 1113 524 ouulurrla.

338 639 424 704 filius
449 639 576 704 Nicolai
600 639 713 704 literas
738 639 956 724 privilegiales
982 639 1115 723 capituli
1142 639 1275 705 ecclesie
1301 638 1473 723 Agriensis

339 769 423 813 auno
440 748 560 813 domini
577 748 652 813 Μ1110
669 745 789 813 000ῐῃο
806 747 956 813 XXX¹¹¹⁰
972 749 1077 831 primo
1093 755 1260 814 emanatas
1286 748 1378 814 nobis
1403 769 1474 832 pre-

339 863 484 922 sentarat
509 857 593 922 inter
619 861 727 922 cetera
752 857 961 938 continentes,
992 857 1077 940 quod
1108 858 1263 940 magister
1288 855 1474 940 Stephanus

339 963 424 1030 filius
441 963 600 1048 Stephani
617 963 676 1030 filii
693 964 809 1044 Tekus,
825 965 1018 1049 Iwachynus
1034 964 1119 1030 filius
1135 965 1278 1030 eiusdem
1305 963 1473 1050 Stephani,

340 1075 396 1156 qui
413 1093 472 1156 pro
489 1093 522 1138 se
538 1079 571 1137 et
585 1094 644 1155 pro
671 1071 779 1138 Tekus
800 1072 936 1162 Matheo
953 1079 985 1138 et
999 1072 1155 1154 Ladislao
1181 1071 1337 1138 fratribus
1354 1073 1422 1137 suis
1438 1093 1475 1136 ac

340 1181 494 1265 magistro
519 1180 673 1246 Lorando
698 1179 765 1245 filio
790 1179 930 1246 eiusdem
967 1179 1126 1265 Stephani
1152 1179 1211 1246 filii
1238 1179 1346 1246 Telos
1373 1180 1474 1246 fratre

341 1289 462 1354 scilicet
478 1288 555 1354 dicti
571 1290 720 1373 magistri
737 1287 896 1373 Stephani
914 1289 1064 1354 similiter
1080 1311 1139 1372 pro
1155 1310 1189 1354 se
1200 1295 1233 1354 et
1243 1310 1301 1373 pro
1318 1289 1474 1354 Ladislao

341 1420 378 1463 ac
394 1397 512 1462 Hertel
529 1395 604 1462 filiis
620 1385 686 1462 suis
705 1419 743 1462 ex
769 1419 834 1463 una
859 1403 961 1482 parte,
987 1398 1064 1463 item
1090 1397 1205 1463 Desew
1230 1395 1316 1462 filius
1344 1396 1473 1462 Nicolai

340 1506 400 1571 filii
433 1505 576 1572 Lorandi
610 1505 649 1570 de
684 1505 800 1572 Katha
833 1513 1022 1590 procurator
1053 1506 1168 1572 nobilis
1200 1506 1328 1571 domine
1362 1505 1473 1572 relicte

342 1615 483 1681 eiusdem
500 1613 629 1682 Nicolai
654 1617 769 1682 matris
786 1637 850 1694 sue,
867 1636 938 1680 cum
954 1615 1058 1680 literis
1075 1614 1216 1680 eiusdem
1233 1613 1367 1699 capituli
1378 1611 1476 1698 Agri-

342 1725 427 1790 ensis
459 1725 700 1808 procuratoriis,
726 1747 785 1809 pro
812 1725 924 1790 eadem
950 1725 1079 1790 domina
1103 1731 1209 1791 matre
1235 1747 1294 1790 sua
1317 1731 1414 1809 parte
1439 1746 1476 1788 ex

287 1846 290 1850 ’
343 1832 447 1897 altera
463 1853 570 1898 coram
589 1832 698 1897 eodem
715 1834 857 1917 capitulo
874 1833 1095 1918 comparando,
1120 1854 1178 1916 per
1194 1833 1322 1898 eosdem
1336 1832 1476 1918 Stepha-

343 1962 420 2006 num
444 1947 476 2005 et
490 1940 679 2007 Lorandum
698 1942 879 2024 magistros,
895 1942 1103 2026 Iwachynum
1122 1940 1225 2008 filium
1243 1941 1386 2008 eiusdem
1403 1941 1474 2009 Ste-

342 2049 451 2132 phani,
468 2069 525 2114 suo
551 2055 584 2114 et
608 2052 737 2116 nomine
762 2051 921 2116 dictorum
945 2051 1084 2116 fratrum
1115 2071 1245 2116 suorum
1276 2051 1476 2135 propositum

344 2159 542 2224 exstitisset.
560 2207 566 2222 .
584 2179 621 2223 eo
646 2158 749 2236 modo,
774 2159 860 2241 quod
877 2158 939 2241 ipsi
955 2157 1035 2252 duas
1060 2160 1276 2240 possessiones
1292 2159 1477 2224 eorumdem

344 2266 537 2351 Nogrekche
568 2272 601 2330 et
631 2266 823 2332 Warseulde
857 2274 986 2332 vocatas
1017 2267 1050 2331 in
1080 2269 1238 2331 comitatu
1269 2263 1478 2332 Gumuricnsi

344 2376 525 2453 existentes,
542 2376 611 2440 iure
627 2375 825 2440 hereditario
841 2376 927 2460 ipsos
944 2375 1175 2458 contingentes,
1191 2397 1264 2441 cum
1280 2376 1428 2442 omnibus
1446 2431 1452 2442 .
1471 2429 1477 2443 .

347 2484 552 2568 pertinenciis
569 2483 764 2562 earumdem,
781 2505 818 2548 eo
834 2485 903 2548 iure
920 2533 926 2548 .
944 2533 951 2547 .
970 2491 1003 2548 et
1019 2483 1078 2548 sub
1094 2483 1213 2550 eisdem
1224 2484 1368 2568 antiquis
1385 2486 1478 2552 metis

345 2595 508 2678 ..quibus
534 2595 595 2677 ipsi
621 2599 788 2658 eteorum
814 2593 1054 2677 predecessores
1089 2592 1218 2659 easdem
1244 2594 1423 2661 tenuissent
1449 2645 1479 2660 ..

347 2724 405 2786 pro
421 2701 604 2766 omnimoda
625 2701 831 2786 expedicione
856 2707 888 2766 et
904 2701 1128 2766 satisfaccione
1154 2707 1269 2784 quarte
1295 2701 1405 2767 filialis
1422 2723 1475 2767 no·

344 2810 419 2875 bilis
445 2809 572 2874 domine
597 2807 708 2874 relicte
733 2809 810 2874 dicti
835 2809 964 2876 Nicolai
989 2809 1048 2876 filii
1073 2809 1256 2888 Laurencii,
1272 2809 1338 2874 filie
1355 2810 1477 2876 scilicet

347 2917 465 3001 prefati
482 2916 639 3019 Stephani
656 2917 715 2982 filii
732 2917 849 2995 Tekus,
865 2919 983 2984 sororis
1002 2919 1145 3001 ipsorum
1162 2917 1290 2982 uterine
1310 2916 1410 2984 Olera
1427 2939 1478 2982 vo·
1567 2905 1568 2918 ¹

346 3033 425 3105 cate,
442 3047 540 3109 quam
557 3025 704 3092 videlicet
722 3033 872 3110 quartam
889 3027 1020 3093 filialem
1040 3027 1153 3093 eadem
1170 3027 1300 3092 domina
1316 3047 1427 3092 coram
1446 3079 1453 3092 .
1470 3077 1477 3091 .

346 3135 482 3200 Nicolao
498 3133 645 3218 episcopo
661 3131 815 3218 Agriensi
840 3139 873 3200 et
897 3136 1016 3200 vicario
1042 3135 1184 3201 eiusdem
1210 3134 1323 3200 ordine
1349 3137 1428 3201 iuris
1445 3143 1477 3201 et

346 3243 437 3307 iuxta
453 3243 543 3325 regni
560 3243 819 3307 consvetudinem
836 3243 876 3307 de
892 3244 1047 3308 universis
1063 3242 1318 3326 possessionibus
1334 3244 1476 3327 ipsorum

276 3359 279 3364 '
347 3399 353 3414 .
370 3399 377 3414 .
393 3349 614 3434 requisivisset
630 3399 636 3413 .
652 3399 659 3414 .
676 3349 886 3416 contulissent
901 3371 1009 3416 coram
1026 3349 1167 3434 capitulo
1187 3357 1358 3434 prenotato
1374 3351 1476 3416 eidem

346 3458 446 3522 nobili
463 3458 590 3522 domine
615 3459 716 3522 sorori
741 3457 892 3541 ipsorum,
917 3458 1030 3524 relicte
1054 3458 1183 3524 Nicolai
1208 3459 1345 3542 predicti
1362 3466 1396 3526 et
1411 3461 1478 3526 suis
1565 3525 1566 3528 ,

347 3565 521 3630 heredibus
546 3566 615 3630 iure
641 3571 798 3649 perpetuo
824 3565 1079 3652 ..possidendas
1097 3617 1103 3631 .
1121 3617 1128 3630 .
1145 3566 1233 3632 salvo
1258 3568 1328 3632 iure
1352 3568 1478 3662 alieno3

348 3673 474 3739 etidem
484 3673 599 3740 Desen·
616 3681 807 3758 procurator
825 3676 967 3760 predicte
983 3675 1101 3741 nobilis
1112 3676 1239 3741 domine
1249 3697 1347 3759 super
1357 3677 1477 3742 eisdem

350 3781 604 3866 possessionibus
619 3781 752 3848 Rehche
769 3789 802 3848 et
816 3782 1008 3848 Warfeulde
1024 3783 1154 3865 vocatis,
1178 3805 1238 3868 pro
1254 3783 1342 3849 dicta
1358 3792 1478 3868 quarta

346 3889 438 3954 filiali
455 3889 595 3955 eiusdem
611 3889 727 3955 nobilis
753 3890 878 3955 domine
903 3891 1018 3956 matris
1045 3911 1101 3955 sue
1127 3913 1186 3974 pro
1211 3891 1322 3957 eadem
1348 3892 1478 3957 domina
1564 3903 1565 3956 i

348 4003 527 4076 contentus,
552 3997 679 4062 eosdem
704 3995 788 4062 filios
814 3995 971 4081 Stephani
995 3997 1055 4064 filii
1081 3997 1185 4064 Tekes
1211 4005 1244 4063 et
1268 3999 1476 4084 Iwachynum

347 4105 449 4170 filium
465 4105 543 4170 dicti
560 4104 718 4187 Stephani
728 4127 766 4170 ac
776 4126 885 4170 eorum
902 4105 1035 4171 heredes
1052 4127 1148 4190 super
1164 4108 1235 4189 ipsa
1251 4111 1369 4190 quarta
1385 4105 1477 4172 filiali

348 4265 354 4279 .
372 4265 378 4278 .
395 4234 453 4296 per
468 4213 576 4278 omnia
601 4233 708 4277 coram
723 4213 792 4295 ipso
812 4213 953 4296 capitulo
970 4211 1183 4277 reddidisset.
1200 4262 1207 4276 .
1223 4213 1407 4296 expeditos3
1430 4215 1477 4278 in·
1563 4259 1564 4312 l

347 4342 445 4404 super
461 4320 657 4404 obligassent
673 4341 707 4385 se
726 4319 804 4386 dicti
818 4321 876 4385 filii
887 4319 1045 4404 Stephani
1055 4319 1114 4384 filii
1124 4319 1233 4385 Tekus
1244 4320 1478 4405 ethachynus

347 4447 380 4490 se
405 4448 443 4491 ac
468 4425 585 4493 fratres
600 4448 673 4492 suos
702 4476 732 4492 ..
763 4427 925 4511 prefatam
955 4427 1094 4492 nobilem
1126 4426 1287 4492 dominam
1314 4433 1347 4492 et
1371 4427 1474 4511 ipsius

348 4534 482 4598 heredes
499 4584 506 4598 .
523 4585 529 4598 .
546 4535 750 4600 ab‘omnibus
767 4536 895 4600 racione
911 4536 1146 4618 possessionum
1163 4535 1381 4618 predictarum
1397 4542 1477 4600 tem-
1562 4571 1563 4590 κ

349 4641 436 4726 poris
453 4642 484 4705 in
496 4663 644 4725 processu
662 4643 816 4725 impetere
833 4643 1007 4708 nitentibus
1024 4641 1192 4706 rlescudere
1210 4692 1233 4707 ..
1251 4649 1284 4707 et
1300 4643 1332 4708 in
1343 4643 1477 4726 pracifica
