3180 5466
717 575 895 621 nssouuoar
912 563 1114 618 onninrrlu.

878 866 951 926 326.

353 1021 447 1084 1351.
459 1022 568 1101 Burin,
579 1021 643 1083 dec.
654 1023 684 1085 6.
703 1021 728 1084 I.
742 1019 843 1106 Lojos
853 1021 965 1106 kirtly
976 1021 1046 1085 elon
1058 1023 1219 1109 illeyppesi
1230 1023 1355 1086 Moricz
1365 1024 1471 1106 lediipo

352 1127 451 1193 Antio
468 1131 606 1192 Bo‘thori
624 1129 791 1208 Laziane,
808 1130 958 1200 clisrncra',
976 1131 1057 1216 kopp
1074 1137 1103 1192 ot
1112 1130 1213 1209 five're
1232 1130 1359 1210 Simon,
1377 1153 1476 1216 pozio-

353 1246 410 1326 nyi
424 1246 518 1326 pyliri
543 1244 573 1302 ds
598 1240 740 1325 balaonpi
764 1244 873 1325 lapda,
899 1241 1010 1325 lerinpi
1035 1241 1153 1326 napped
1178 1243 1370 1326 illetdse'pere
1396 1244 1474 1302 ndzre

352 1347 485 1433 Somlyo'
498 1348 650 1411 odrdnulc
666 1372 687 1410 a
705 1347 963 1432 Krusznofolyo'
992 1349 1139 1412 melleus
1167 1373 1206 1412 az
1222 1350 1304 1412 uhoz
1320 1349 1439 1412 tri-rtozri
1452 1357 1476 1408 ga

344 1456 506 1540 ,fatuo-ut,
523 1458 683 1521 oolavrrint
708 1457 907 1520 itlitloslata
935 1465 1014 1518 riceii
1038 1457 1212 1521 tirrotaenak
1230 1459 1410 1542 Erde'lyhen
1429 1455 1477 1517 Fe·

352 1567 409 1626 ᾗόν·
435 1567 600 1650 mcpydben
628 1589 649 1626 o
670 1564 784 1628 Muros·
801 1563 899 1648 'folpti
923 1567 1048 1644 melleo,
1079 1567 1275 1630 dtado'sn'uol
1292 1567 1475 1650 letalesqttou.

461 1725 530 1791 Nos
547 1725 725 1791 Lodovicus
743 1725 793 1789 dei
811 1727 920 1809 gracia
941 1747 998 1789 rex
1023 1727 1194 1810 Hungarie
1211 1778 1216 1790 .
1234 1779 1240 1792 .
1266 1725 1476 1808 significamus

353 1835 488 1918 ..quod
511 1835 589 1900 viris
614 1833 773 1898 nobilibus
790 1833 953 1916 magistris
979 1835 1133 1900 Ladislao
1150 1833 1215 1899 filio
1240 1833 1403 1900 Johannis
1427 1833 1476 1896 lilii

354 1942 475 2007 Briccii
491 1941 530 2005 de
546 1943 654 2006 Batur
670 1963 743 2006 cum
759 1941 990 2006 sufficientibus
1016 1943 1151 2026 capituli
1169 1943 1396 2008 Waradiensis
1411 1961 1478 2024 pro·

355 2049 526 2117 curatoriis
542 2049 645 2114 literis
661 2069 720 2131 pro
737 2048 834 2112 nobili
862 2049 992 2114 domina
1008 2049 1106 2114 Anna
1133 2059 1248 2116 vocata
1264 2055 1412 2115 conserte
1427 2069 1479 2112 sua

353 2157 422 2222 filia
438 2157 587 2222 videlicet
603 2157 751 2238 magistri
768 2156 922 2222 Mauricii
947 2158 986 2221 de
1013 2158 1148 2242 Medyes
1164 2159 1206 2222 ab
1222 2181 1296 2236 una,
1313 2166 1347 2222 et
1362 2157 1478 2239 magni·
1573 2211 1574 2218 ,

354 2266 413 2330 fico
429 2266 496 2330 vire
513 2262 643 2329 Simone
659 2263 725 2327 filio
742 2264 884 2328 eiusdem
911 2264 1063 2330 Mauricii
1084 2265 1185 2329 fratre
1201 2265 1286 2330 dicte
1301 2264 1416 2329 nobilis
1431 2264 1478 2326 do·

354 2375 438 2439 mine
455 2374 591 2449 uterino,
616 2372 811 2436 Posoniense
836 2371 1010 2437 Jauriense
1036 2379 1069 2437 et
1094 2373 1297 2438 Bokoniense
1323 2373 1436 2437 comite
1450 2420 1477 2434 ..

355 2487 448 2566 parte
464 2480 505 2546 ab
521 2479 634 2558 altera,
651 2501 758 2544 coram
775 2479 866 2544 nobis
892 2481 1105 2564 personaliter
1130 2483 1325 2560 constitutis,
1341 2479 1479 2564 proposi·

354 2597 424 2654 tum
442 2641 447 2653 .
466 2640 471 2653 .
496 2588 622 2652 exstitit
637 2607 696 2670 per
711 2587 846 2665 eosdem,
864 2587 949 2669 quod
974 2588 1006 2652 in
1032 2609 1137 2670 causa,
1154 2611 1251 2672 quam
1268 2590 1381 2654 eadem
1397 2588 1479 2652 nobi-

354 2697 394 2761 lis
420 2697 550 2762 domina
574 2695 675 2762 Anna
699 2697 828 2761 racione
853 2703 969 2780 quarte
986 2697 1094 2762 filialis
1123 2704 1155 2762 et
1181 2700 1323 2764 omnium
1356 2719 1478 2764 suorum

354 2805 473 2869 iurium
488 2806 521 2868 in
537 2804 792 2888 possessionibus
812 2804 937 2868 aviticis
962 2806 1115 2887 paternis,
1132 2827 1170 2870 ac
1186 2827 1243 2888 per
1259 2806 1401 2871 nobilem
1423 2806 1474 2868 do·

356 2913 478 2978 minam
494 2912 571 2978 olim
587 2919 766 2978 consortem
782 2912 944 2996 magnifici
960 2913 1018 2978 viri
1035 2913 1164 2978 Nicolai
1181 2914 1310 2978 veivode
1325 2913 1480 2978 Transsil·

359 3023 432 3087 vani
454 3043 547 3087 avum
559 3028 590 3085 et
609 3043 702 3086 avam
712 3021 895 3086 eorumdem
913 3023 992 3104 ipsis
1002 3023 1071 3086 iure
1081 3023 1227 3086 naturali
1237 3021 1390 3106 geneloye
1406 3018 1479 3104 (igr)

361 3151 417 3194 seu
443 3131 581 3214 cuiusvis
598 3131 693 3195 titulo
724 3131 861 3194 iuridico
886 3131 1044 3197 devolutis
1070 3131 1337 3214 contingencium,
1362 3133 1395 3195 in
1418 3151 1480 3215 pre·
1572 3133 1573 3138 ’

358 3239 465 3303 sancia
482 3287 513 3302 ..
537 3238 660 3305 Thome
685 3238 800 3302 iudicis
826 3238 912 3302 curie
939 3245 1046 3303 nostre
1071 3245 1104 3303 et
1135 3241 1258 3304 comitis
1291 3240 1331 3304 de
1357 3238 1480 3304 Turuch
1572 3265 1573 3286 i

355 3366 481 3412 movere
497 3347 695 3421 intendisset,
712 3352 745 3410 et
760 3345 962 3428 aliquamdiu
988 3347 1074 3411 inter
1097 3347 1184 3429 ipsos
1200 3348 1359 3413 ventilata
1375 3345 1481 3430 perdn·
1572 3333 1573 3382 3

341 3449 467 3532 resset,
478 3453 608 3520 tandem
620 3462 734 3532 tamen,
745 3461 782 3518 ut
791 3455 954 3520 commode
966 3461 997 3519 et
1007 3454 1157 3538 deinceps
1169 3457 1270 3520 omnis
1281 3455 1478 3521 discolosita·

355 3562 397 3626 tis
413 3563 481 3627 litis
506 3569 540 3626 et
564 3564 702 3628 materia
728 3564 906 3646 questionis
921 3563 959 3627 de
985 3564 1089 3628 medio
1120 3563 1307 3630 eorumdem
1332 3563 1479 3630 radicitus

358 3670 556 3748 evelleretur,
581 3671 780 3754 pulchreque
800 3672 886 3754 pacis
904 3671 1072 3736 concordie
1087 3671 1281 3738 inviolabilis
1307 3677 1480 3755 perseveret

355 3777 440 3842 inter
470 3778 556 3861 ipsos
581 3779 760 3860 integritas,
786 3780 974 3862 pariterque
995 3779 1170 3862 plenitudo,
1195 3803 1235 3845 ex
1260 3787 1370 3845 nostre
1396 3781 1476 3861 regie

355 3885 536 3950 maiestatis
552 3885 755 3969 beneplacito
772 3893 804 3950 et
820 3908 985 3966 consensu,
1010 3887 1234 3952 ordinantibus
1251 3895 1283 3952 et
1300 3909 1480 3972 componen·

357 3993 443 4058 tibus
461 4041 490 4056 ..
516 3993 651 4058 Nicolao
669 3993 892 4076 Strigoniensi,
918 3995 1066 4060 Dionisio
1092 3997 1259 4063 Colocensi
1276 3997 1481 4080 archiepisco

355 4102 414 4185 pis,
430 4099 566 4166 Nicolao
591 4101 745 4186 Agriensi
772 4108 804 4167 et
828 4101 996 4168 Demetrio
1014 4103 1221 4171 Waradiensi
1248 4105 1361 4169 eadem
1378 4105 1481 4188 gracia
1571 4137 1572 4166 ;

356 4211 564 4278 eeclesiarum
580 4213 714 4296 prelatis
731 4265 762 4279 ..
787 4211 922 4278 Nicolao
939 4212 1005 4278 filio
1031 4211 1156 4298 Gyleny
1182 4211 1262 4297 (igy)
1286 4213 1432 4297 palatino
1454 4221 1483 4274 et

355 4319 461 4384 iudice
486 4340 701 4402 comanorum,
727 4317 892 4403 Stephano
918 4320 1001 4385 bano
1027 4321 1130 4386 tocius
1156 4320 1335 4400 Sclavenie,
1351 4319 1482 4386 Nicolso

356 4427 471 4493 Konth
505 4429 638 4494 voivoda
669 4428 897 4494 Transsilvano
929 4435 961 4493 et
995 4431 1110 4494 comite
1142 4429 1181 4494 de
1212 4429 1339 4498 Zonulr.
1370 4429 1482 4495 comite

357 4536 483 4602 Thema
498 4536 603 4602 iudice
620 4537 707 4602 curie
723 4543 831 4601 nostre
847 4536 1000 4619 predicte,
1011 4557 1049 4601 ac
1058 4535 1199 4602 Oliverio
1209 4539 1366 4620 magistro
1383 4545 1482 4602 tavar-

357 4644 501 4709 nieornm
517 4653 710 4722 nostrorum,
735 4645 776 4710 ad
806 4643 904 4709 talem
932 4645 1020 4728 pacis
1046 4651 1079 4709 et
1104 4645 1270 4710 concordie
1286 4645 1484 4710 devenissent

358 4753 507 4817 unionem
534 4754 717 4836 perenniter
742 4753 942 4832 duraturam,
969 4753 1054 4836 quod
1080 4753 1190 4818 eadem
1215 4753 1332 4818 nobilis
1358 4753 1483 4818 domina
