3188 5470
522 515 616 578 1349.
633 518 704 576 uia.
723 517 773 578 23.
1153 517 1216 578 283

95 696 284 779 peremtorie
299 694 494 781 respondere
511 695 681 773 tenebitur,
708 699 795 760 statu
811 695 844 758 iu
861 695 964 760 forma
979 695 1148 758 literarum
1166 693 1220 758 do·

94 805 170 869 mini
186 805 282 870 Pauli
301 804 475 870 sacerdotis
492 799 634 890 fractoris
666 805 798 870 ecclesie
814 804 853 869 de
870 802 970 888 Mohy
994 802 1222 869 vicearchidia-

94 913 161 977 coni
179 914 282 978 nostri
299 935 429 996 presens
447 913 614 997 negocium
638 919 791 996 tangente
815 918 1035 996 permanente.
1052 911 1219 978 Commisi-

94 1043 162 1086 mus
187 1021 299 1095 eciam,
324 1029 361 1088 ut
385 1021 548 1106 pretaxati
572 1021 689 1088 Donch
720 1029 752 1087 et
782 1021 927 1087 Jacobus
958 1042 1060 1105 super·
1080 1022 1220 1102 quodum

94 1127 189 1214 simp(
191 1181 342 1197 .......
344 1127 357 1214 )
374 1130 492 1197 iudicio
512 1136 587 1196 ante
612 1132 851 1215 responsionem
866 1130 1010 1214 ipsorum
1026 1135 1058 1195 et
1073 1129 1221 1212 partibus

95 1238 234 1304 adversis
251 1239 439 1305 satisfacere
455 1245 626 1306 teneantur
642 1239 676 1303 in
693 1238 813 1304 octavis
832 1237 1072 1323 prenominatis,
1087 1237 1115 1303 si
1131 1258 1221 1302 secus

95 1346 107 1431 (
109 1397 257 1412 .......
260 1345 275 1432 )
296 1347 430 1431 duplum
455 1349 651 1414 incursurus.
677 1347 802 1412 Datum
817 1343 929 1430 Agris,
954 1346 988 1412 in
1013 1346 1124 1430 vigilia
1148 1347 1221 1412 festi

94 1455 301 1523 Ascensionis
317 1457 448 1534 domini,
461 1475 545 1520 anno
562 1454 703 1520 eiusdem
720 1455 772 1520 Μο
796 1452 894 1522 0000
917 1453 1023 1519 XL¹¹²⁰
1040 1473 1130 1518 nono.

198 1600 329 1663 Papiron,
344 1601 470 1650 ztrlatan
484 1600 575 1664 peccet
588 1599 791 1664 tbredekeivel;
805 1597 936 1661 eredetije
949 1613 981 1649 aa
996 1614 1064 1649 orsz.
1076 1600 1107 1650 lt.
1121 1599 1221 1651 kinost.

93 1695 157 1740 oszt
170 1691 205 1739 N.
218 1692 252 1742 R.
267 1690 300 1740 A.
317 1695 393 1742 153⁷.
408 1696 449 1741 27.
464 1689 531 1755 dipl.
545 1695 612 1741 oszt.
627 1695 705 1740 4045.
726 1688 826 1740 Kozli:
849 1689 958 1738 Kovaios
971 1689 1005 1739 ll.

575 1872 735 1880 ——-——

618 2019 691 2082 150.

95 2161 187 2224 1349.
206 2160 315 2240 Bada,
332 2163 408 2246 νῆά).
434 2163 486 2225 23.
513 2161 659 2225 Erzocbet
683 2161 791 2248 kirtly
822 2160 964 2228 Caetnclci
989 2162 1081 2228 Pe'ter
1106 2164 1222 2247 schesi

92 2267 336 2354 oludrnoqynalc
352 2268 634 2355 mepporoucsoljo,
654 2269 764 2356 boppo
775 2269 913 2334 dracchi
928 2270 1220 2355 kereeztceeloprae·

93 2376 259 2460 ceptordlo'l
290 2377 378 2442 eloctt
408 2377 459 2442 aa
490 2377 573 2443 levat
598 2379 628 2440 a
653 2378 811 2466 trapam
842 2379 921 2464 ddja
953 2380 1067 2457 'cissam
1084 2399 1098 2440 s
1114 2377 1222 2442 aurat

320 2484 516 2574 jobbctyyoiu
524 2489 636 2569 jo'vb'rc
652 2509 688 2549 oe
704 2485 984 2571 liutolmoslcodjdlc.

196 2648 345 2713 Elisabet
361 2698 367 2711 .
384 2700 390 2712 .
407 2647 521 2732 regina
537 2698 543 2715 .
561 2700 567 2713 .
583 2647 670 2712 fideli
695 2669 753 2713 suo
768 2647 867 2714 Petro
892 2648 931 2713 de
957 2646 1111 2714 Ohutnulr
1139 2648 1219 2712 vice-

94 2755 267 2822 castellano
292 2757 332 2822 de
358 2755 478 2840 Scepus
510 2758 648 2823 salutem
674 2763 706 2822 et
730 2759 881 2840 greciam.
915 2755 1046 2822 Dicitur·
1070 2755 1162 2820 uobis
1187 2757 1220 2819 in

93 2885 226 2946 persona
242 2865 384 2948 religiosi
400 2865 460 2930 viri
477 2863 587 2930 fratris
603 2863 754 2948 Hugonis
779 2865 974 2949 preceptoris
991 2864 1103 2929 domus
1120 2863 1220 2929 cruci·

92 2971 231 3038 ferorum
257 2972 297 3037 de
323 2971 468 3050 Drauch,
494 2972 581 3053 quod
605 2977 642 3036 tu
667 2971 708 3036 ab
733 2973 803 3056 ipso
827 2971 928 3037 fratre
953 2971 1094 3054 Hugone
1120 2993 1220 3036 unum

93 3099 209 3160 equum
226 3083 260 3144 et
276 3079 414 3145 alterum
431 3099 558 3161 equum,
575 3101 613 3144 ac
628 3101 725 3144 unam
742 3101 884 3144 marcam
910 3086 942 3144 et
966 3078 1107 3144 medium
1123 3079 1220 3144 ferto·

93 3209 160 3252 nem
180 3209 367 3272 grossorum
383 3210 403 3253 a
420 3189 560 3272 quodam
585 3188 753 3272 iobagione
778 3188 920 3253 eiusdem
945 3187 1086 3252 indebite
1112 3187 1220 3253 abstu-

90 3295 188 3378 lisses,
205 3303 239 3361 et
250 3296 456 3378 quodmaius,
474 3297 589 3362 tamin
606 3295 710 3361 eundo
722 3317 819 3379 quam
828 3295 861 3360 in
872 3295 1034 3360 redeundo
1050 3295 1220 3360 descensus

91 3403 244 3471 violentos
255 3411 291 3470 tu
301 3404 455 3470 etiamuli
466 3405 513 3470 tui
523 3405 851 3488 superiobagionibus
862 3404 929 3469 suis
939 3403 1076 3468 dedicta
1086 3403 1220 3468 Drauch

92 3513 248 3591 laceretis,
258 3513 415 3595 plurimas
427 3513 508 3578 alias
518 3512 654 3578 iniurias
664 3517 697 3576 et
708 3511 826 3577 damna
841 3509 1007 3576 inferendo
1024 3513 1221 3577 incessanter

92 3620 217 3686 eisdem.
234 3619 346 3706 Quare
362 3621 511 3686 fidelitati
536 3627 591 3686 tue
615 3619 752 3686 firmiter
777 3620 818 3685 ad
843 3620 987 3686 districte
1012 3620 1219 3704 precipiendo

91 3728 289 3808 mandamus,
316 3735 475 3810 quatenus
500 3729 661 3812 predictos
687 3748 784 3811 equos
802 3733 834 3792 et
849 3727 915 3793 alia
939 3729 1087 3811 predicta
1108 3729 1220 3794 ablata

92 3837 167 3919 ipsis
183 3835 280 3902 fratri
296 3836 431 3921 Hugoni
447 3835 713 3920 etiobagionibus
728 3835 870 3902 eiusdem
885 3835 1002 3901 reddas
1018 3842 1050 3901 et
1065 3838 1220 3903 restituas

91 3948 122 4009 in
139 3947 245 4030 specie
262 3951 294 4010 et
310 3945 377 4010 sine
404 3944 529 4023 damna,
555 3945 725 4010 descensus
750 3950 859 4010 autem
884 3944 1040 4009 violentos
1065 3943 1170 4010 iacere
1187 3953 1220 4010 et

92 4055 169 4120 alias
184 4054 323 4119 iniurias
339 4059 437 4136 atque
455 4054 573 4118 damna
589 4054 701 4137 aliqua
725 4053 866 4118 indebite
886 4052 1004 4118 inferre
1031 4054 1081 4117 vel
1107 4053 1219 4118 inferri

92 4163 193 4228 lacere
209 4185 274 4229 non
290 4162 407 4228 debeas
429 4163 524 4228 fratri
540 4163 674 4246 Hugoni
691 4162 847 4228 crucifero
864 4167 896 4227 et
912 4161 1135 4245 iobagionibus
1152 4163 1219 4227 suis

94 4271 281 4354 prenotatis
299 4275 332 4336 et
348 4270 445 4348 aliud,
462 4270 545 4336 sicut
569 4271 692 4354 regiam
710 4275 895 4336 etnostram
906 4269 1048 4354 graciam
1059 4267 1219 4335 offendere

92 4378 252 4458 formidas,
269 4399 333 4442 non
348 4377 501 4443 facturus.
526 4378 652 4444 Datum
679 4377 781 4456 Bude,
806 4377 888 4442 feria
914 4376 1054 4442 secunda
1070 4377 1219 4461 proxima

92 4494 162 4570 post
177 4487 371 4552 dominicam
398 4486 527 4565 Latere,
552 4507 637 4552 auno
653 4487 773 4552 domini
799 4486 851 4552 M⁰
875 4484 973 4553 0000
998 4485 1102 4551 xum
1127 4508 1219 4552 nono.

92 4594 248 4662 Volumus
265 4596 376 4672 eciam,
402 4596 489 4678 quod
505 4596 544 4661 de
561 4595 679 4662 iudicio
695 4595 839 4681 ipsorum
864 4602 896 4661 te
923 4595 1139 4661 intromittere
1155 4617 1219 4662 non

94 4702 214 4782 debeas,
231 4704 389 4787 quianon
406 4703 573 4771 subiacent
588 4709 645 4770 tuo
660 4704 786 4770 iudicio
804 4703 928 4769 Datum
945 4709 983 4768 ut
998 4719 1105 4792 supra.
