3180 5470
337 474 400 537 368
687 494 873 542 nnsouuoar
890 486 1104 544 enutriris.

443 657 527 707 Garsi
540 657 643 708 Miklds
656 658 801 710 ntdornak
816 665 893 711 1414.
907 666 976 724 sept.
990 662 1072 713 5-ken
1092 663 1152 712 kelt
1165 661 1316 726 iteletebol,
1339 662 1471 724 melynek

335 747 466 811 credetije
497 762 614 812 megven
636 764 668 798 az
697 764 766 800 oron.
792 752 823 800 lt.
847 752 946 801 kinost.
970 761 1038 801 oszt.
1060 754 1093 802 N.
1117 753 1151 802 R.
1175 754 1208 802 A.
1234 758 1309 804 1547.
1337 759 1379 802 21.
1402 750 1471 813 dipl.

336 842 404 894 oozt.
415 842 494 886 4121.
508 839 607 889 szli:
627 839 736 890 Kovnes
748 843 782 891 N.

865 1151 938 1213 218.

341 1308 434 1372 1350.
453 1307 560 1388 Bada,
576 1332 647 1396 apr.
667 1311 716 1373 19.
733 1305 856 1388 Istodn,
890 1310 919 1372 Τ
914 1310 978 1373 dtb-
995 1309 1153 1374 Horodtb·
1179 1273 1468 1393 esDalmcrorsch

336 1416 484 1502 terczeye,
502 1415 568 1479 Kc'r
584 1419 615 1480 ts
631 1414 718 1480 Atdd
732 1425 812 1480 accit
828 1415 961 1503 Somoqp
982 1419 1161 1504 odrmegyci
1184 1417 1361 1482 dirtokokat
1383 1419 1468 1480 [mre

660 1527 690 1587 c'a
714 1525 801 1588 Mtte
809 1523 938 1606 finiant
954 1525 1145 1610 ciaszaadjo.

445 1685 514 1750 Nos
531 1683 717 1769 Stephanus
743 1687 794 1750 dei
821 1687 931 1770 gracia
956 1689 1060 1752 tocius
1087 1687 1255 1752 Sclavenie
1280 1687 1415 1754 Oroacie
1437 1693 1467 1749 et

341 1793 510 1859 Dalmacie
545 1794 618 1876 dux,
645 1794 861 1876 significamus
878 1844 908 1860 ..
933 1796 1020 1878 quod
1045 1797 1122 1880 quia
1148 1797 1180 1860 in
1206 1795 1309 1860 literis
1342 1795 1467 1878 privile-

338 1902 478 1984 gialibus
496 1955 525 1969 ..
559 1903 677 1968 Karoli
710 1904 872 1987 quondam
890 1955 920 1968 ..
961 1906 1093 1987 regis..
1134 1912 1166 1969 et
1201 1905 1303 1969 eciam
1330 1906 1364 1968 in
1396 1903 1466 1968 aliis

335 2011 559 2076 instrumentis
576 2010 758 2076 literalibus
775 2011 1006 2078 efficacissimis
1023 2015 1206 2096 expressius
1217 2013 1354 2077 vidimus
1371 2011 1467 2078 conti-

337 2120 415 2196 neri,
432 2127 469 2184 ut
488 2119 704 2201 possessiones
721 2119 811 2184 Keer
834 2127 866 2186 et
882 2119 994 2185 Ataad
1010 2127 1122 2186 vocate
1145 2122 1179 2184 in
1204 2122 1360 2186 comitatu
1377 2118 1466 2186 Simi-

338 2227 440 2307 giensi
466 2227 648 2303 existentes,
668 2247 730 2308 que
756 2227 922 2308 hucusque
939 2228 1026 2310 apud
1046 2250 1160 2292 manus
1185 2235 1315 2292 nostras
1340 2227 1467 2292 ducales

336 2333 475 2414 fuerunt,
493 2333 516 2397 J
520 2333 619 2398 ecobo
634 2333 702 2398 filio
721 2335 858 2414 Berkus,
874 2336 1023 2400 Dionisio
1041 2336 1107 2400 filio
1124 2337 1277 2412 Emerici‚
1293 2341 1325 2399 et
1344 2335 1467 2400 Jacobs

334 2439 401 2504 filio
417 2439 516 2524 Myle
532 2442 602 2505 iure
628 2442 825 2508 hereditario
850 2445 1058 2526 pertinerent,
1083 2443 1154 2508 ideo
1180 2465 1238 2507 nos
1262 2442 1302 2507 de
1329 2443 1466 2524 benigni-

336 2553 404 2612 tate
421 2555 452 2612 et
469 2547 663 2613 liberalitate
684 2548 799 2627 ducali,
819 2550 937 2614 eisdem
955 2557 987 2614 et
1003 2571 1060 2632 per
1085 2571 1137 2615 eos
1157 2549 1331 2614 heredibus
1355 2551 1418 2614 suis
1436 2598 1466 2612 ..

336 2655 529 2720 auctoritate
544 2657 748 2737 presencium
763 2658 965 2722 restituimus
982 2665 1014 2720 et
1029 2658 1262 2741 resignavimus
1288 2656 1381 2739 pleno
1396 2658 1466 2720 iure

335 2785 407 2827 cum
425 2763 574 2828 omnibus
589 2763 786 2828 utilitatibus
807 2765 991 2830 earumdem
1009 2772 1041 2829 et
1066 2766 1275 2849 pertinenciis
1294 2765 1467 2844 universis3

334 2872 560 2954 promittentes
576 2878 612 2936 ut
623 2873 861 2957 quamprimum
877 2881 1042 2957 presentes
1055 2872 1145 2937 nobis
1161 2874 1282 2938 fuerint
1297 2879 1468 2957 reportate,

334 2981 367 3043 in
392 2979 527 3044 formam
554 2981 655 3044 nostri
680 2981 839 3064 privilegii
865 2982 995 3046 easdem
1020 2982 1123 3065 redigi
1149 2982 1313 3047 faciemus.
1344 2981 1465 3045 Datum

334 3089 436 3167 Bada,
453 3089 533 3152 feria
550 3091 690 3154 secunda
706 3091 852 3174 proxima
878 3098 953 3156 ante
979 3091 1096 3156 festum
1114 3090 1217 3156 sancti
1234 3087 1368 3173 Georgii
1385 3111 1467 3153 mar·

336 3199 416 3278 ciris,
433 3219 518 3263 anno
534 3199 654 3264 domini
671 3199 844 3264 Millesimo
871 3197 968 3268 000⁰
997 3201 1275 3283 quinquagesimo.

442 3395 593 3460 Hatlapjtn
604 3399 731 3462 nagyobb
742 3401 825 3448 alakir
837 3400 928 3462 peccet
938 3401 1108 3464 nyomaival,
1118 3401 1209 3448 alatta
1219 3415 1236 3448 e
1244 3399 1362 3449 saavek:
1378 3412 1466 3448 »com-

334 3485 427 3534 missio
449 3484 555 3534 domini
568 3486 645 3536 dacis
670 3488 790 3550 propria,
813 3493 841 3536 et
854 3489 955 3537 relacio
978 3490 1059 3538 Pauli
1085 3487 1153 3538 dicti
1180 3489 1300 3538 Touth.‹
1330 3487 1467 3550 Eredetije
1576 3495 1577 3552 ζ

336 3577 447 3642 Vargha
461 3577 620 3626 Martonnrtl
635 3579 828 3640 Kaposvarott.

819 3757 978 3766 .--·-——-—--.

855 3905 929 3966 219.

336 4061 430 4123 1350.
450 4059 582 4144 Ha'docfg,
599 4082 668 4144 apr.
695 4061 746 4123 21.
771 4061 855 4126 Hont
880 4069 1044 4150 edronegye
1069 4066 1199 4151 iepdaja
1224 4065 1255 4127 e's
1281 4063 1469 4150 szolgobirdr'

333 4167 405 4230 etro
421 4167 504 4230 Beda
512 4168 563 4248 fia
581 4165 682 4245 Pe'tcr,
700 4167 888 4234 bittokdaak
904 4171 1137 4256 elfoplaldadto'l
1159 4173 1283 4236 Tcazdra'
1306 4173 1418 4237 Jdaosr
1437 4177 1469 4236 o's

784 4282 897 4344 tctrsoit
914 4280 1008 4364 tittja.

440 4435 509 4501 Nos
524 4437 678 4519 magister
693 4438 882 4505 Dominicus
897 4441 983 4507 filius
998 4444 1135 4527 palatini
1161 4463 1269 4508 comes
1286 4443 1470 4508 Huntensis

333 4551 365 4607 et
391 4543 509 4607 iudices
535 4545 691 4610 nobilium
715 4547 855 4611 eiusdem
882 4550 1052 4616 comitatus
1078 4551 1192 4616 damus
1218 4573 1279 4634 pro
1304 4552 1470 4626 memoria,

333 4647 417 4730 quod
444 4649 562 4712 Petrus
587 4649 671 4712 tilius
697 4652 785 4714 Bode
811 4654 851 4716 ad
876 4662 1018 4720 nostram
1044 4658 1226 4722 accedendo
1258 4659 1471 4742 presenciam,
