3180 5470
573 486 668 548 1351.
684 507 754 548 aaa.
773 489 800 548 3.
1179 493 1245 554 439

641 669 715 730 273.

115 781 208 844 1351.
225 789 317 844 mort.
333 779 387 843 30.
413 777 460 844 Az
487 779 608 866 erdilyi
631 781 786 866 kdptalon
810 783 880 848 etto
897 785 1078 872 Pe'lerfclvi
1094 787 1185 851 Peter
1195 787 1248 870 fia

110 887 212 952 Jonas
228 887 294 970 fiai
319 886 510 952 riliakozuak
536 875 574 952 aa·
600 889 689 969 elien,
705 891 787 976 hopy
813 889 918 956 Laczk
937 906 1057 974 incaler,
1088 895 1247 980 azelcelyck

112 995 172 1058 volt
196 998 327 1082 mpdajo
353 994 537 1081 Peterfalra
572 1006 652 1060 nevo
687 997 881 1080 birtclrukal,
911 1003 975 1088 rne'p
1006 1003 1107 1067 clrlror
1138 1003 1246 1069 rraidlin

112 1105 137 1168 I.
155 1103 279 1190 Kciroly
304 1103 413 1190 kirrily
438 1105 591 1189 acceperet
616 1105 867 1191 Haooaolfo'ldre
894 1120 987 1190 ment,
1014 1111 1189 1198 elfoplolto,
1214 1114 1244 1176 e'a

468 1217 557 1278 azoto
565 1213 693 1301 folyloo
710 1215 885 1302 birtokoljc.

217 1338 286 1404 Nos
314 1339 492 1424 capitulum
518 1341 650 1406 ecclesie
675 1340 904 1408 Transsilvane
921 1345 1035 1410 damus
1051 1367 1109 1428 pro
1125 1367 1244 1412 memo·

107 1449 166 1528 ria,
183 1449 270 1532 quod
293 1447 416 1513 nobiles
433 1448 491 1512 viri
508 1447 682 1514 Ladislaus
699 1456 732 1514 et
747 1450 891 1516 Michael
916 1451 975 1515 filii
1000 1451 1026 1517 J
1027 1453 1164 1519 ohannis
1181 1453 1241 1520 filii

107 1557 199 1622 Petri
216 1559 255 1623 de
273 1555 461 1622 Peturfolva
477 1578 535 1639 pro
561 1577 594 1622 se
620 1579 659 1623 uc
683 1557 784 1623 Petro
809 1558 909 1623 fratre
935 1580 1054 1638 eorum,
1071 1563 1112 1626 ad
1140 1565 1244 1627 nostri

106 1666 295 1730 accedentes
312 1665 520 1748 presenciam,
541 1665 632 1730 nobis
648 1665 801 1731 dixerunt
826 1669 1044 1750 protestanda
1061 1672 1146 1752 quod
1163 1671 1242 1754 ipsis

106 1778 137 1840 in
163 1777 283 1860 puerili
316 1781 402 1840 etate
434 1773 656 1852 existentibus,
682 1795 720 1840 eo
746 1783 889 1861 tempore
915 1799 979 1858 quo
1010 1777 1158 1843 dominus
1183 1801 1241 1842 rex

105 1883 253 1948 Karolus
279 1883 331 1966 pie
356 1882 594 1947 recordacionis
619 1885 660 1947 aul
687 1889 795 1965 partes
826 1882 1059 1966 Transalpinas
1085 1903 1156 1948 cum
1184 1905 1242 1950 suo

104 1991 209 2056 iverat
225 1991 377 2068 exercitu,
390 1989 547 2071 magister
561 1989 651 2054 Lach
668 1995 747 2054 tunc
762 1991 916 2073 temporis
934 2011 1038 2055 comes
1056 1991 1240 2070 siculorum,

103 2099 271 2181 quandam
296 2096 490 2181 particulam
516 2103 600 2160 terre
617 2098 658 2160 ad
675 2097 779 2178 ipsam
804 2099 1036 2180 possessionem
1053 2119 1164 2163 eorum
1182 2098 1243 2163 Pe-

102 2203 246 2270 turlolva
260 2206 483 2287 pertinentem,
499 2226 556 2286 per
572 2203 672 2269 salsas
689 2211 790 2270 metas
811 2205 1034 2287 potencialiter
1051 2213 1240 2289 occupasset

102 2315 145 2378 ad
172 2313 405 2396 possessionem
434 2312 541 2376 Yclorl
567 2311 780 2394 applicand03
805 2334 903 2395 quam
934 2313 1128 2396 particulam
1155 2321 1241 2378 terre

102 2442 189 2486 nunc
210 2421 313 2486 Paulo
332 2421 417 2486 dicto
434 2418 586 2483 Wakuch
612 2419 732 2484 famulo
751 2441 808 2486 suo
833 2420 1029 2502 contulisset,
1046 2421 1078 2484 in
1097 2421 1239 2505 preiudi-

101 2532 191 2595 cium
206 2531 352 2612 ipsorum
369 2534 401 2592 et
417 2547 608 2610 gravarnen3
625 2529 708 2592 unde
725 2527 870 2593 faciendo
886 2529 1149 2611 protestacicnes‚
1166 2551 1237 2612 pro-

100 2637 213 2704 hibuit
228 2637 365 2702 cundem
381 2636 573 2718 magistrum
583 2636 673 2701 Lach
691 2635 732 2700 ab
748 2637 960 2720 occupacicne
977 2643 1009 2700 et
1024 2657 1044 2701 a
1062 2636 1237 2702 collacione

100 2747 207 2830 ipsius
233 2741 391 2829 particule
417 2749 567 2820 terreae
590 2742 731 2808 Paulum
756 2743 879 2808 dictum
905 2742 1063 2810 Wakuch
1089 2743 1239 2809 similiter

99 2854 142 2919 ab
168 2853 383 2936 occupacione
399 2857 431 2916 et
447 2852 631 2916 retencione
647 2873 686 2916 uc
702 2851 743 2916 ab
765 2850 912 2917 ulteriori
937 2873 998 2918 usu
1024 2851 1188 2918 fructuum
1206 2859 1239 2918 et

100 2959 327 3043 quarumlibet
344 2959 523 3025 utilitatum
540 2960 691 3036 eiusdem,
711 2961 894 3024 testimonio
910 2961 1111 3043 presencium
1130 2982 1239 3026 coram

98 3070 196 3137 nobis
214 3118 221 3132 .
239 3119 244 3132 .
276 3069 402 3134 Datum
417 3067 451 3130 in
468 3065 589 3131 octavis
620 3066 716 3130 medii
734 3063 998 3150 Quadragesime,
1015 3089 1099 3140 anno
1114 3067 1235 3134 domini

98 3179 154 3242 M⁰
166 3174 290 3244 CCC¹1²⁰
300 3175 368 3241 Ιι1110
383 3175 497 3259 primo.

210 3293 345 3344 Zeis-latam
367 3289 459 3356 pecset
482 3291 661 3356 nyomaiva13
684 3290 815 3355 credetije
851 3307 883 3341 az
907 3307 975 3343 orsz.
998 3294 1030 3342 lt.
1052 3293 1151 3344 kinost.
1170 3298 1237 3344 osat.

96 3389 168 3450 dipl.
183 3392 252 3437 caat.
267 3389 364 3436 29686.
385 3384 485 3434 Kczli:
499 3381 609 3432 Koraos
622 3383 656 3433 N.

611 3491 670 3499 ---
701 3489 753 3497 ...--..

633 3566 707 3628 274.

99 3685 199 3748 1351.
217 3682 324 3764 Bada,
341 3705 411 3768 apr.
427 3684 458 3744 3.
484 3681 601 3746 Tumda
617 3678 798 3764 orszcipbr'ro'
812 3681 911 3743 tielete
927 3705 947 3744 a
966 3681 1093 3766 dera'b
1109 3683 1140 3745 ea
1156 3681 1237 3745 Kor-

89 3798 158 3880 pcio
177 3791 397 3877 nomaetaipbtl
411 3790 484 3856 colo
499 3789 609 3854 Dricca
616 3789 666 3870 fia
689 3787 914 3853 Domolroauolc
932 3789 1058 3854 Matala·
1073 3789 1176 3854 Jdooa
1183 3789 1235 3870 fia

94 3906 127 3966 ἐκ
147 3901 318 3986 Harepaui
343 3899 488 3963 Herbord
502 3899 555 3977 fla
576 3898 664 3977 clleo,
692 3898 815 3962 Recito
832 3899 925 3962 Keaai
938 3901 969 3962 e'a
985 3899 1140 3984 Harepan
1156 3905 1236 3962 nevi

228 4007 347 4075 Gomor
362 4009 541 4094 ocirmepyer‘
557 4007 699 4072 birtoleok
714 4009 802 4071 ircim
809 4006 975 4094 solytalolt
984 4007 1126 4094 portien.

209 4135 280 4202 Nos
298 4126 439 4202 Thomas
455 4135 552 4200 iudex
571 4135 677 4201 curie.
701 4185 707 4198 .
733 4131 967 4217 significamus.
989 4183 996 4198 .
1022 4134 1108 4217 quod
1124 4133 1236 4199 Domi-

93 4250 192 4314 uicus
225 4245 310 4311 filius
341 4243 458 4310 Donoh
489 4245 580 4308 iuxta
612 4243 846 4308 continenciam
885 4244 1029 4325 priorum
1060 4243 1235 4308 literarum

93 4361 296 4432 nostrarum,
318 4354 351 4417 in
376 4374 461 4417 anno
487 4349 570 4437 (igy)
598 4351 672 4417 festi
693 4350 846 4418 Omnium
873 4349 1066 4418 Sanctorum
1091 4352 1124 4417 in
1151 4373 1236 4417 anno

92 4463 222 4530 domini
255 4461 330 4526 M¹¹¹‘¹
364 4459 484 4528 CCC¹¹¹⁰
517 4459 783 4544 quinquagesimo
812 4459 975 4542 preteritis
1005 4457 1235 4542 confectarum,

92 4579 214 4638 contra
239 4569 473 4638 Nicolaum.et
497 4567 676 4652 Georgium
702 4568 784 4634 filios
803 4569 965 4634 Johannis
991 4569 1030 4633 de
1056 4568 1171 4636 Malah
1197 4591 1235 4634 uc

93 4683 254 4748 Cozmam
282 4677 380 4742 lilium
402 4677 567 4744 Herbouli
595 4678 633 4742 dc
650 4677 802 4761 Haripau
819 4677 851 4740 iu
869 4678 969 4744 nostri
995 4676 1105 4742 iudicii
1130 4676 1235 4761 figura
