3192 5466
534 421 628 484 1348.
647 439 735 482 surr.
754 425 805 484 20.
1166 423 1228 483 231

104 601 156 674 tes,
188 597 279 660 iuxta
305 599 504 679 prolatarum
536 598 705 664 literarum
738 605 921 664 nostrarum
953 598 1094 663 dividere
1126 607 1234 683 presto

102 703 234 770 luissent
257 713 289 769 et
315 707 430 790 parati,
457 713 566 770 tamen
591 708 668 790 qnia
693 707 768 773 talis
800 707 915 772 divisio
932 709 1023 773 iuxta
1046 707 1233 773 earumdem

102 813 267 878 literarum
283 819 467 879 nostrarum
494 815 810 897 composicionelium
827 817 940 881 seriem
957 815 1075 898 fienda,
1101 823 1235 900 propter

101 921 237 1002 quedam
267 922 496 1006 impedimenta
529 922 643 1006 perlici
677 925 874 1004 nequivisset
904 924 988 988 inter
1013 931 1123 1007 partes
1151 925 1234 990 beno

104 1029 204 1106 mode,
234 1030 492 1114 ideoprescripte
509 1036 618 1113 partes
634 1032 830 1114 postergatis
841 1039 873 1096 et
883 1031 1009 1096 omissis
1025 1031 1119 1098 dietis
1131 1033 1234 1098 literis

101 1137 429 1219 composicionalibua
446 1139 479 1202 in
497 1138 566 1221 ipsa
582 1141 783 1222 possessione
800 1138 874 1205 Oud
891 1140 1099 1219 solummodo
1116 1141 1149 1204 in
1167 1152 1233 1224 qua

102 1245 238 1310 eeclesia
254 1245 382 1330 lapidea
397 1247 430 1310 in
447 1246 567 1311 honore
588 1248 692 1312 sancti
708 1248 794 1330 regis
810 1247 957 1313 Ladislai
974 1253 1159 1313 constructa
1176 1248 1231 1312 ha-

103 1355 241 1432 beretur,
260 1360 328 1419 tam
344 1355 377 1418 iu
392 1355 471 1419 locis
497 1355 724 1420 sessionalibus
751 1377 848 1438 quam
875 1356 971 1422 terris
997 1355 1232 1440 campestribus

99 1470 126 1526 et
151 1463 262 1539 vineis,
289 1468 421 1545 excepta
447 1462 534 1528 dieta
559 1471 647 1528 terra
673 1463 885 1548 Mazaondya‚
913 1464 985 1546 pari
1017 1469 1089 1528 veto
1115 1471 1147 1529 et
1172 1485 1230 1548 per

99 1570 228 1636 modum
238 1569 409 1653 pacificum
418 1569 517 1634 talem
527 1571 612 1635 inter
622 1591 655 1635 se
665 1570 853 1636 divisionem
870 1577 1024 1654 perpetuo
1040 1571 1232 1636 duraturam

99 1699 206 1742 coram
231 1677 310 1760 ipsis
336 1676 440 1742 faeere
458 1684 702 1760 procurassent:
729 1677 814 1759 quod
840 1699 1006 1762 unapars
1031 1676 1131 1762 ipsius
1158 1678 1232 1743 ville

98 1787 169 1851 Ond
186 1788 219 1850 in
239 1806 303 1868 qua
319 1784 406 1851 dieta
417 1786 552 1851 ecclesia
562 1807 625 1868 quo
636 1809 735 1869 supra
751 1787 933 1865 haberetur,
950 1787 1077 1870 aplaga
1094 1793 1230 1870 septem-

98 1895 228 1960 trionali
246 1897 394 1978 existens
420 1899 516 1966 simul
540 1921 613 1964 eum
639 1901 781 1983 quadam
807 1901 875 1964 alia
899 1901 1060 1984 particula
1087 1900 1231 1965 eiusdem

102 2002 173 2067 ville
190 2023 254 2083 que
271 2027 290 2068 a
307 2005 405 2088 plaga
421 2007 571 2072 orientali
587 2013 620 2072 et
636 2009 722 2072 ultra
742 2007 873 2072 fluvium
890 2008 1038 2074 Zereneh
1057 2007 1230 2086 adiaceret

100 2132 222 2176 necnon
239 2113 396 2179 universis
413 2115 508 2179 terris
540 2115 717 2180 arabilibus
733 2117 818 2182 circa
834 2117 938 2199 ipsam
965 2116 1063 2180 aliam
1088 2118 1231 2200 particu-

101 2220 161 2284 lam
179 2221 257 2285 ville
273 2220 401 2298 habitis,
428 2227 459 2286 et
484 2221 685 2286 dimidietate
711 2223 806 2288 unius
830 2225 916 2306 prati
943 2223 1030 2304 quod
1055 2229 1120 2288 tres
1146 2230 1231 2288 mete

100 2327 332 2412 contigualiter
348 2327 450 2414 posite
467 2353 486 2392 a
511 2351 545 2394 se
569 2331 704 2396 invicem
721 2331 944 2416 distinguent,
970 2353 1042 2397 cum
1069 2353 1183 2397 aarum
1200 2381 1205 2394 .
1225 2383 1231 2396 .

98 2437 313 2519 pertinenciis,
329 2442 441 2520 utpote
457 2436 591 2502 edificiis
607 2437 704 2504 curiis
721 2445 754 2502 et
769 2440 918 2521 porcione
937 2445 1131 2524 patronatus
1147 2439 1231 2505 dicte

97 2544 236 2622 ecclesie,
268 2545 329 2609 sub
354 2543 616 2610 distinocionibus
648 2551 807 2610 metarum
839 2547 923 2611 infra
954 2547 1231 2625 declarandorum,

97 2652 199 2736 quoad
216 2652 289 2717 loca
305 2653 494 2718 sessionalia
510 2653 596 2719 faeta
613 2653 683 2737 ipsa
699 2651 852 2719 divisione
869 2655 1038 2720 cessissent
1052 2661 1230 2720 memorato

98 2762 199 2826 Paule
225 2760 295 2825 filio
319 2760 482 2826 Johannis
508 2767 540 2825 et
565 2761 631 2826 suis
651 2761 822 2828 heredibus
847 2770 1003 2847 perpetuo
1029 2762 1229 2847 possidenda,

97 2869 158 2934 alia
174 2875 270 2953 parte
286 2851 478 2953 ipsiusville
494 2867 568 2935 Oud
593 2869 794 2954 preallegato
811 2869 966 2936 Ladislao
982 2869 1049 2936 filie
1065 2869 1226 2936 Lokaebii

97 2985 127 3042 et
141 2979 207 3044 suis
222 2977 395 3044 heredibus
411 2977 559 3042 similiter
569 2977 787 3060 perennaliter
803 2983 1008 3059 remanente;
1024 2979 1103 3044 item
1118 2985 1226 3043 terras
1244 3031 1246 3033 .

95 3085 232 3153 arabiles
248 3087 398 3152 similiter
414 3111 471 3172 per
487 3093 590 3154 metas
605 3087 692 3152 infra
711 3088 910 3172 specificatae
927 3089 968 3156 ab
984 3089 1120 3156 invicem
1137 3111 1227 3173 sepa-

98 3197 206 3276 rando,
233 3195 344 3261 eedem
361 3203 470 3280 partes
485 3187 595 3262 taliter
611 3197 695 3262 inter
711 3219 744 3262 se
761 3198 950 3280 divisissent,
971 3199 1057 3280 quod
1072 3221 1137 3263 una
1152 3219 1228 3282 pars

95 3307 237 3386 ipsarum
254 3312 416 3370 terrarum
434 3305 606 3370 arabilium
623 3305 749 3389 aplaga
766 3307 1019 3389 septemtrionali
1037 3312 1074 3371 nt
1090 3305 1229 3372 refertur

95 3414 286 3492 adiacentes,
303 3435 323 3479 a
339 3414 485 3480 terminis
503 3414 589 3480 dicte
605 3415 678 3480 ville
704 3415 885 3499 incipiendo
905 3435 1013 3497 ‘usque
1030 3415 1072 3482 ad
1087 3414 1227 3480 radicem

95 3523 264 3587 cuiusdam
279 3523 525 3606 magnimontis,
545 3529 701 3588 annotato
718 3523 830 3602 Paulo,
856 3530 943 3590 terre
960 3545 1034 3589 rere
1052 3522 1190 3588 arabiles
1207 3543 1227 3588 a

93 3629 190 3713 plaga
207 3630 412 3696 meridionali
437 3631 585 3696 similiter
602 3631 644 3696 ad
659 3631 801 3698 radicem
818 3631 895 3698 dicti
912 3633 1029 3698 mentis
1055 3651 1090 3696 se
1119 3637 1226 3696 exten-

92 3737 205 3804 dentes
221 3744 366 3821 pretaeto
382 3739 537 3805 Ladislao
557 3747 590 3805 et
605 3741 750 3824 parcium
775 3741 947 3807 heredibus
973 3739 1161 3824 possidendo
1178 3760 1226 3804 re·

92 3845 304 3927 mansissent3
328 3846 406 3911 item
422 3847 545 3912 dictum
561 3853 702 3914 mentem
724 3855 756 3913 et
772 3850 880 3913 vineas
907 3849 1024 3932 inipso
1051 3848 1225 3912 existentes

91 3954 204 4019 taliter
219 3955 411 4033 divisissent
427 3955 512 4037 quod
522 3978 586 4020 una
603 3979 678 4039 pars
689 3956 872 4023 eorumdem
883 3979 902 4020 a
912 3963 1005 4040 parte
1021 3955 1225 4023 meridionali

90 4062 176 4129 dieto
188 4064 302 4144 Paulo,
317 4071 349 4130 et
365 4065 429 4129 alia
439 4087 515 4148 pars
531 4064 716 4130 eorumdem
727 4065 843 4130 montis
859 4069 892 4128 et
907 4065 1072 4129 vinearum
1090 4086 1109 4127 a
1127 4063 1225 4146 plaga
1303 4149 1306 4156 Δ

91 4173 350 4255 septemtrionali
366 4179 542 4238 memorato
558 4171 713 4238 Ladislao
732 4173 799 4237 filio
820 4173 979 4238 Lukechii
997 4174 1226 4240 remansissent

92 4281 284 4361 prossidende
301 4331 307 4344 .
324 4330 331 4344 .
348 4281 395 4346 ita
411 4282 567 4358 videlieet,
584 4283 670 4365 quod
687 4304 706 4346 a
722 4281 815 4346 modo
833 4331 839 4345 .
856 4330 862 4344 .
880 4301 938 4346 nec
954 4281 1039 4346 idem
1053 4281 1176 4346 Paulus
1194 4287 1226 4344 et

90 4389 139 4452 sui
156 4389 295 4456 heredes
311 4411 407 4474 super
423 4389 644 4474 iobagionibus
663 4391 805 4456 eiusdem
822 4389 968 4456 Ladislai
984 4389 1042 4454 filii
1058 4389 1227 4466 Lulrachii,

92 4519 150 4561 nee
168 4494 192 4580 (.
211 4547 217 4561 .
234 4546 241 4560 .
260 4547 266 4560 .
282 4495 472 4582 Ladisla)us
482 4505 514 4562 et
533 4497 583 4563 sui
599 4498 721 4581 posteri
737 4548 744 4562 .
761 4550 767 4563 .
784 4520 803 4562 a
819 4497 1041 4582 iobagionibus
1058 4500 1226 4564 memorati

92 4605 189 4672 Pauli
216 4611 249 4670 et
275 4607 341 4672 suis
366 4606 600 4674 successoribus
625 4607 658 4674 in
679 4607 765 4675 dicta
781 4607 977 4695 possessione
995 4605 1068 4673 Ond
1088 4628 1224 4678 eorume-
