3180 5466
554 551 810 612 135l.nov.14.

646 753 720 811 32&

123 905 218 968 1351.
236 929 300 970 rien.
319 908 370 970 23.
389 905 527 970 Atudai
539 907 691 992 halptalun
710 909 811 972 eldtto
817 909 911 994 pillei
921 921 1032 972 reruete
1049 922 1130 972 azent
1142 909 1255 974 La‘czhi

120 1014 305 1076 szcrweteselc
322 1040 341 1076 a
359 1015 527 1097 boroajeuei
543 1015 700 1079 heldrdan
720 1041 774 1102 epp
799 1017 977 1101 szbllejr'tket
992 1043 1011 1082 a
1029 1017 1128 1082 bardai
1144 1019 1255 1081 claris-

544 1123 667 1186 sa'hrrak
688 1123 822 1208 clcdjrilc.

231 1279 419 1364 Capitulum
444 1283 605 1348 Budensis
622 1285 753 1349 ecclesie
771 1336 777 1349 .
795 1334 801 1348 .
822 1285 864 1348 ad
880 1285 1102 1350 universorum
1120 1335 1149 1349 ..
1175 1285 1255 1349 noti·

121 1391 205 1456 ciam
222 1441 228 1453 .
246 1444 252 1456 .
278 1393 426 1457 volumus
442 1393 618 1474 pervenire,
639 1393 725 1473 quod
743 1445 748 1456 .
766 1445 773 1458 .
797 1393 912 1458 iratres
930 1392 1141 1460 Sebastianus
1168 1395 1256 1478 prior

122 1500 260 1567 fratrum
277 1503 507 1566 heremitarum
524 1503 563 1566 de
580 1504 721 1566 claustro
738 1505 841 1567 sancti
858 1503 1004 1566 Ladislai
1030 1505 1115 1585 regis
1135 1510 1167 1567 et
1184 1525 1256 1567 con—

121 1609 251 1672 fessoris
268 1610 301 1672 in
318 1610 416 1692 Pylis.
433 1615 465 1673 et
481 1610 649 1674 ‚lohannes
673 1631 845 1674 conversus
862 1632 920 1692 pro
937 1631 970 1673 se
987 1611 1208 1692 personaliter,
1224 1617 1257 1674 et

120 1715 187 1778 nice
205 1722 238 1779 et
255 1716 436 1780 nominibus
452 1717 595 1780 omnium
612 1717 750 1782 fratrum
776 1716 814 1780 dc
840 1717 950 1780 eodem
967 1717 1008 1780 ab
1026 1739 1098 1798 una,
1130 1739 1167 1781 ae
1183 1716 1255 1780 An·

120 1825 215 1888 dreas
232 1823 381 1887 literatus
400 1824 667 1888 vicecastellanus
683 1825 722 1886 de
739 1824 853 1890 Veteri
879 1824 974 1888 Buda
991 1827 1057 1889 vice
1079 1831 1110 1888 ct
1128 1826 1263 1888 nomine·

121 1933 251 1996 domine
278 1940 385 1997 nostre
415 1933 542 1996 domine
573 1932 794 1996 Elisabeth..
820 1934 929 2015 regine
960 1938 1052 2014 parte
1085 1931 1126 1996 ab
1152 1932 1255 1996 altera

122 2061 231 2104 ceram
248 2040 339 2104 nobis
356 2041 533 2121 constituti,
550 2040 646 2104 iidem
672 2039 789 2104 fratres
816 2039 1026 2106 Sebastianus
1043 2041 1131 2124 prior
1147 2046 1180 2104 et
1195 2039 1220 2103 J
1221 2061 1255 2102 o·

121 2150 246 2212 hannes
263 2148 415 2213 dixerunt
430 2199 460 2211 ..
486 2148 571 2231 quod
597 2149 659 2230 ipsi
685 2171 757 2212 cum
784 2148 930 2213 omnibus
957 2147 1112 2212 fratribus
1130 2149 1169 2212 de
1186 2169 1255 2231 pre-

121 2257 208 2322 dicto
225 2257 367 2322 claustro
384 2259 486 2322 sancti
503 2256 657 2336 Ladislai,
675 2263 803 2321 matura
826 2257 1061 2321 deliberacione
1087 2256 1257 2338 prehabita

121 2365 207 2428 inter
223 2385 256 2428 se
274 2371 305 2429 et
321 2365 474 2444 stabilita,
500 2365 539 2428 de
570 2364 711 2447 religiosi
738 2365 797 2428 viri
823 2365 934 2430 fratris
960 2364 1090 2428 Nicolai
1122 2364 1200 2429 dicti
1217 2363 1256 2426 de

121 2473 232 2538 Patha
257 2475 461 2556 provincialis
485 2474 624 2540 fratrum
649 2475 879 2540 heremitarum
906 2495 964 2557 per
992 2479 1096 2538 totum
1121 2495 1256 2556 regnum

121 2581 296 2664 Hungarie
313 2587 345 2644 et
362 2583 505 2664 priorum
531 2581 744 2646 claustrorum
771 2581 809 2644 de
836 2581 944 2644 eodem
972 2580 1083 2644 ordine
1101 2600 1255 2644 consensu

121 2697 155 2752 et
173 2688 408 2769 benevolencia,
425 2689 587 2769 quandam
604 2691 729 2752 vineam
754 2691 905 2772 ipsorum,
932 2689 1050 2752 eisdem
1067 2687 1162 2752 titulo
1178 2710 1254 2752 eon-

121 2797 241 2862 cambii
256 2797 447 2878 devolutam,
464 2803 497 2861 et
513 2818 614 2877 usque
632 2819 718 2862 nunc
736 2818 793 2880 per
809 2798 895 2880 ipsos
913 2801 945 2860 et
962 2817 1071 2861 eorum
1088 2795 1256 2878 predeces-

121 2927 211 2970 sores
228 2906 335 2988 quiete
352 2913 385 2970 et
400 2905 530 2990 pacifice
548 2927 735 2988 possessam,
752 2906 783 2968 in
802 2907 963 2969 territorio
980 2904 1054 2968 ville
1065 2903 1255 2994 Burusyeno

122 3015 155 3076 in
172 3017 282 3078 monte
299 3012 483 3078 Sumulmal
499 3019 618 3089 vocato,
634 3014 666 3076 in
683 3012 901 3076 vicinitatibus
917 3013 1082 3076 vincarum
1100 3011 1256 3095 Stephani

122 3128 156 3184 ct
171 3121 332 3186 Demetrii
349 3122 488 3186 filiorum
514 3122 602 3186 Bede
627 3122 668 3186 ab
695 3143 759 3184 una
784 3127 885 3204 parte,
911 3127 944 3184 et
960 3120 1124 3184 Dominici
1144 3119 1254 3183 fratris

122 3229 257 3294 Leukus
274 3253 312 3294 ex
329 3231 395 3294 alia
420 3231 619 3310 existentem,
649 3251 711 3310 que
736 3229 976 3295 Barathkazelo
1001 3235 1252 3310 nuncuparetur,

122 3360 197 3402 cum
224 3337 371 3402 omnibus
397 3339 462 3403 suis
479 3391 485 3403 .
504 3391 509 3402 .
536 3338 751 3421 pertinenciis,
772 3339 841 3402 loeo
859 3338 979 3402 scilieet
996 3337 1176 3414 torcularis,
1195 3335 1255 3410 via,

123 3445 1258 3528 tmmffifflmmffmmmmwwfflmmm

122 3577 237 3621 eorum
263 3557 431 3639 penuriam
456 3555 593 3618 culturis
619 3555 768 3636 congruis
801 3555 905 3618 colere
931 3575 992 3617 non
1025 3559 1164 3636 possent,
1187 3559 1257 3616 tum

122 3664 226 3728 eciam
243 3670 374 3747 propter
390 3685 524 3745 magnas
542 3663 679 3745 predicti
691 3662 823 3726 claustri
841 3668 874 3724 et
890 3661 1027 3726 fratrum
1038 3662 1257 3739 necessitates,

123 3772 270 3854 predicte
287 3771 414 3835 domine
430 3772 540 3853 regine
557 3776 589 3834 et
605 3791 663 3852 per
680 3791 750 3834 eam
767 3822 773 3834 .
791 3821 796 3833 .
823 3769 1119 3834 sanctimonialibus
1137 3769 1257 3834 ordinis

122 3887 236 3946 sancte
253 3880 350 3947 (liare
366 3879 404 3944 de
421 3879 562 3944 claustro
588 3878 721 3960 virginis
742 3878 878 3960 gloriose
895 3877 928 3942 in
948 3877 1060 3944 Veteri
1078 3877 1182 3958 Buda,
1198 3896 1257 3959 pro

123 3989 243 4073 quibus
260 3990 372 4054 eadem
388 3987 541 4069 reginalis
567 3985 741 4050 clemencia
766 3987 874 4069 precio
899 3985 1119 4050 infradieendo
1136 3985 1177 4049 ab
1194 3986 1256 4048 eis·

123 4097 195 4161 dem
213 4101 433 4179 comparasset
459 4093 600 4174 eandem,
626 4115 685 4176 pro
711 4094 955 4176 quatuordecim
980 4093 1097 4158 marcis
1113 4093 1257 4184 ¹compoti

123 4205 288 4270 Budensis
305 4255 311 4268 .
330 4254 336 4266 .
360 4204 430 4268 iure
447 4208 603 4286 perpetuo
620 4253 626 4266 .
645 4251 650 4264 .
675 4201 887 4266 vendiderunt
907 4223 1016 4265 eoram
1032 4201 1122 4265 nobis
1139 4253 1145 4266 .
1162 4253 1169 4266 .
1186 4223 1256 4283 pos-

123 4314 302 4390 sidendam,
328 4313 408 4378 nihil
433 4313 513 4376 iuris
539 4311 684 4391 nihilque
706 4311 960 4394 proprietatis..
987 4309 1047 4373 sibi
1072 4309 1121 4373 vel
1147 4331 1257 4374 eorum

123 4421 362 4488 successoribus
380 4473 386 4484 .
404 4473 410 4485 .
434 4425 642 4500 reservantes
669 4419 724 4484 sed
749 4423 853 4484 totum
870 4417 921 4482 ius
938 4425 969 4482 et
985 4417 1160 4482 dominium
1176 4418 1257 4481 eius-

123 4531 198 4596 dem
214 4531 317 4594 eidem
333 4529 460 4594 domine
485 4529 596 4610 regine
622 4535 653 4591 et
678 4527 771 4591 dietis
797 4526 1095 4591 sanctimonialibus
1114 4525 1257 4590 tradide-

124 4645 202 4704 runt
219 4660 259 4703 ex
275 4639 418 4720 integro;
442 4643 673 4702 assummentes
690 4635 906 4712 nihilominus,
923 4635 1008 4719 quod
1024 4635 1209 4718 quicunque
1227 4685 1255 4699 ..

124 4749 256 4814 racione
272 4745 417 4830 predicte
442 4747 532 4810 vinee
559 4746 661 4832 ipsam
687 4745 849 4809 dominam
875 4745 1019 4827 reginam
1049 4743 1096 4806 vel
1113 4744 1257 4826 prefatas
