3188 5476
722 538 913 584 nuuourronr
930 525 1145 583 ornlurrln.

902 829 977 892 381.

371 991 627 1077 1.352.apr.16.
653 987 701 1053 Aa
728 996 796 1076 egri
811 992 970 1077 lectptalaa
986 991 1275 1076 bizonyt'tja,bopy
1298 989 1416 1053 Vnrbn'i
1436 991 1491 1052 Pdl

373 1123 474 1163 comas
491 1105 559 1186 affe
577 1098 733 1162 Szkdrosi
749 1099 868 1162 Mikle'a
883 1100 1012 1184 ledaya,
1040 1124 1060 1162 a
1089 1103 1188 1185 ce'pett
1212 1101 1294 1186 bopp
1316 1121 1355 1161 uz
1372 1104 1492 1184 epyezsd-

369 1212 452 1300 pilep
468 1211 700 1297 mapaliapttctt
726 1213 859 1295 deszepet
885 1209 1025 1272 Recblcei
1050 1209 1182 1295 Mdtycis
1201 1208 1255 1288 fia
1281 1209 1394 1272 Istudu
1419 1217 1492 1271 tzer-

368 1317 489 1404 9ye'aalc
506 1323 536 1381 ds
545 1315 666 1397 fiducie
690 1317 847 1398 kifizeese,
874 1342 895 1378 a
919 1319 1051 1382 ttetzae
1077 1319 1291 1402 butdrnapou.
1308 1341 1329 1379 a
1347 1317 1491 1403 kdplalnu

749 1425 820 1488 aldit
839 1425 1022 1510 rrcmjcleut
1041 1447 1117 1509 arcp.

478 1607 548 1672 Nes
575 1607 751 1694 capitulum
777 1607 909 1672 ecclesie
924 1602 1099 1690 Agriensis
1125 1607 1240 1672 damus
1256 1627 1315 1690 pre
1341 1606 1490 1670 memoria.

371 1715 457 1799 quod
482 1715 611 1780 domina
636 1715 749 1780 relicta
775 1713 932 1798 Stephani
949 1715 1007 1780 filii
1032 1711 1187 1799 Mathyas
1212 1717 1252 1780 de
1277 1714 1407 1780 Recblra
1429 1735 1490 1778 cum

371 1823 526 1889 Ladislao
543 1830 574 1888 et
590 1822 788 1888 Barthaleus
805 1822 878 1888 liliis
895 1824 961 1888 suis
990 1846 1029 1888 ex
1045 1823 1156 1888 eedem
1174 1822 1340 1906 Stephano
1358 1823 1490 1905 progeni-

370 1933 423 2010 tis,
439 1933 472 1995 iu
489 1931 607 1996 octaris
632 1930 704 1996 festi
729 1933 908 1996 nativitatis
935 1937 1045 1996 sancte
1071 1930 1178 1996 Marie
1202 1931 1338 2016 virginis
1363 1938 1489 1996 nestram

371 2039 582 2123 personaliter
614 2039 762 2104 adeunde
787 2041 994 2122 presenciam,
1021 2061 1078 2122 per
1103 2039 1234 2104 medum
1260 2039 1489 2122 protestacienis

371 2147 463 2212 nobis
479 2147 605 2212 curavit
620 2146 809 2230 significare,
821 2167 858 2210 ex
870 2169 943 2225 rura,
954 2153 986 2211 et
1002 2146 1118 2210 nobilis
1135 2146 1266 2210 demina
1282 2168 1363 2212 uxor
1378 2147 1489 2212 comitis

371 2255 468 2320 Pauli
484 2255 523 2318 de
539 2254 663 2318 Wcrbe
679 2253 747 2320 filia
763 2253 886 2319 scilicet
900 2253 1030 2318 Nicolai
1047 2254 1105 2318 filii
1131 2253 1261 2319 Nicolai
1277 2254 1317 2318 de
1334 2252 1443 2319 Scarus
1458 2260 1490 2316 ut

372 2364 476 2429 actrix
492 2369 584 2447 parte
601 2362 643 2428 ab
659 2363 771 2440 altera,
788 2365 955 2446 nuperime
971 2364 1004 2427 in
1030 2363 1120 2428 curia
1136 2364 1226 2445 regia
1242 2362 1284 2426 ad
1300 2363 1400 2428 dictas
1415 2371 1489 2426 ceta-

372 2495 428 2540 vas
442 2472 520 2537 dicti
536 2473 611 2536 festi
627 2474 690 2538 huc
706 2494 802 2556 super
819 2471 904 2537 facto
921 2474 1173 2555 possessienario
1199 2471 1240 2536 ad
1264 2470 1428 2536 arbitrium
1450 2470 1490 2534 la-

372 2581 520 2647 ciendum
546 2580 605 2645 snb
631 2603 715 2664 pena
740 2581 839 2645 trium
855 2602 1039 2646 marearum
1065 2602 1098 2646 se
1124 2579 1357 2658 submisissent,
1381 2585 1410 2643 et
1423 2578 1490 2642 licet

371 2692 443 2774 ipsa
458 2711 531 2754 cum
547 2690 640 2754 dictis
657 2691 765 2772 pueris
791 2691 858 2754 suis
883 2696 1064 2774 pretectnm
1090 2689 1261 2754 arbitrium
1286 2689 1389 2754 faeere
1404 2693 1433 2751 et
1446 2708 1489 2750 as-

372 2818 531 2863 summere
547 2803 655 2880 presto
672 2801 778 2862 essent
794 2801 827 2861 et
843 2798 959 2882 parati,
974 2803 1083 2862 tamen
1103 2797 1180 2880 quia
1195 2796 1331 2861 adversa
1346 2817 1418 2879 pars
1438 2815 1489 2858 uec

371 2905 510 2970 venisset
525 2926 583 2969 nec
599 2905 746 2986 misisset,
762 2905 834 2969 ideo
850 2905 935 2988 ipses
961 2904 1123 2988 fatigatos,
1140 2904 1288 2987 expensis
1305 2905 1405 2969 eciam
1418 2905 1490 2986 ipse

372 3035 445 3078 rum
462 3014 495 3078 in
511 3036 629 3078 vanum
643 3014 826 3090 consumtis
843 3037 863 3078 a
879 3013 961 3078 facie
977 3019 1089 3078 nestra
1099 3013 1248 3078 recedere
1265 3017 1429 3095 oporteret,
1438 3031 1490 3074 nes

371 3124 473 3186 eciam
498 3121 538 3187 ob
564 3123 705 3186 faverem
730 3122 777 3186 rei
802 3121 947 3186 veritatis
973 3120 1170 3205 profitemur,
1199 3121 1286 3205 qued
1302 3120 1490 3205 preallegata

364 3229 488 3314 ¹nobilis
504 3229 634 3295 domina
650 3229 763 3294 relicta
779 3228 937 3311 Stephani
954 3251 1026 3293 cum
1051 3230 1172 3294 eisdem
1196 3229 1305 3312 pueris
1322 3235 1355 3293 et
1371 3227 1491 3292 arbitris

372 3339 439 3402 suis
456 3338 489 3400 in
506 3337 600 3403 dictis
617 3339 736 3404 octavis
753 3358 883 3402 amane
909 3336 1067 3420 usquead
1084 3359 1252 3426 vesperum
1276 3337 1409 3402 alteram
1423 3357 1490 3418 par-

371 3451 436 3514 tem
452 3447 660 3528 expectando,
678 3467 742 3528 quc
758 3468 858 3528 supra
874 3447 1056 3528 comparuit
1078 3467 1185 3510 ceram
1211 3445 1313 3528 nobie,
1340 3446 1393 3512 sed
1412 3445 1491 3509 dieta

371 3553 437 3618 alia
452 3575 528 3636 pars
545 3575 648 3638 neque
665 3555 753 3620 venit
778 3575 882 3636 neque
907 3553 1003 3618 misit.
1028 3553 1154 3619 Datum
1171 3555 1202 3618 in
1220 3555 1361 3620 crastino
1377 3575 1491 3618 earum-

371 3659 444 3724 dem
476 3667 670 3740 octavarnm‚
702 3685 787 3727 anne
818 3662 939 3727 domini
974 3662 1049 3727 Μῐῃο
1081 3659 1202 3737 CCCnno
1234 3662 1491 3746 quinquagesimo

371 3769 518 3834 secunde.

479 3933 611 3984 Zarlattn
621 3935 713 3997 pecset
725 3936 899 3999 nyomaiva13
929 3935 1059 3998 credetije
1072 3950 1103 3985 az
1118 3949 1187 3984 orsa.
1201 3934 1322 3999 ltetrban,
1342 3933 1408 3997 dipl.
1431 3939 1491 3982 csrt.

373 4027 478 4086 26,560.
498 4025 597 4074 Kdzli:
618 4026 726 4075 Kovaes
748 4027 782 4075 N.
