3188 5470
561 472 654 537 1349.
672 488 744 534 sue.
761 473 811 536 15.
1172 473 1236 534 315

101 654 222 719 cliente.
239 653 365 718 Datum
382 655 472 716 sexto
488 648 540 714 die
556 650 815 734 congregacionis
831 655 941 714 nostre
956 649 1108 734 predicte,
1118 651 1152 714 in
1167 648 1237 714 loco

102 766 269 842 annotato,
285 781 370 825 anno
388 757 508 828 domini
525 757 599 822 Μ1110
615 755 735 826 000ηιο
751 757 855 822 ΧΗ00
871 779 962 822 nono.

211 903 365 970 Hatlapjsin
379 902 469 967 posset
482 901 658 967 nyomairal;
678 901 807 967 credetije
822 917 853 952 aa
867 916 935 952 orsz.
949 902 1070 967 lttrban,
1084 918 1100 952 a
1114 901 1237 966 Osicsery

102 1009 138 1044 rs.
154 993 401 1060 letetemenyeben.

629 1141 659 1146 --
676 1139 748 1146 0--—-

109 1465 205 1528 1349.
222 1464 438 1550 Sdroepatclc,
454 1489 526 1552 arip.
544 1466 594 1530 15.
612 1463 728 1528 Mikra
743 1463 846 1528 cador
861 1461 943 1527 dltal
954 1462 1100 1549 Zemplta
1116 1464 1146 1526 es
1169 1461 1238 1550 Unp

105 1573 293 1660 iuirnrcpye‘lc
309 1575 559 1640 roeztrtttcrtott
576 1574 779 1661 ttzpyltlesca
794 1597 815 1638 a
831 1572 1029 1660 szclgabirctlt
1046 1575 1078 1639 es
1095 1572 1235 1636 saturat

103 1681 308 1768 bizonyitjdk,
324 1683 402 1770 bcpp
419 1681 580 1770 Rozpoapi
596 1681 711 1748 Letezlc
725 1684 755 1746 e‘s
772 1682 876 1762 Peter,
901 1681 1013 1768 Longa
1037 1689 1117 1747 nevit
1143 1680 1236 1746 birte-

104 1789 205 1856 lukat
222 1789 333 1854 bsrltct
350 1789 469 1873 bduflc
490 1789 609 1856 Leuctra
634 1789 785 1855 Kcanezu
800 1797 881 1854 nevit
908 1788 1075 1854 birtokritol
1098 1790 1236 1873 tetdry'c·

408 1897 510 1963 latitet
523 1901 663 1964 robosem
678 1898 882 1963 kulenlauct
898 1897 934 1962 et

212 2059 283 2128 Nos
300 2061 457 2128 Nicolaus
474 2114 479 2126 .
497 2115 503 2128 .
520 2062 687 2146 palatinus
703 2068 736 2126 et
751 2061 848 2126 iudex
858 2081 1065 2126 comanorum
1083 2061 1235 2126 memorie

104 2169 378 2248 ‹annectamus
396 2171 482 2254 quod
498 2172 531 2236 in
547 2171 801 2255 congregacione
820 2175 934 2236 nostru
949 2169 1093 2253 generali
1110 2169 1237 2233 univer-

104 2280 193 2346 sitati
211 2279 368 2344 nobilium
378 2277 417 2344 de
427 2279 563 2365 Zemlyn
580 2288 613 2345 et
628 2279 667 2344 de
677 2279 754 2363 Vng
765 2281 984 2358 comitatuum,
1000 2277 1082 2344 feria
1099 2278 1239 2344 secunda

103 2389 254 2470 proxima
270 2393 347 2453 ante
363 2385 483 2454 festum
500 2387 725 2454 Assumcionis
742 2388 877 2472 virginis
894 2387 1031 2472 gloriose
1047 2407 1148 2470 prope
1164 2387 1238 2451 civi-

104 2503 207 2564 tatem
224 2499 333 2564 Patak
349 2497 519 2582 celebrata,
536 2500 693 2583 magister
718 2497 892 2564 Ladislans
917 2498 956 2564 de
981 2498 1115 2580 Rozgon
1130 2519 1189 2562 sua
1205 2502 1238 2560 et

104 2607 197 2672 Petri
214 2606 273 2672 filii
289 2605 436 2672 Ladislui
454 2608 486 2672 in
503 2609 647 2690 personis
667 2607 707 2672 de
731 2607 836 2672 medio
862 2607 999 2672 aliorum
1024 2603 1238 2688 personaliter

105 2713 318 2799 exsurgendo,
334 2716 504 2799 proposuit
520 2715 579 2780 tali
596 2715 699 2794 mode,
726 2714 812 2796 quod
837 2715 906 2797 ipse
932 2719 964 2778 et
989 2713 1093 2780 dietus
1118 2711 1237 2776 Petrus
1324 2731 1328 2738 ·

103 2845 177 2888 cum
194 2825 353 2906 magistro
369 2823 522 2889 Lorando
538 2823 603 2888 filio
619 2823 733 2889 Mikch
759 2823 894 2888 condam
920 2822 996 2888 bani
1022 2843 1130 2887 coram
1146 2819 1238 2886 nobis

103 2952 204 3014 super
220 2931 306 2995 facto
327 2931 536 3013 possessionis
561 2932 675 3015 Lonya
690 2937 801 2997 vocate
818 2932 849 2994 in
867 2929 953 2996 dicto
970 2930 1126 2995 comitatu
1143 2927 1236 2992 Zem-

103 3039 232 3104 liniensi
250 3039 418 3103 existentis
435 3038 469 3102 in
486 3039 543 3103 lite
560 3039 743 3120 existerent,
760 3045 793 3103 et
808 3045 904 3122 prout
919 3037 981 3122 ipsi
1007 3037 1237 3120 percepissent,

101 3145 190 3211 idem
214 3147 371 3229 magister
395 3146 567 3212 Loraudus
592 3153 705 3211 contra
730 3147 814 3229 ipsos
846 3144 927 3210 tales
951 3144 1062 3210 literas
1087 3143 1237 3209 exhibere

101 3253 211 3332 vellet,
243 3260 281 3318 nt
305 3253 368 3336 ipsi
393 3251 572 3336 predictam
597 3256 831 3337 possessionem
854 3253 970 3338 Lonyc
995 3275 1014 3318 a
1039 3253 1237 3336 possessione

101 3362 249 3428 eiusdem
281 3363 431 3446 magistri
455 3363 600 3428 Lorandi
626 3362 832 3428 Keelrmezeu
863 3368 985 3440 vocata,
1016 3382 1074 3444 per
1104 3360 1237 3425 metales

100 3471 333 3537 distincciones
358 3477 572 3553 separassent,
588 3493 660 3538 oum
678 3477 786 3536 tamen
803 3471 874 3554 ipsi,
900 3469 1049 3534 videlicet
1064 3468 1238 3534 Ladislaus

100 3587 135 3646 et
163 3580 293 3658 Petrus,
325 3585 498 3662 postquam
522 3578 611 3644 dicta
635 3579 792 3662 possessio
817 3577 1029 3644 Keekmezew
1054 3577 1096 3642 acl
1122 3597 1238 3642 manus

100 3685 249 3752 eiusdem
264 3684 379 3750 Mikcb
395 3685 471 3751 bani
488 3685 636 3752 devoluta
655 3687 839 3764 exstitisset,
864 3705 1030 3767 nunquam
1047 3687 1150 3770 ipsam
1167 3707 1238 3768 pos-

100 3796 284 3861 sessionum
302 3815 412 3859 eornm
437 3793 551 3880 Lonya
576 3815 633 3876 per
658 3795 794 3860 metelos
819 3795 1043 3860 distincciones
1069 3815 1139 3858 cum
1168 3792 1238 3876 ipso

97 3903 220 3970 Mikch
235 3903 320 3969 beno
337 3903 387 3968 vel
412 3902 487 3968 filiis
503 3905 569 3969 suis
595 3910 807 3987 separassent,
825 3911 857 3969 et
873 3903 932 3969 hec
951 3903 1137 3983 vicecomiti,
1154 3901 1235 3966 iudi·

98 4011 197 4078 crbus
213 4011 378 4098 nobilium,
394 4010 508 4076 iuratis
525 4011 739 4078 assessoribus
755 4033 794 4077 ac
809 4013 966 4078 universis
990 4009 1151 4076 nobilibus
1166 4029 1237 4092 pre·

99 4120 185 4187 dicti
202 4121 372 4185 comitatus
392 4118 617 4212 Zemliniensie
633 4126 818 4186 constarent
843 4119 1024 4200 evidentem
1051 4123 1163 4203 petens
1180 4139 1237 4182 nos

99 4251 181 4295 cum
196 4230 366 4308 instancia,
393 4234 431 4293 ut
455 4227 553 4293 iidem
578 4249 635 4312 per
661 4251 718 4294 nos
743 4230 899 4312 requisiti,
917 4229 1046 4310 qualem
1063 4227 1183 4293 scirent
1198 4225 1237 4291 de

97 4337 280 4421 premissis,
294 4335 475 4402 faterentur
492 4339 676 4418 veritatem,
701 4338 757 4418 qui
774 4336 904 4420 quidem
918 4337 1101 4414 vicecomes,
1116 4335 1237 4400 iudices

98 4443 273 4524 nobilium,
289 4444 388 4509 iurati
405 4465 582 4510 assessores
597 4467 656 4528 per
672 4465 729 4510 nos
754 4445 913 4527 requisiti,
939 4445 981 4510 ad
1006 4443 1101 4510 fidem
1126 4463 1238 4509 eorum

98 4553 167 4617 deo
193 4550 391 4617 debitam..
417 4573 455 4617 ac
481 4552 622 4618 universi
647 4551 770 4618 nobiles
794 4551 873 4618 dicti
899 4553 1078 4630 comitatus,
1110 4551 1237 4617 eosdem

97 4659 299 4745 magistrum
316 4659 509 4728 Ladislaum
535 4667 567 4726 et
592 4661 727 4728 Petrum
753 4680 920 4746 nunquam
946 4682 1018 4727 cum
1038 4662 1108 4748 ipso
1125 4659 1237 4732 Milrcb
