3180 5470
543 499 636 560 1350.
653 515 722 560 ann.
740 500 792 562 29.

632 770 706 832 232.

107 927 197 992 1350.
215 927 325 1006 Bruta,
334 929 407 1012 jun.
422 929 473 992 29.
504 927 613 991 Istcda
632 927 692 991 lcir.
709 929 835 1013 berczep
859 955 880 994 a
905 931 1014 1018 kira‘ly
1040 932 1236 998 tduolldttbcn

103 1037 287 1120 megbayyja
299 1035 410 1122 Saepes
426 1039 590 1120 'atdrarepye
607 1035 840 1121 kbzbssdqe‘nelc,
852 1038 931 1123 boqy
947 1049 1066 1102 tartsoa
1081 1041 1234 1126 uiasgddu-

101 1153 138 1207 tol
151 1166 190 1206 cz
206 1145 306 1222 irdat,
323 1145 429 1228 caJchn
446 1142 543 1206 Detre
550 1143 602 1224 fla
617 1143 727 1209 Jakao
747 1147 778 1208 ds
794 1147 905 1224 tctrsai,
927 1145 1058 1212 Ulcbiae
1074 1157 1153 1212 creuit
1170 1149 1233 1214 dir·

466 1253 547 1317 toleot
564 1253 684 1337 equzea
701 1252 867 1336 birjdlc-e?

206 1411 393 1497 Stephanus
410 1414 462 1480 dei
478 1414 590 1498 gracia
605 1415 710 1480 tocius
737 1415 907 1482 Sclaronie
931 1417 1066 1484 Oroacie
1092 1425 1125 1485 et
1149 1420 1229 1486 Dal·

101 1521 199 1586 mucie
214 1521 281 1587 dux
297 1522 444 1588 fidelibus
460 1523 526 1588 suis
543 1522 703 1590 iudicibus
728 1522 885 1590 nobilium
910 1547 947 1592 ac
973 1527 1046 1592 aliis
1072 1529 1229 1594 universis

100 1629 258 1696 nobilibus
275 1637 308 1695 et
324 1631 520 1715 ignobilibus
545 1633 579 1696 in
605 1632 761 1697 comitatu
788 1631 993 1716 Scepusiensi
1018 1635 1230 1702 existentibus
1306 1691 1309 1698 .

101 1759 217 1804 ..cnm
233 1739 365 1804 domina
380 1739 492 1823 regina
509 1740 649 1822 genitrix
666 1746 776 1805 nostra
795 1741 995 1824 charissima,
1012 1742 1228 1810 exhibiciones

97 1848 384 1912 instrumentorum
404 1869 485 1931 quas
509 1847 774 1932 universipopuli
800 1869 856 1913 seu
880 1849 1022 1933 hospites
1048 1850 1087 1916 de
1112 1851 1229 1917 Mend-

96 1955 188 2020 zenth
213 1957 248 2020 in
273 1955 360 2021 facto
385 1955 537 2022 emcionis
561 1955 745 2021 medietatis
769 1959 979 2041 possessionis
996 1957 1156 2044 chbyne
1173 1982 1225 2027 vo-

95 2071 161 2130 cate
178 2065 397 2130 coniectorum
423 2065 464 2130 ab
480 2086 554 2144 una,
579 2086 617 2131 ac
642 2064 787 2131 Jacobus
812 2066 962 2132 literatus
987 2065 1072 2132 filius
1097 2067 1224 2134 Detrici

93 2181 122 2236 et
137 2173 233 2238 Zonk
249 2173 335 2240 filius
352 2172 493 2239 Hanuus
510 2174 542 2238 in
558 2173 644 2238 facto
661 2173 803 2240 eiusdem
818 2174 1003 2242 medietatis
1016 2177 1225 2260 possessionis

93 2281 253 2367 chhyue
269 2288 381 2348 vocate
397 2283 488 2348 iuxta
514 2282 639 2366 regium
664 2283 880 2348 literatorium
904 2290 1101 2368 preceptum,
1117 2286 1227 2352 uicesi-

91 2412 140 2455 mo
156 2391 298 2457 secundo
315 2391 365 2456 die
381 2391 453 2457 festi
470 2391 700 2458 Penthecostes
726 2393 759 2457 in
783 2394 951 2476 presencia
976 2393 1176 2478 prelatorum
1192 2401 1225 2459 et

91 2498 248 2566 baronum
265 2499 357 2584 regni
383 2500 433 2566 sui
460 2499 610 2565 exhibere
636 2499 829 2580 debuissent,
856 2500 898 2566 ad
923 2501 1103 2585 quindenas
1119 2523 1224 2566 rever-

89 2607 187 2672 sionis
214 2607 292 2674 dicti
318 2607 439 2673 domini
465 2609 550 2692 regis
575 2608 687 2672 fratris
704 2608 806 2673 nostri
823 2607 1005 2674 charissimi
1021 2608 1060 2674 de
1076 2609 1223 2694 partibus
1342 2638 1351 2652 =

88 2718 317 2782 transmarinis
334 2717 368 2781 in
383 2716 512 2784 Budam
528 2716 634 2782 locum
660 2717 834 2782 mansionis
852 2739 907 2782 sue
923 2717 1036 2798 dende,
1052 2739 1111 2802 per
1128 2718 1222 2784 comi·
1307 2765 1312 2774 ·

87 2828 150 2888 tem
167 2824 330 2890 Thomam
346 2823 484 2890 iudicem
501 2824 587 2888 curie
614 2823 702 2906 regie
727 2809 944 2890 mediantibus
959 2824 1063 2890 literis
1080 2826 1222 2892 eiusdem

86 2933 212 2997 comitis
239 2933 363 2998 Thome
389 2952 564 3016 prorogare
589 2952 626 2996 eo
652 2930 745 2996 modo
771 2934 978 3017 precepisset,
995 2939 1031 3000 ut
1046 2953 1104 3018 per
1121 2954 1219 3016 quam

85 3041 234 3122 parcium
249 3040 469 3126 predictarum
494 3059 552 3122 per
568 3040 781 3104 assercionem
792 3041 1012 3107 universitatis
1028 3048 1144 3126 vestre,
1161 3042 1218 3108 ha·

85 3147 156 3213 bita
172 3149 260 3214 inter
277 3169 331 3213 vos
348 3147 453 3214 literis
468 3147 587 3212 nostris
609 3148 659 3213 rel
683 3147 882 3232 reginalibus
906 3149 1122 3216 mediantibus
1147 3171 1207 3216 con

84 3257 279 3340 gregacione
311 3255 463 3339 generali,
484 3255 526 3320 ad
558 3260 701 3321 nostram
726 3257 777 3321 vel
802 3256 978 3340 reginalem
1003 3257 1219 3324 literatoriam

80 3365 333 3448 requisicionem
348 3363 529 3429 faciendam
554 3363 641 3429 dicta
657 3363 813 3431 medietas
829 3366 1040 3451 possessionis
1056 3367 1217 3452 chhyne

80 3495 211 3559 semper
237 3481 269 3539 et
295 3473 337 3540 ab
362 3474 497 3558 antiquo
522 3493 624 3555 usque
650 3473 691 3539 ad
715 3474 776 3540 hec
802 3480 949 3559 tempora
975 3496 1122 3560 possessa
1147 3496 1216 3542 esse

79 3582 251 3662 fateretur,
269 3582 383 3651 eadem
399 3604 476 3667 pars
492 3582 596 3650 medio
613 3589 758 3666 tempore
768 3583 869 3649 donec
884 3584 918 3649 in
933 3584 1018 3650 lacto
1034 3585 1216 3653 medietatis

79 3690 166 3756 dicte
183 3690 396 3774 possessionis
412 3691 573 3776 chhyne
589 3697 701 3756 vocate
716 3690 824 3757 finalis
841 3691 960 3758 decisio
975 3691 1075 3774 fieret,
1091 3691 1213 3778 absque

76 3799 166 3864 omni
192 3798 423 3882 impedimento
447 3797 578 3884 pacifice
603 3806 636 3864 et
660 3801 768 3884 quiete
793 3801 956 3884 possidere
978 3823 1016 3867 ac
1040 3799 1165 3868 fructus
1182 3807 1215 3866 et

75 3909 242 3973 utilitates
258 3906 401 3972 eiusdem
417 3908 626 3991 possessionis
644 3908 806 3994 chhyne
831 3909 954 3992 absque
970 3909 1038 3975 ulla
1054 3910 1212 3994 inqnieta·

75 4017 169 4082 cione
195 4017 363 4100 percipere
388 4017 496 4084 valeat
520 4023 619 4103 atque
644 4019 754 4103 possit,
779 4039 902 4102 nosque
928 4041 1024 4104 super
1048 4021 1213 4104 premissis

73 4125 228 4191 uidelicet
243 4147 303 4210 per
320 4121 378 4210 qu(
379 4175 506 4191 ......
508 4126 522 4212 )
539 4128 696 4194 medietas
716 4127 800 4194 dicte
825 4128 1035 4212 possessionis
1052 4127 1211 4214 chhyne

71 4254 227 4316 possessa
253 4254 381 4316 semper
406 4239 438 4300 et
463 4233 504 4299 ab
530 4236 665 4317 antiquo
690 4236 733 4301 sit
749 4242 781 4300 et
800 4236 927 4316 existat,
943 4235 1212 4302 certitudinaliter

71 4341 213 4407 velimus
239 4339 430 4406 informari.
448 4391 455 4406 .
471 4344 667 4426 precipimus
684 4397 690 4409 .
707 4395 714 4410 .
731 4351 890 4426 quatenus
906 4345 1007 4410 tercio
1017 4343 1068 4408 die
1079 4342 1210 4427 quinde-

70 4472 193 4516 narum
203 4444 376 4537 festissbeati
387 4449 412 4514 J
413 4451 505 4516 scobi
521 4451 659 4536 apostoli
674 4475 759 4519 nunc
767 4453 911 4536 proxime
926 4459 1069 4532 venturo,
1080 4473 1211 4536 congre·

69 4556 274 4644 gacionem(
276 4609 402 4626 ......
405 4557 419 4646 )
435 4561 521 4627 dicto
546 4564 702 4629 comitatu
728 4560 933 4647 Scepusiensi
956 4567 1106 4645 presente
1121 4561 1209 4626 testi-

67 4669 182 4733 monio
199 4668 335 4752 capituli
352 4667 581 4754 Scepusiensia
608 4671 692 4755 quod
709 4671 913 4756 presentibus
929 4669 1008 4735 inibi
1025 4667 1138 4755 trans(.
1150 4721 1156 4735 .
1168 4719 1173 4734 .
1185 4665 1208 4754 .)

1049 4797 1099 4848 25*
