3192 5466
541 422 636 484 1348.
653 439 742 482 surr.
760 423 810 484 20.
1173 426 1235 486 227

100 650 105 663 .
124 647 130 659 .
150 620 253 681 usque
270 599 312 663 ad
328 599 387 664 hec
413 604 560 682 tempora
576 648 582 662 .
600 647 606 662 .
623 599 777 662 intereos
798 598 918 662 habitis
936 605 968 662 et
985 600 1112 674 exortis,
1141 620 1237 682 super

99 709 187 772 lacto
213 712 367 772 annotate
393 707 604 790 possessionis
629 705 832 791 Mazaondya
851 714 1037 790 nuncupate
1054 715 1086 772 et
1102 708 1235 772 alterius

103 817 313 899 possessionis
342 815 417 882 Oud
441 817 587 896 vocitato,
619 816 653 878 in
672 815 838 880 vicinitate
855 815 998 881 eiusdem
1022 817 1232 901 possessionis

101 924 307 1008 blazaondya
317 923 493 1001 existentis,
504 943 600 1004 super
610 922 700 987 cuius
711 921 796 987 facto
806 923 891 988 inter
901 925 1234 989 eundemLadislaum

98 1029 201 1096 lilium
210 1031 373 1096 Lulrachii
383 1029 594 1096 etAndream
610 1029 712 1094 filium
722 1031 816 1096 Petri
826 1029 1110 1117 (commetalneum
1121 1039 1236 1115 etpro-

99 1141 223 1204 ximum
238 1141 340 1223 ipsius
351 1139 447 1204 Pauli
462 1138 522 1203 filii
538 1139 701 1204 Johannis
718 1139 868 1205 similiter
880 1141 1017 1206 materia
1037 1140 1170 1206 suborta
1186 1141 1235 1206 fu-

100 1248 178 1312 isset
193 1249 383 1330 quescionis‚
401 1268 463 1330 que
473 1245 602 1328 quidem
615 1247 832 1329 possessiones
842 1254 878 1312 ut
888 1248 1078 1331 referebant,
1094 1255 1239 1332 tempore
1299 1325 1301 1330 Ι

99 1351 293 1439 im(pacato)
311 1377 330 1419 a
346 1354 507 1440 prioribus
522 1354 780 1437 progenitoribus
797 1354 874 1421 dicti
890 1357 986 1420 Pauli
1002 1355 1061 1422 filii
1076 1356 1239 1422 ‹lohannis

99 1461 264 1547 fuissent(
266 1513 392 1528 ......
394 1460 417 1546 ),
433 1483 466 1526 se
476 1461 587 1527 taliter
597 1461 805 1526 concordasse
822 1462 956 1526 confessi
973 1465 1164 1529 exstiterant
1173 1464 1237 1528 imo

99 1577 133 1634 et
148 1571 385 1635 concordarent
401 1591 508 1634 coram
534 1567 625 1632 nobis
643 1569 729 1648 quod
754 1569 822 1651 ipse
839 1577 949 1654 partes
975 1572 1138 1654 predictas
1158 1571 1238 1636 duas

99 1680 319 1760 possessiones
329 1679 532 1762 Mazaondya
542 1673 670 1759 et(Ond
681 1725 776 1742 ......
778 1674 791 1760 )
802 1683 840 1740 ut
848 1677 1036 1742 asserebant
1045 1677 1142 1744 simul
1151 1679 1239 1744 adia-

100 1793 220 1868 centes,
245 1809 318 1851 oum
344 1786 491 1850 omuibus
517 1807 629 1850 earum
654 1783 853 1849 utilitatibus
879 1786 1076 1851 ..videlicet
1101 1787 1237 1853 ecclesia

99 1893 233 1977 lapidea
248 1895 282 1958 iu
298 1894 410 1958 eadem
426 1894 624 1976 possessione
641 1891 715 1958 Ond
740 1893 773 1956 in
799 1893 953 1957 honorem
976 1894 1155 1960 beatissimi
1172 1895 1236 1960 La-

101 2002 200 2066 dislai
216 2004 303 2084 regis
320 2008 528 2067 constructa.
546 2051 553 2065 .
569 2021 608 2065 ae
624 2001 698 2066 aliis
724 2000 889 2083 quibusvis
914 2003 1097 2068 attinenciis
1114 2024 1238 2068 earum·

100 2113 176 2175 dem
192 2113 227 2175 iu
244 2111 413 2195 superficie
429 2113 573 2194 ipsarum
589 2109 818 2192 adiacentibus,
836 2111 1039 2194 presentibus
1055 2111 1238 2176 homiuibus

100 2221 200 2304 regiis
217 2220 507 2284 infranominandis
524 2227 556 2285 et
571 2219 765 2284 testimoniis
788 2220 927 2302 predicti
952 2221 1085 2304 capituli
1101 2223 1235 2287 ecclesie

99 2329 286 2411 Agriensis,
311 2349 369 2411 per
394 2329 526 2392 modum
552 2326 722 2411 pacificum
747 2326 887 2390 induas
913 2376 943 2390 ..
969 2328 1068 2394 dividi
1095 2329 1238 2394 facerent

98 2441 213 2518 partes
248 2436 438 2516 coequales;
477 2457 615 2517 quarum
655 2435 890 2516 possessionum
932 2441 1021 2500 recta
1052 2443 1084 2500 et
1115 2437 1238 2520 equalis

99 2544 286 2608 medietas.
304 2594 310 2607 .
327 2544 487 2626 prelibato
507 2543 611 2609 Paulo
630 2542 695 2606 filio
711 2541 736 2607 J
738 2542 874 2607 ohannis
899 2549 933 2606 et
957 2545 1098 2609 eiusdem
1115 2567 1238 2611 succes·

99 2652 240 2733 scribas,
259 2653 327 2716 alia
346 2659 455 2717 autem
481 2651 630 2716 similiter
646 2656 735 2715 recta
751 2657 784 2714 et
800 2651 924 2731 equalis
939 2651 1095 2717 medietas
1111 2674 1238 2718 earum-

97 2761 172 2826 dem
191 2811 199 2824 .
216 2815 222 2826 .
240 2769 398 2826 annotato
414 2761 569 2827 Ladislao
593 2759 660 2824 filio
676 2759 838 2824 Lulraohii
855 2760 970 2826 eteius
990 2761 1238 2842 posteritatibus

97 2871 170 2934 iure
188 2870 357 2951 perennal'
376 2919 382 2931 .
400 2919 406 2932 .
423 2868 667 2932 devolverentur
683 2867 883 2950 possidendo,
904 2867 972 2932 siue
988 2874 1097 2934 tamen
1114 2891 1240 2954 semper

98 2976 285 3060 preiudicio
305 2976 384 3040 iuris
401 2975 517 3056 alieni3
537 2979 670 3058 peracta
686 2993 826 3054 namque
852 2981 999 3057 protacta
1024 2975 1178 3041 divisione
1195 2977 1241 3040 di·

98 3091 232 3150 ctarum
250 3085 498 3168 possessionum,
524 3090 560 3148 ut
576 3085 609 3146 iu
625 3083 790 3164 premissis
807 3083 956 3163 habetur,
982 3085 1160 3168 prelibatus
1176 3085 1239 3149 La·

97 3194 227 3258 dislaus
254 3192 341 3257 filius
366 3192 529 3257 Lukachii
560 3191 600 3254 de
631 3192 764 3274 propria
794 3192 945 3274 porcione
970 3215 1029 3257 sua
1055 3193 1148 3258 modo
1176 3214 1241 3274 quo

95 3324 202 3386 supra
217 3301 374 3367 iamdicta
405 3301 558 3365 divisione
585 3299 646 3363 sibi
663 3299 823 3378 devoluta,
848 3307 934 3365 terre
960 3302 1157 3384 particulam
1174 3301 1241 3365 cul·

95 3417 172 3474 ture
193 3411 290 3474 unius
306 3410 409 3476 aratri
426 3407 646 3488 sufficientem,
657 3409 743 3474 circa
754 3409 938 3492 porcionem
955 3409 1240 3494 possessionariam

94 3519 246 3583 eiusdem
273 3519 370 3584 Pauli
395 3519 456 3582 filii
482 3517 620 3582 Joanuis
646 3519 679 3581 iu
705 3518 876 3583 medietato
902 3521 1111 3597 adiacentem,
1138 3519 1241 3602 regali

96 3648 257 3692 mensura
282 3627 375 3691 iuxta
400 3628 491 3710 regni
517 3625 776 3690 ansvetudinem
802 3628 1029 3705 mensurando,
1054 3650 1126 3692 cum
1152 3626 1239 3692 utili-

94 3736 276 3800 tatibus..
303 3736 345 3801 ad
370 3736 474 3818 ipsam
500 3735 595 3799 unius
621 3735 722 3798 aratri
747 3741 833 3799 terre
859 3736 1053 3818 particulam
1079 3735 1239 3819 pertiuen-

96 3844 202 3924 tibus‚
234 3843 276 3907 ob
309 3864 452 3907 amorem
484 3844 606 3907 sincere
637 3842 856 3923 proximitatis
882 3844 982 3927 ipsius
1008 3844 1105 3908 Pauli
1137 3843 1239 3907 cidem

95 3950 343 4018 contulisset..
375 3957 522 4034 preterea
548 3950 692 4033 prelatus
718 3950 842 4014 Paulus
866 3951 954 4014 lilius
979 3951 1151 4027 deba-nnis,
1177 3972 1240 4014 me·

93 4066 268 4126 moratum
284 4058 477 4124 Ladislaum
496 4057 600 4122 lilium
617 4057 777 4122 Lulraohii
803 4080 823 4122 a
848 4059 994 4141 predicto
1019 4057 1155 4124 Andrea
1170 4027 1240 4122 lilio

94 4168 195 4233 Petri
223 4167 461 4248 consangvineo
486 4167 639 4248 proximo,
660 4166 716 4246 qui
732 4173 769 4230 ut
784 4167 982 4250 prediximus
1001 4173 1153 4251 pretextu
1169 4187 1242 4250 pre-

92 4277 199 4340 misse
223 4274 440 4358 possessionis
468 4273 543 4339 Ond
568 4280 750 4356 nuncupate
775 4275 881 4357 ipsum
897 4274 1086 4340 Ladislaum
1103 4277 1137 4339 in
1153 4274 1243 4339 litem

93 4384 304 4461 attrarisset
330 4383 459 4446 racione
484 4382 626 4447 eiusdem
651 4383 858 4466 possessionis
883 4383 917 4446 iu
942 4383 1060 4448 iudicio
1085 4383 1135 4446 vel
1151 4389 1244 4446 extra

92 4493 259 4558 iudicium
286 4511 396 4554 eoram
421 4491 532 4574 quovis
558 4489 662 4554 iudice
688 4511 814 4574 semper
839 4497 871 4555 et
888 4541 894 4554 .
911 4540 917 4554 .
934 4490 1053 4574 ubique
1079 4489 1244 4555 laboribus

93 4600 247 4687 propriis
268 4605 303 4664 et
328 4597 475 4681 expensis
500 4598 652 4686 expedire
676 4597 904 4663 assumsisset.
923 4648 929 4660 .
946 4620 1010 4663 non
1034 4599 1096 4664 hoc
1119 4604 1244 4683 preter·

1082 4723 1132 4802 l5*
