3138 5462
479 520 574 583 1347.
592 535 665 582 noa.
685 521 734 584 10.
1108 521 1170 585 113

58 696 171 760 sartoris
187 697 237 761 sui
253 696 293 760 de
310 696 421 762 cadem
437 699 588 781 personis,
607 698 691 781 quod
707 699 798 764 Iwan
814 697 853 762 de
863 697 1038 776 Barrabas,
1055 699 1171 764 Deme-

58 807 124 870 trius
138 805 174 868 dc
190 803 382 888 Thywadaa
396 805 487 870 Bake
506 805 545 870 de
561 805 724 888 Bulohow,
740 805 765 870 J
766 805 909 870 ohannes
934 806 1039 871 dictos
1055 806 1169 891 Nylaa

57 913 194 978 Nicolaus
211 915 318 980 dictus
343 913 486 998 Koplan‚
511 915 680 979 Johanues
704 915 789 980 filius
815 914 1000 1000 Marbaldy,
1026 915 1169 981 Thomas

56 1024 88 1086 de
101 1020 347 1100 Obornawooda,
363 1022 528 1087 Barrabas
554 1022 595 1087 dc
619 1023 801 1105 Keroohen‚
827 1021 1016 1089 Alexander
1031 1023 1070 1088 dc
1086 1024 1172 1090 'Pha-

59 1131 127 1209 tbos,
142 1131 221 1195 seria
238 1137 329 1196 sexta
348 1133 495 1214 proxima
516 1138 589 1213 post
605 1131 722 1196 festum
747 1131 835 1196 beati
861 1129 995 1215 Georgii
1021 1133 1172 1210 martiris,

56 1241 132 1304 onius
155 1239 258 1304 tercia
274 1233 476 1322 preteriisse't
495 1238 653 1303 revolucio
678 1238 840 1316 annualis,
867 1239 972 1323 ipsum
998 1238 1171 1304 Nicolaum

57 1355 198 1412 sartorem
215 1368 310 1412 suum
327 1347 360 1411 in
376 1346 438 1411 fine
455 1347 540 1411 dicte
556 1346 631 1412 ville
648 1369 705 1412 sue
721 1348 854 1412 Fcrrow
873 1350 1047 1414 enormiter
1063 1370 1172 1432 percu-

55 1457 156 1520 sissent
179 1461 212 1520 et
237 1455 347 1520 decem
371 1475 499 1520 marcas
530 1476 606 1520 snas
636 1455 862 1538 potencialiter
893 1455 1102 1522 abstulissent
1130 1455 1172 1520 ab

55 1564 168 1644 eodcm;
192 1585 290 1647 super
307 1584 371 1644 quo
396 1569 537 1627 vestram
553 1563 733 1628 amiciciam
750 1565 889 1645 petimus
906 1616 912 1629 .
930 1613 936 1628 .
954 1570 1115 1645 quatenus
1131 1563 1170 1629 dc

55 1673 203 1754 premissis
221 1671 262 1736 ab
278 1671 426 1736 omnibus
443 1721 449 1734 .
467 1721 474 1734 .
492 1673 602 1736 sciatis
618 1679 651 1736 et
666 1672 840 1754 inquiratis
861 1672 1077 1738 omnimodam
1094 1674 1172 1737 veri·

56 1787 159 1860 tatem;
184 1786 216 1844 et
231 1785 305 1863 post
320 1780 379 1844 hec
401 1779 503 1844 tocius
527 1779 604 1844 facti
628 1781 743 1844 seriam
768 1779 860 1846 nobis
885 1779 1097 1845 amicabiliter
1123 1803 1171 1846 re·

54 1887 196 1952 scribatis¹
220 1887 343 1952 Datum
360 1885 486 1950 invilla
502 1883 668 1964 Galionua
694 1887 728 1950 iu
744 1887 864 1952 octavis
881 1887 954 1953 festi
970 1887 1065 1953 beate
1081 1889 1171 1954 Mar-

53 1996 173 2078 garetho
189 1995 333 2078 virginis,
358 2016 443 2060 anno
468 1993 589 2059 domini
613 1993 665 2058 Μο
690 1993 788 2060 0000
811 1995 916 2061 XLffl⁰
933 1997 1077 2079 septime.
1101 1996 1171 2062 Nos
1267 2015 1273 2030 ·

53 2105 140 2187 igitur
155 2103 316 2188 preceptis
345 2103 460 2167 vestris
484 2101 731 2186 peticionalibus
757 2103 943 2168 satisfacere
968 2103 1110 2170 volentes
1134 2111 1171 2169 ut

49 2220 191 2293 tenemur,
207 2211 353 2276 misimus
369 2231 469 2276 unum
494 2230 533 2274 ex
558 2210 648 2275 nobis
665 2218 806 2294 quatuor
821 2211 983 2278 iudicibus
1009 2211 1167 2277 nobilium

52 2321 186 2386 videlicet
202 2320 245 2384 ad
260 2321 401 2403 premisa
426 2325 533 2384 vestra
557 2319 712 2385 mandata
737 2320 932 2403 exequenda,
958 2321 1013 2403 qui
1030 2369 1036 2382 .
1055 2371 1061 2384 .
1079 2321 1171 2385 nobis

55 2429 155 2492 retulit
170 2449 207 2492 eo
227 2427 332 2508 modo,
348 2425 435 2510 quod
450 2427 518 2510 ipse
544 2477 574 2492 ..
601 2428 802 2512 inquirendo,
827 2429 925 2494 talam
945 2428 984 2492 de
1009 2429 1172 2512 premissis

52 2537 410 2612 rescivissetvcritatem,
427 2535 658 2619 quodpredicti
676 2536 775 2614 Iucu,
786 2536 982 2615 Demetrius,
993 2536 1171 2619 Johannes‚

52 2644 196 2710 Nicolaus
213 2652 246 2710 et
262 2645 345 2710 alter
361 2645 386 2709 J
387 2645 538 2726 ohannes,
555 2645 704 2724 Thomas,
728 2645 897 2710 Barrabas
922 2666 960 2709 ac
984 2643 1173 2710 Alexander

51 2754 79 2816 in
95 2753 219 2837 prelata
235 2753 317 2818 seria
333 2757 424 2817 sexta
439 2751 586 2835 proxima
611 2759 685 2834 post
699 2751 816 2818 festum
832 2751 919 2816 beati
936 2749 1071 2836 Georgii
1086 2774 1170 2817 mar-

50 2861 122 2938 tiris,
141 2863 228 2926 cuius
244 2860 346 2925 tercia
362 2860 520 2924 revolucio
546 2859 695 2924 annualis
720 2861 928 2943 preteriisset‚
955 2861 1060 2942 ipsum
1077 2859 1172 2924 Nico·

48 2969 131 3034 laum
155 2975 311 3034 sartorem
337 2989 431 3033 sunm
456 2969 489 3032 in
514 2967 576 3032 fine
602 2974 746 3052 protacta
764 2989 819 3033 sne
844 2967 919 3032 ville
934 2967 1067 3032 Forrow
1083 2989 1172 3032 enor-

48 3079 139 3141 miter
153 3076 369 3160 parcusissent
379 3075 528 3140 etdeoem
545 3097 672 3140 marcas
683 3097 758 3166 suas
770 3075 810 3140 ab
821 3075 932 3140 eodem
948 3075 1173 3157 potencialiter

47 3185 258 3250 abstulissent
291 3185 416 3249 Datum
441 3185 472 3249 in
499 3183 641 3263 Ferreus,
672 3184 754 3249 feria
779 3185 894 3265 quinta
925 3181 1071 3266 proxima
1097 3190 1172 3247 ante

48 3294 157 3358 testum
172 3293 258 3358 beati
274 3292 447 3362 Laurencii
464 3292 615 3370 martiris,
632 3313 717 3357 anno
732 3291 926 3375 supradicto.

149 3457 280 3520 Paplron,
294 3456 422 3504 narlatrin
436 3455 527 3517 penset
537 3455 723 3504 acredekeivel
734 3473 740 3518 ;
763 3454 893 3517 credetije
904 3469 936 3502 az
947 3468 1017 3502 orsa.
1028 3451 1058 3501 lt.
1071 3454 1172 3502 kinost.

48 3557 109 3596 ωτι.
124 3547 156 3595 N.
170 3549 204 3596 R.
220 3547 253 3594 A.
271 3551 347 3596 1537.
365 3553 404 3594 ll.
418 3545 485 3607 dipl.
500 3547 530 3594 lt.
544 3549 622 3595 3925.
643 3546 743 3594 szli:
764 3545 871 3593 Kcvacs
885 3545 919 3592 N.
1009 3549 1012 3556 '

529 3724 688 3733 ——-—-——--

585 3945 635 4005 bl.

50 4109 139 4171 1347.
154 4129 228 4189 auga
259 4105 308 4168 10.
335 4109 365 4167 A
389 4103 530 4167 dbardllci
554 4115 681 4166 convent
699 4101 770 4167 elb'tt
786 4101 999 4186 Hetyesoraloi
1023 4101 1174 4166 Miluoaclt

47 4219 151 4282 aridai
166 4219 198 4279 e's
214 4215 359 4295 Mdtc'fia
384 4213 522 4292 Tiborcz,
540 4213 683 4299 biscopes
693 4215 827 4298 mdpper
842 4216 933 4297 atjda
949 4209 1173 4294 saepepraeadb'

232 4321 377 4408 slidlekct
387 4321 505 4404 mapale
521 4322 619 4384 bozata
635 4321 686 4384 ker
701 4323 799 4383 re'szre
816 4317 972 4384 osztoaalo.

148 4485 220 4550 Nos
237 4483 393 4550 Nicolaus
413 4483 513 4548 abbas
533 4491 565 4548 et
590 4487 763 4547 conventos
789 4479 978 4545 monasterii
1002 4477 1094 4541 beate
1113 4475 1173 4540 vir-

46 4594 124 4677 ginis
149 4593 190 4658 de
207 4592 358 4657 Demank
383 4590 600 4674 significamus
617 4640 623 4654 .
640 4640 647 4655 .
664 4589 750 4673 quod
775 4587 966 4653 Dominicus
992 4584 1077 4650 filius
1103 4584 1173 4666 My-

45 4703 146 4767 kouch
170 4711 205 4766 et
229 4700 418 4765 Demetrius
442 4699 528 4764 filius
553 4697 682 4764 Nicolai
708 4697 765 4761 filii
793 4695 935 4760 eiusdem
953 4691 1116 4776 Mykouch
1133 4691 1172 4754 de

85 4837 241 4874 nxrocuonr
258 4825 429 4871 onuiurrln.
447 4835 472 4873 v.
484 4825 581 4872 ubrnr.
1052 4827 1065 4868 8
