3188 5476
349 557 414 616 608
699 567 881 610 asrouuoar
899 555 1113 612 ouurlsrmlu,

347 730 466 794 femina
482 730 652 813 procreati,
670 730 795 793 nullum
822 731 871 793 ius
898 729 1084 808 nullamque
1110 727 1340 810 proprietatem
1357 726 1474 790 habere

346 840 472 921 possint
489 839 521 901 in
538 839 639 902 tercia
656 845 749 920 purte
775 839 984 920 possessionis
1010 836 1203 920 supradicte,
1229 835 1283 898 sed
1300 836 1423 918 precise
1447 843 1474 898 et

346 947 521 1029 separatim
537 952 574 1009 ut
590 947 792 1029 premissium
810 953 866 1017 est,
884 945 994 1010 eadem
1012 947 1112 1009 tercia
1131 966 1208 1028 pars
1224 945 1473 1028 possessione-ria

347 1053 510 1136 pertineat
526 1052 567 1117 ad
584 1053 709 1117 eosdem
726 1074 842 1137 pueros
859 1053 1018 1116 duntaxat
1034 1073 1072 1116 ex
1088 1057 1313 1116 matreeorum
1333 1072 1473 1134 procrea-

345 1167 403 1224 tos.
435 1160 480 1223 Et
510 1161 537 1224 si
563 1159 690 1224 eosdem
707 1182 822 1244 pueros
847 1182 887 1224 ex
912 1165 1015 1224 matre
1032 1181 1142 1223 eorum
1163 1159 1287 1240 genitos
1311 1160 1379 1222 sine
1400 1159 1473 1224 libe-

345 1268 389 1331 ris
405 1269 547 1349 migrare
563 1269 763 1349 contingeret
776 1267 818 1330 ab
834 1267 896 1331 hac
913 1267 992 1343 luce,
1018 1271 1135 1330 extunc
1155 1265 1266 1330 eadem
1284 1267 1387 1331 tercia
1403 1288 1474 1349 pars

347 1377 556 1457 possessionis
573 1375 615 1438 ad
630 1375 717 1457 ipsos
727 1381 759 1437 et
769 1374 811 1439 ad
828 1396 938 1438 eorum
954 1371 1088 1439 heredes
1106 1380 1287 1438 revertetur
1303 1376 1374 1457 ipso
1385 1373 1476 1450 facto,

345 1503 404 1548 nec
413 1483 525 1547 eadem
536 1483 676 1564 gaudere
688 1483 813 1564 possint
824 1484 969 1546 extranei
979 1503 1178 1564 possessores
1196 1533 1201 1544 .
1218 1533 1224 1545 .
1242 1481 1368 1546 Datum
1385 1484 1417 1546 in
1435 1484 1476 1545 ri-

345 1591 423 1674 gilia
456 1591 635 1655 nativitatis
667 1591 760 1654 beate
786 1590 893 1654 Maria
918 1590 1051 1672 virginis
1077 1591 1223 1672 gloriose,
1249 1610 1334 1654 anno
1361 1589 1475 1654 domini

345 1700 420 1763 Μ“10
437 1697 557 1765 00οῐ“0
574 1699 842 1783 quiuquagesimo
859 1698 1007 1762 secundo.

452 1843 548 1907 Fi'rggo
561 1843 711 1905 pecsettel;
731 1837 862 1906 credetije
885 1857 916 1891 aa
937 1857 1005 1891 orsz.
1016 1843 1047 1890 lt.
1061 1843 1158 1891 kinost.
1173 1848 1239 1890 oszt.
1255 1843 1288 1890 N.
1303 1844 1336 1891 R.
1350 1843 1384 1892 A.
1402 1848 1472 1892 15:37.

346 1939 387 1982 60.
402 1932 468 1996 dipl.
483 1940 550 1981 oszt.
567 1937 645 1982 4303.
665 1933 805 1982 Kozolve:
826 1932 908 1982 uthai
923 1933 1025 1982 Vincze
1039 1932 1133 1981 Gabor
1146 1931 1337 1980 masolatabol.

872 2205 945 2265 379.

343 2329 439 2392 1352.
457 2340 530 2416 sepi.
544 2333 594 2392 11.
613 2329 755 2414 LLujoe
772 2331 882 2414 kiru'ly
900 2354 921 2392 u·
937 2329 1004 2392 kun
1022 2328 1247 2414 Scybesflait:
1266 2327 1400 2391 Bu-ldzst
1411 2326 1468 2390 Ja'-

410 2447 479 2501 uost
495 2443 525 2501 <ia
542 2439 684 2518 Miklost,
702 2437 768 2499 Ke'r
785 2437 999 2501 bimokulcbuu
1018 2442 1136 2500 rtemcsi
1153 2460 1274 2521 rnnpru
1286 2436 1394 2497 *aureli

449 2582 598 2648 Alterius
624 2604 697 2648 vero
723 2583 845 2647 scilicet
870 2583 972 2664 ipsius
997 2581 1119 2646 domini
1145 2581 1298 2646 Lodovici
1321 2580 1414 2661 regis,
1437 2579 1468 2641 in

341 2690 426 2754 dicto
443 2712 526 2755 anno
543 2691 663 2756 domini
689 2692 862 2756 Millesimo
886 2691 1005 2757 00οῑῐῖο
1032 2691 1300 2772 quinquagesimo
1327 2685 1470 2762 secundo,

340 2799 442 2861 tercio
458 2799 529 2862 idus
540 2797 749 2881 Septembris,
761 2798 851 2880 regni
862 2803 970 2861 autem
980 2798 1030 2860 sui
1041 2818 1126 2861 anno
1138 2796 1306 2860 undecimo
1323 2795 1468 2860 emanati⁴

342 2904 447 2987 sigillo
464 2928 520 2970 suo
537 2908 569 2970 in
586 2907 734 2989 partibus
752 2906 860 2972 Vzure
877 2903 1043 2986 deperdito
1060 2905 1240 2987 consignati
1251 2907 1284 2968 in
1296 2905 1378 2968 serie
1390 2923 1468 2966 com·

341 3014 529 3096 periebatur
554 3017 638 3077 inter
663 3014 736 3094 alia,
763 3013 850 3094 quod
876 3012 1019 3095 prefatus
1046 3012 1194 3076 dominus
1212 3011 1395 3076 Lodoricus
1419 3032 1471 3074 rex

341 3140 399 3203 pro
416 3119 628 3184 fidelitatibus
645 3127 677 3184 et
693 3120 835 3184 serviciis
852 3119 956 3183 Blasii
974 3119 997 3184 J
1001 3119 1136 3183 ohannis
1146 3129 1178 3183 et
1189 3119 1317 3183 Nicolai
1334 3115 1471 3182 filiorum

254 3263 258 3268 ·
341 3225 461 3311 Soybes
478 3249 693 3308 comanorum,
711 3249 834 3292 necnon
860 3229 903 3292 ad
927 3229 1186 3292 intercessionem
1211 3227 1361 3308 magistri
1379 3223 1471 3291 Nico-

340 3334 384 3400 lai
401 3335 459 3400 filii
475 3335 638 3400 Dominioi
655 3336 822 3400 castellani
839 3335 877 3398 de
894 3335 1037 3418 Vythan.
1057 3336 1184 3399 eosdem
1202 3333 1285 3398 filios
1306 3333 1425 3416 Scybes
1452 3355 1470 3398 a

340 3465 473 3507 numero
490 3451 521 3508 et
538 3450 609 3508 cetu
629 3465 835 3508 comanorum
864 3443 1040 3523 eximendo,
1057 3445 1090 3506 in
1115 3450 1219 3508 cetum
1246 3465 1417 3508 numerum
1442 3454 1472 3504 et

342 3555 490 3616 catenam
506 3573 655 3616 verorum
671 3552 825 3615 nobilium
851 3553 943 3633 regni
970 3552 1019 3614 sui
1043 3573 1115 3616 cum
1140 3551 1340 3634 possessione
1365 3572 1472 3617 eorum

341 3659 431 3724 Keer
456 3668 579 3740 uocata,
610 3661 761 3724 emoionis
787 3659 882 3723 titulo
908 3659 961 3722 ad·
974 3661 1061 3742 ipsos
1087 3660 1245 3737 devoluta,
1272 3661 1358 3724 sicut
1374 3661 1472 3724 emcio

340 3768 482 3832 eiusdem
498 3768 629 3850 proride
655 3773 687 3830 et
712 3767 953 3831 racionabiliter
970 3767 1057 3832 facta
1073 3770 1224 3833 existeret
1240 3770 1322 3834 etin
1338 3769 1471 3833 alterius

339 3876 551 3958 preindioinm
562 3896 624 3938 non
639 3875 933 3952 redundaretu1·,de
946 3877 1056 3956 gracia
1071 3883 1282 3958 aggregasset
1298 3875 1431 3959 speciali
1441 3883 1472 3939 et

339 4005 378 4046 ex
395 3985 482 4066 regie
499 3981 679 4046 nobilbatis
696 3984 814 4047 virtute
840 3982 1048 4059 nobilitasset‚
1074 3983 1181 4048 volens
1198 4005 1219 4047 a
1234 3991 1312 4048 tuno
1332 3986 1418 4049 omni
1435 4007 1471 4049 ea

339 4091 466 4152 sincera
483 4096 515 4152 et
530 4110 619 4152 mera
636 4090 813 4153 nobilitatis
830 4092 1044 4172 prerogativa,
1056 4112 1122 4174 qua
1138 4093 1235 4156 ceteri
1252 4099 1285 4155 et
1301 4094 1368 4156 veri
1384 4093 1473 4156 nobi·

338 4195 387 4260 les
405 4199 495 4278 regni
512 4198 561 4260 sui
578 4197 831 4278 gratularentur,
848 4199 908 4280 ipsi
934 4207 967 4264 et
992 4221 1101 4264 eorum
1127 4198 1185 4262 filii
1210 4221 1247 4263 ac
1273 4221 1472 4265 successores

338 4306 477 4368 universi
509 4305 673 4386 perpetuis
705 4304 903 4387 temporibus
934 4307 1118 4387 potirentur
1157 4329 1228 4371 cum
1270 4309 1472 4390 possessione

338 4434 449 4476 eorum
464 4418 645 4495 prenotata.

445 4556 797 4606 Garaimiklosnaeoruak
824 4564 899 4607 1405.
920 4558 979 4620 jun.
1005 4560 1139 4608 9-enkelt
1166 4559 1317 4624 resistenti,
1341 4562 1473 4623 rnelynek

336 4644 594 4707 eredetijemegvan
621 4662 652 4694 aa
674 4662 742 4696 orsa.
766 4649 797 4697 lt.
824 4649 922 4698 kincst.
949 4658 1016 4698 osat.
1031 4651 1064 4699 N.
1079 4652 1111 4700 R.
1125 4651 1157 4698 A.
1178 4655 1239 4699 258.
1254 4657 1296 4700 40.
1312 4651 1379 4713 dipl.
1399 4661 1473 4702 oszt.

341 4743 420 4785 tras.
441 4738 538 4784 Kozli:
559 4739 666 4787 Kourics
680 4741 712 4787 N.

822 4829 982 4847 ,τῲ-...Ὗ
