3180 5466
284 539 287 546 “
351 530 418 598 484
694 544 880 593 nuiounonr
896 525 1110 592 onulurrla.

346 715 597 797 comparuerunt
622 731 729 775 coram
753 708 853 786 nobis,
878 707 934 773 sed
959 708 1107 774 annotati
1132 707 1277 772 Jacobus
1308 705 1478 772 Barnabas

347 819 521 886 Ladislaus
538 825 571 884 et
587 817 712 883 Paulus
728 816 788 881 filii
803 815 976 882 Michaelis
992 816 1031 880 de
1048 816 1141 900 Ysyp
1164 817 1199 879 in
1215 817 1292 900 ipsis
1309 814 1480 896 quindenis

346 930 450 993 sancti
471 924 606 1008 Georgii
622 927 765 991 martiris
775 927 868 991 iuxta
878 925 1114 990 continenciam
1130 923 1292 989 dictarum
1308 924 1480 988 literarum

348 1035 645 1121 prorogatoriarum
671 1054 734 1098 non
760 1040 1019 1117 comparuerunt,
1045 1053 1103 1116 per
1118 1031 1247 1110 easdem
1263 1031 1344 1096 duas
1371 1038 1480 1115 partes

347 1144 491 1228 legitime
508 1163 616 1207 coram
632 1141 724 1207 nobis
741 1143 936 1226 exspectati;
953 1140 1098 1218 ‚dicimus
1114 1149 1234 1221 tamen,
1259 1140 1347 1223 quod
1374 1145 1478 1224 preta-

349 1260 421 1318 ctus
437 1251 525 1316 filius
542 1251 714 1316 Michaelis
730 1251 845 1334 quinto
860 1249 908 1314 vel
925 1257 1015 1316 sexto
1040 1249 1092 1313 die
1108 1257 1184 1314 ante
1205 1248 1334 1313 easdem
1350 1247 1482 1330 quinde-

348 1379 408 1423 nas
425 1359 467 1422 ad
484 1381 541 1423 nos
557 1358 722 1434 veniendo,
747 1365 781 1424 et
804 1380 877 1422 cum
893 1357 997 1422 literis
1022 1359 1253 1441 procuratoriis
1270 1358 1428 1442 prepositi
1452 1367 1483 1421 et

350 1475 525 1533 conventus
553 1465 591 1530 de
617 1465 713 1530 Lelez
744 1486 802 1550 pro
828 1464 947 1529 eisdem
972 1465 1077 1530 tribus
1093 1464 1250 1530 fratribus
1275 1467 1353 1542 suia,
1371 1472 1482 1548 utpote

349 1573 503 1638 Bernaba
519 1572 673 1638 Ladislao
697 1582 731 1638 et
756 1572 860 1636 Paulo
876 1572 1099 1658 comparanda
1117 1594 1155 1638 ac
1179 1575 1345 1638 universas
1372 1571 1483 1638 literas

349 1683 493 1766 ipsorum
509 1702 639 1766 presens
665 1683 834 1763 negocium
860 1689 1031 1762 tangentes
1057 1681 1316 1758 demonstrando,
1333 1701 1393 1765 per
1418 1701 1482 1744 mo-

351 1790 428 1854 dum
445 1791 692 1875 protestaciouis
708 1789 800 1853 uobis
816 1791 941 1854 curavit
957 1788 1146 1871 significare,
1171 1789 1257 1872 quod
1272 1790 1351 1856 licet
1366 1791 1430 1874 ipsi
1453 1791 1484 1854 in

351 1897 446 1964 dictis
463 1897 634 1978 quindenis
660 1897 734 1964 festi
751 1899 854 1962 sancti
880 1894 1015 1980 Georgii
1040 1899 1184 1964 martiris
1210 1921 1283 1963 crum
1302 1899 1485 1984 prenotatis

349 2007 503 2090 proximis
519 2005 586 2070 suis
603 2005 644 2068 ad
661 2007 852 2090 premissum
870 2007 1038 2087 negocium
1055 2005 1286 2091 perficiendum
1302 2027 1414 2071 coram
1431 2026 1484 2068 nc-

350 2113 400 2178 bis
416 2134 602 2199 comparere
618 2111 799 2189 debuerint,
821 2120 931 2177 lamen
957 2114 1035 2194 quia
1050 2133 1109 2197 pro
1133 2135 1219 2178 nunc
1235 2115 1268 2178 in
1284 2115 1378 2178 curia
1394 2115 1485 2195 regia

352 2245 425 2288 oum
441 2223 635 2306 quibusdam
652 2221 845 2287 adversariis
871 2223 938 2287 suis
964 2222 1163 2308 superfacto
1182 2224 1437 2308 possessionario
1453 2223 1486 2286 in

352 2331 449 2396 simili
464 2339 497 2397 et
513 2331 650 2398 forsitan
666 2333 780 2396 maiori
796 2352 894 2396 causa
912 2332 997 2396 iuter
1013 2351 1046 2396 se
1062 2331 1217 2398 deberent
1232 2331 1364 2415 litigare
1380 2351 1487 2395 neces-

352 2440 447 2520 sario,
462 2440 564 2522 igitur
580 2440 648 2524 ipse
665 2439 768 2505 dictas
793 2441 1034 2523 procuratorias
1059 2444 1092 2504 et
1110 2437 1192 2504 alias
1208 2439 1321 2506 literas
1347 2461 1426 2504 suas
1450 2447 1487 2502 ut

352 2548 544 2632 premissum
561 2555 610 2612 est
626 2544 717 2611 nobis
732 2546 980 2628 demonstratas,
996 2547 1152 2630 magistro
1167 2545 1340 2614 Gothardo
1357 2549 1446 2614 socio
1456 2556 1488 2612 et

352 2657 565 2720 concanonico
575 2675 613 2719 ac
630 2655 755 2720 notario
772 2662 883 2720 nostro
893 2655 1073 2720 dimitteret
1083 2663 1116 2721 et
1126 2676 1234 2720 coram
1245 2655 1338 2720 nobis
1355 2655 1487 2732 dimisit,

352 2763 533 2840 asserenda
549 2763 637 2846 quod
652 2764 736 2828 idem
752 2765 908 2846 magister
919 2759 1109 2830 Gothardus
1125 2765 1159 2828 in
1174 2766 1252 2849 ipsis
1269 2765 1445 2847 quindenis
1455 2766 1487 2828 in

352 2893 463 2938 eorum
478 2875 622 2958 personis
646 2894 708 2937 non
734 2880 771 2938 ut
795 2879 986 2957 procurator
1011 2871 1067 2936 sed
1092 2881 1129 2939 ut
1154 2874 1315 2940 nutricius
1341 2875 1485 2958 ipsorum

353 2982 456 3047 nostri
472 2981 505 3045 in
521 2982 686 3066 presencia
711 2980 925 3066 comparendi,
941 2989 975 3048 et
991 3003 1029 3046 ea
1045 2983 1153 3046 omnia
1173 3002 1236 3064 que
1261 2983 1295 3046 in
1321 2983 1485 3067 premissis

353 3090 494 3172 negociis
510 3090 645 3174 ipsemet
661 3088 766 3154 facere
782 3096 899 3174 posset,
910 3089 944 3153 in
954 3111 1013 3154 sua
1030 3095 1063 3153 et
1079 3088 1239 3155 dictorum
1255 3089 1397 3156 fratrum
1417 3111 1483 3154 suo

357 3217 430 3261 rum
446 3199 590 3282 personis
607 3197 744 3262 faciendi
760 3195 895 3263 haberet
909 3196 1108 3279 facrdtatem,
1124 3199 1232 3281 vigore
1244 3196 1408 3264 dictarum
1417 3199 1483 3265 lite·

353 3325 465 3370 rarum
475 3325 608 3370 suarum
625 3305 716 3369 nobis
732 3303 1026 3372 demonstratarum
1039 3307 1298 3386 etauctoritate3
1314 3308 1350 3372 in
1368 3307 1480 3389 quibus

359 3412 489 3494 quidem
505 3411 676 3495 quindenis
692 3415 795 3478 sancti
806 3412 941 3495 Georgii
957 3415 1110 3492 martiris,
1121 3415 1198 3480 licet
1207 3423 1377 3499 pretactus
1388 3415 1480 3498 magi-

356 3525 423 3585 ster
439 3517 630 3586 Gothardus
646 3542 705 3606 pro
721 3521 841 3585 eisdem
857 3520 933 3585 filiis
948 3519 1120 3586 Michaelis
1136 3521 1175 3587 de
1200 3522 1278 3606 Isyp
1294 3523 1390 3590 iuxta
1405 3544 1479 3589 com-

357 3630 539 3694 missionem
557 3629 701 3694 eiusdem
716 3629 834 3695 dacobi
850 3651 922 3695 cum
939 3629 1034 3696 dictis
1051 3630 1155 3696 literis
1164 3634 1396 3717 procuratoriis
1405 3653 1479 3697 com·

356 3737 510 3820 paruerit,
526 3741 634 3800 tamen
651 3739 730 3819 quia
746 3757 861 3800 nomen
878 3758 972 3801 suum
998 3739 1030 3801 iu
1056 3737 1176 3802 eisdem
1192 3737 1295 3804 literis
1312 3761 1377 3805 non
1392 3739 1478 3805 habe·

356 3843 462 3924 batur,
479 3841 641 3928 sepedicta
657 3843 720 3908 due
737 3851 845 3928 partes
862 3865 957 3928 super
973 3845 1034 3909 tali
1058 3847 1223 3912 astacione
1243 3867 1307 3912 non
1323 3856 1477 3915 contenta·

355 3948 484 4026 bantur,
516 3949 588 4013 ideo
622 3970 719 4034 super
760 3951 924 4034 premissis
958 3950 1222 4019 ordinacionibus
1253 3954 1348 4021 litere
1379 3963 1477 4019 nostre

356 4055 573 4141 privilegiales
589 4057 701 4122 confici
718 4059 933 4139 nequiverunt
948 4059 1034 4124 inter
1049 4065 1160 4144 partes
1176 4061 1259 4126 bono
1276 4061 1385 4142 modo;
1408 4062 1477 4126 dici·

352 4162 430 4229 ‘mus
446 4166 555 4246 eciam,
573 4165 658 4247 quod
675 4163 826 4250 prelibati
843 4163 902 4230 filii
918 4163 1020 4230 Blasii
1038 4174 1071 4233 et
1087 4167 1144 4233 filii
1155 4167 1180 4232 J
1182 4168 1318 4234 ohannis
1328 4169 1386 4235 filii
1394 4169 1475 4234 Mar-

358 4270 436 4336 kalfi
452 4292 544 4337 omne
554 4273 588 4337 id
598 4272 684 4355 quod
699 4280 827 4338 tenores
838 4281 870 4338 et
880 4275 1080 4340 continencia
1090 4275 1310 4361 predictarum
1319 4277 1478 4344 literarum

358 4388 545 4447 nostrarum
569 4379 837 4462 obligatoriarum
863 4402 960 4466 super
984 4383 1070 4449 facto
1095 4391 1346 4452 memoratarum
1363 4405 1478 4472 posses-

359 4489 485 4553 sionum
501 4487 687 4573 exprimunt
706 4495 739 4554 ct
755 4487 931 4567 declarant,
948 4487 1124 4575 adimplere
1140 4501 1249 4577 presto
1273 4500 1365 4559 erant
1379 4501 1408 4558 et
1423 4513 1479 4576 pa-

358 4599 431 4675 rati,
456 4597 512 4662 sed
537 4601 615 4682 quia
640 4601 803 4684 pretaxati
818 4598 878 4665 filii
893 4599 1066 4666 Michaelis
1092 4601 1131 4667 de
1158 4602 1254 4689 Ysyp
1269 4607 1304 4669 in
1319 4601 1480 4690 sepedictis

359 4705 531 4788 quindenis
547 4711 651 4774 sancti
667 4706 800 4792 Georgii
824 4711 968 4775 martiris
994 4711 1209 4794 personaliter
1234 4733 1299 4778 non
1323 4732 1482 4796 comparu-
