3180 5466
566 570 660 628 1352.
679 585 782 628 uruur.
803 571 850 628 18.
1200 571 1262 629 559

126 763 182 805 ere
198 750 395 820 tenerentur,
412 744 500 808 locus
519 766 589 808 vero
607 746 779 810 molendini
804 747 838 810 in
857 746 953 810 fluvio
972 747 1093 828 Zugou
1122 747 1261 810 existens

127 856 276 932 protecto
299 854 450 918 Emerico
468 905 497 918 ..
522 853 556 917 in
582 856 752 920 medietate
774 856 980 938 possessionis
996 855 1074 919 dicti
1100 853 1126 918 J
1127 855 1263 918 ohannis

128 958 188 1024 filii
206 957 341 1024 Andree
357 959 506 1024 similiter
531 961 636 1025 Kenio
663 969 773 1026 vocate
798 962 862 1027 alio
887 963 1016 1026 nomine
1036 958 1261 1046 Gywlathelke

128 1075 325 1151 nuncupate,
342 1069 426 1132 inter
452 1070 681 1151 possessionem
708 1070 852 1154 Helmoy
878 1079 911 1134 et
936 1068 1116 1152 predictum
1137 1068 1263 1133 Micho-

128 1176 212 1240 elem
230 1177 538 1259 existentiseparte
556 1177 639 1242 dicte
655 1179 864 1261 possessionis
875 1179 1018 1262 Helmey
1029 1178 1114 1242 circe
1130 1175 1262 1242 fluvium

127 1282 350 1347 Kechkesvise
373 1285 527 1367 incipiens
553 1306 656 1368 usque
673 1284 776 1364 finem,
794 1294 906 1352 contre
931 1293 1057 1368 partem
1084 1283 1263 1349 occidente-

127 1389 201 1471 lem,
219 1411 295 1473 pars
311 1412 385 1455 vero
402 1393 547 1473 superior
572 1393 726 1458 Michaeli
755 1416 825 1458 cum
853 1394 1097 1476 prememoratis
1114 1391 1263 1456 similiter

129 1518 234 1579 usque
250 1498 354 1569 finem.
372 1522 443 1564 cum
461 1501 606 1566 omnibus
624 1502 819 1567 utilitatibus
845 1525 918 1568 cum
944 1504 1092 1586 porcione
1112 1500 1190 1565 dicti
1207 1499 1265 1564 Jo-

129 1606 248 1670 hennis
265 1606 323 1670 lilii
339 1607 471 1672 Andree
497 1611 581 1673 inter
607 1609 737 1676 fluvium
766 1611 863 1694 Tycie
881 1617 913 1674 et
929 1610 1033 1674 Tecto
1049 1611 1082 1672 in
1108 1609 1264 1674 comitatu

130 1713 170 1777 de
197 1713 326 1780 Saboch
351 1718 516 1782 existentis
548 1717 696 1782 similiter
722 1718 828 1782 Kenio
852 1725 969 1796 roceto,
994 1718 1059 1781 aliu
1084 1739 1158 1782 uero
1189 1739 1265 1801 pers

129 1821 216 1886 dicte
234 1825 483 1906 possessionarie
500 1826 659 1908 porcionis
677 1825 709 1888 in
727 1826 847 1898 eedem,
864 1825 1023 1902 Emerice
1035 1825 1208 1904 unicuique
1231 1824 1263 1885 in

129 1929 215 1994 filios
232 1929 372 1998 filiorum
388 1932 516 1996 fecisset
532 1938 687 2016 perpetue
703 1939 735 1996 et
751 1933 1003 1996 irrevocabiliter
1029 1931 1219 2014 possidende
1237 1983 1243 1995 .
1261 1983 1266 1994 .

129 2039 192 2104 hoc
208 2039 344 2118 adiectu,
361 2041 446 2122 quod
464 2043 490 2106 si
507 2042 589 2106 idem
616 2041 758 2107 Miehael
784 2065 857 2106 cum
883 2042 1115 2124 prenominatis
1131 2043 1164 2105 in
1181 2040 1266 2104 dicto

130 2146 229 2212 fluvio
247 2149 463 2214 molendinum
481 2157 665 2214 construere
683 2151 808 2231 poterit,
826 2156 941 2214 extunc
958 2149 1142 2213 clausuram
1153 2155 1184 2212 et
1193 2169 1265 2232 par-

130 2263 198 2319 tem
214 2258 247 2318 iu
265 2256 334 2340 ipso
350 2255 446 2321 fluvio
463 2257 582 2340 Zugow
600 2257 736 2323 liberem
751 2257 884 2322 heberet
909 2257 1115 2321 coustruendi
1133 2255 1266 2320 faculta-

132 2369 206 2430 tem.
232 2365 367 2449 insuper
403 2366 429 2429 si
454 2367 598 2448 aliquem
633 2367 863 2448 possessiouem
892 2386 956 2426 sew
983 2364 1266 2448 possessioneriem

131 2473 318 2552 porcionem
343 2473 419 2537 dicti
441 2473 602 2539 Johunnis
619 2473 843 2556 quoquomodo
860 2473 1034 2537 alienatum
1051 2474 1217 2553 requirere
1235 2523 1242 2537 .
1260 2523 1266 2535 .

131 2587 273 2660 possent,
291 2589 407 2646 extunc
424 2583 508 2646 idem
531 2583 699 2647 Emericus
716 2589 749 2646 et
764 2582 908 2646 Micheel
933 2603 1005 2646 cum
1023 2581 1096 2645 eliis
1113 2579 1266 2663 predictis

130 2689 164 2750 in
193 2688 274 2752 dues
299 2697 407 2772 partes
433 2690 572 2756 dividere
598 2699 832 2756 tenerentur..
856 2690 980 2755 Datum
1012 2689 1093 2753 ferie
1125 2689 1265 2753 secunda

130 2803 207 2877 post
224 2795 418 2862 dominicam
429 2797 533 2877 Oculi,
544 2821 628 2864 anno
645 2799 765 2864 domini
777 2799 952 2863 Millesimo
971 2794 1091 2861 OOOffl⁰
1108 2797 1266 2879 quinque-

132 2905 257 2986 gesimo
275 2907 422 2970 secunde.

242 3069 327 3119 renos
340 3071 433 3120 leleszi
446 3071 557 3134 prepost
580 3071 607 3120 es
621 3089 637 3121 a
650 3075 768 3120 convent
782 3071 850 3119 ditat
875 3070 1010 3118 »Jacobus
1033 3067 1107 3116 filius
1130 3067 1212 3116 Peuli
1234 3065 1267 3114 de

132 3157 239 3208 Keniz«
255 3157 379 3208 keresere
396 3163 529 3210 lust-ben
542 3161 667 3210 »infesto
690 3160 839 3210 Divisiouis
861 3159 1074 3220 Apostolorum«
1100 3157 1158 3205 kelt
1171 3156 1268 3204 ttlrst·

132 3249 198 3310 ban,
219 3249 323 3310 melyet
335 3249 483 3314 Zsigmoud
497 3251 645 3314 kirtlynalr
670 3251 715 3300 »in
728 3249 861 3314 Visegred
875 3249 989 3297 sabbato
1004 3251 1066 3309 post
1073 3247 1175 3295 festum
1188 3245 1267 3294 Nati-

133 3338 232 3387 uitatis
246 3337 362 3402 virginis
375 3341 508 3405 gloriose«
527 3343 661 3391 1412-ben
674 3340 766 3389 »Petri
780 3339 831 3388 filii
841 3338 986 3388 Michaelis
1000 3337 1032 3384 de
1046 3336 1173 3396 Kerchy‹
1188 3335 1265 3382 kert-

133 3427 194 3476 sdre
207 3428 319 3478 kiadott
331 3430 469 3480 rendelete
479 3432 697 3480 kdvetkozteben
724 3429 825 3480 Milrlds
838 3429 930 3478 leleszi
953 3427 1066 3490 prepost
1078 3426 1106 3475 es
1119 3441 1136 3475 e
1149 3430 1268 3476 convent

136 3523 253 3567 >octavo
267 3519 311 3567 die
324 3521 388 3569 festi
401 3523 525 3572 omnium
540 3526 712 3572 sanctorum«
738 3521 872 3569 1412-ben
882 3520 920 3568 lrt
934 3519 970 3580 st,
996 3517 1123 3577 melynek
1137 3513 1267 3576 eredetije

133 3623 254 3672 megven
268 3625 284 3659 a
296 3611 330 3660 N.
345 3612 530 3664 Muzeumben
544 3629 560 3662 a
573 3614 660 3662 Hstos
674 3612 705 3661 G.
720 3611 773 3661 fele
792 3608 1032 3675 gyujcemenyben.

666 3957 739 4018 346.

138 4121 235 4184 1352.
253 4119 363 4200 Roda,
380 4127 473 4182 mari.
491 4119 541 4180 18.
560 4118 587 4180 I.
606 4115 707 4202 Lcjos
723 4115 834 4201 lcircilp
851 4115 923 4178 altu
938 4109 1088 4174 Totame'r
1096 4105 1270 4192 satureum·

132 4235 267 4317 proposi
284 4229 311 4292 I.
329 4229 455 4314 Krirolp
472 4228 582 4314 loudly
608 4225 782 4312 eopcdclmc
808 4219 1038 4284 lodoctlceztdbcu
1060 4215 1158 4279 Roda
1173 4217 1269 4276 odro-

136 4339 243 4403 so‘ban
267 4363 323 4424 epp
339 4339 444 4416 heizet,
471 4339 630 4400 oalcrnint
655 4357 726 4396 ecco
742 4336 838 4396 uriros
864 4328 1048 4393 caturcino
1057 4324 1158 4410 fekvr'i
1174 4321 1271 4384 szullt'

302 4447 457 4510 birtolcoc't
472 4442 744 4510 urrokao'cscsc'nek
761 4439 930 4503 birtolccida
947 4437 1106 4519 boosdtja.

248 4609 318 4674 Nos
349 4609 528 4674 Lodovicus
546 4658 552 4671 .
571 4657 576 4668 .
610 4629 689 4670 rex.
707 4655 712 4668 .
737 4601 953 4686 significamus
971 4649 976 4662 .
994 4647 1000 4660 .
1026 4593 1110 4678 quod
1128 4641 1158 4658 ..
1184 4591 1269 4655 The-

138 4720 297 4784 temerius
314 4717 467 4782 Albensis
493 4717 625 4782 ecclesie
641 4713 822 4796 prepositus
839 4730 945 4774 coram
963 4704 1053 4768 nobis
1078 4703 1270 4766 constitutus
