3188 5470
576 475 670 536 1349.
686 492 753 537 rur..
771 480 801 537 8.
1187 475 1250 536 299

116 653 210 718 nobis
226 653 417 719 debentibus
432 653 606 736 expeditos.
630 653 754 718 Datum
780 653 881 730 Bude,
906 659 1016 718 octavo
1042 652 1093 716 die
1118 651 1250 716 termini

117 764 291 847 prenotati,
307 784 392 827 anno
409 762 531 828 domini
547 761 599 826 M⁰
624 760 722 830 0000
748 762 851 828 XLm⁰
866 782 958 826 nono.

225 907 378 972 Hritlapjdn
391 909 483 972 penset
495 907 671 974 nyomaiva13
691 907 821 972 eredetije
835 922 866 958 aa
881 922 949 958 orez.
964 907 1083 969 ltdrban,
1097 921 1113 954 a
1127 903 1249 966 Osicsery

115 1014 151 1048 es.
165 998 412 1062 letetemenyoben.

645 1310 718 1371 165.

116 1469 213 1531 1349.
232 1469 343 1548 Bada,
350 1469 417 1554 jul.
434 1469 463 1538 8.
487 1468 602 1532 Tauros
618 1468 799 1554 orszdpbiro'
818 1467 900 1548 otoo,
919 1465 1108 1548 Lorcindflo
1129 1464 1248 1529 Tamna

103 1576 173 1656 fiai
187 1575 290 1640 Jonas
306 1578 337 1640 e's
360 1577 488 1656 Tamus,
507 1573 643 1642 Csieseri
658 1577 816 1642 Demoleos
837 1577 908 1656 finit
925 1574 1110 1661 tizeuupolca
1135 1571 1249 1636 ma‘rlra

354 1686 536 1749 tartozn'sak
551 1685 785 1771 mepytzctdsdrdl
799 1684 995 1770 epoptatjdlc.

224 1845 294 1912 Nos
317 1869 422 1914 comes
448 1847 590 1914 Thomas
615 1848 711 1914 iudex
728 1849 815 1914 curie
831 1847 952 1912 domini
977 1847 1063 1929 regis
1079 1895 1085 1906 .
1103 1893 1109 1907 .
1127 1841 1247 1926 signiti-

110 1975 224 2019 camus
241 2004 247 2018 .
266 2006 272 2018 .
289 1955 375 2036 qued
391 1977 464 2021 cum
479 1956 504 2021 J
506 1976 625 2021 oannes
635 1963 667 2020 et
678 1955 871 2039 Stephanus,
882 1953 1039 2021 Nicolaus
1052 1958 1085 2018 et
1094 1949 1247 2016 Andreas

109 2061 171 2126 filii
187 2061 352 2128 Dominici
370 2063 429 2128 filii
445 2062 470 2128 J
471 2063 512 2128 ob
528 2062 567 2127 de
584 2061 716 2143 Ohecer,
739 2086 799 2149 pro
825 2063 942 2144 quibus
958 2062 1043 2126 idem
1060 2061 1247 2144 Stephanus

108 2171 300 2237 ..astando
316 2173 348 2236 in
366 2173 487 2238 octavis
506 2171 581 2237 festi
608 2173 787 2238 nativitatis
811 2172 899 2237 beati
923 2170 949 2236 J
950 2169 1063 2235 oannis
1087 2169 1247 2250 Baptiste,

107 2277 259 2343 «iohanni
276 2285 309 2343 et
324 2279 349 2344 J
351 2279 449 2344 acobo
474 2277 550 2344 filiis
566 2279 690 2346 Thome
715 2279 774 2344 filii
789 2279 943 2357 Lorandi‚
968 2280 1059 2344 iuxta
1084 2277 1246 2343 continen-

107 2387 193 2451 ciam
210 2387 380 2452 literarum
397 2387 523 2453 comitis
539 2388 635 2453 Pauli
661 2387 796 2454 condam
821 2387 936 2453 iudicis
963 2387 1051 2451 curie
1075 2385 1164 2466 regie
1180 2403 1245 2447 mo-

107 2495 187 2560 dum
199 2501 233 2560 et
242 2495 380 2560 formam
389 2496 557 2562 iudiciario
567 2497 811 2564 deliberacionis
828 2495 971 2562 eiusdem
984 2493 1245 2577 exprimencium,

108 2625 209 2685 super
227 2603 345 2669 debitis
364 2603 474 2670 decem
491 2611 523 2670 et
537 2611 610 2671 octo
635 2627 818 2670 marcarum
842 2605 982 2671 racionis
997 2600 1159 2668 Budensis
1175 2620 1245 2682 per·

106 2711 338 2776 solvendarum
354 2733 388 2777 se
405 2714 558 2795 expedire
574 2713 768 2790 debuissent,
794 2713 863 2796 ipso
888 2711 1027 2778 termino
1043 2709 1245 2786 silveniente,
1275 2735 1278 2740 ·

107 2821 357 2904 prenominatus
373 2822 399 2887 J
400 2823 543 2888 ohannes
568 2823 655 2888 filius
672 2824 795 2890 Thorne
812 2844 871 2907 pro
887 2843 921 2888 se
937 2819 1159 2906 personaliter,
1184 2836 1244 2900 pro

106 2928 257 3012 predicto
273 2937 384 2996 autem
399 2930 424 2996 J
426 2931 527 2997 acobo
543 2931 644 2998 fratre
661 2952 719 2997 suo
745 2953 818 2996 oum
843 2929 1076 3015 procuratoriis
1092 2925 1196 2990 literis
1213 2975 1219 2988 .
1237 2972 1243 2986 .

105 3039 326 3120 comparendo
342 3059 451 3104 coram
466 3039 566 3122 nobis,
584 3060 681 3122 snper
696 3038 842 3122 predicta
853 3058 977 3104 summa
992 3036 1125 3119 pecunie
1143 3053 1244 3114 quan-

105 3147 205 3211 titate
222 3147 483 3212 satisfaccionem
499 3148 580 3212 iuris
605 3147 717 3212 ordine
743 3151 949 3230 exspectante
974 3142 1156 3209 antedictus
1173 3139 1244 3206 Ste-

103 3253 237 3336 phanus
263 3252 350 3320 filius
365 3254 529 3319 Dominici
560 3254 746 3318 iamdictam
772 3274 930 3318 summam
956 3253 1089 3335 pecunie
1115 3251 1244 3334 quanti-

104 3367 209 3426 tatem
227 3361 298 3443 ipso
314 3361 459 3426 Jehanni
477 3363 570 3443 plene
595 3361 750 3444 persolvit
775 3381 884 3426 eoram
905 3359 1004 3424 nobis.
1029 3357 1135 3440 Super
1151 3358 1242 3422 euius

104 3468 209 3534 debiti
226 3469 338 3534 decem
355 3475 388 3534 ct
403 3476 474 3534 octo
490 3489 675 3534 marearum
700 3467 861 3534 solucione
878 3467 1058 3550 sepedictus
1074 3466 1243 3530 lohannes

103 3575 195 3641 filius
213 3576 337 3642 Thome
364 3599 421 3641 suo
447 3582 480 3640 ct
495 3575 631 3658 predicti
658 3574 769 3640 fratris
795 3575 846 3639 sui
872 3575 1001 3638 nomine
1017 3624 1024 3637 .
1041 3623 1047 3636 .
1064 3573 1194 3656 penitus
1211 3579 1243 3636 et

103 3707 166 3768 per
182 3685 294 3750 omnia
309 3685 437 3750 eosdem
455 3737 460 3750 .
479 3737 484 3748 .
502 3685 585 3750 filios
601 3683 765 3750 Dominici
787 3683 845 3748 filii
870 3683 938 3748 Job
963 3683 1156 3748 auctoritate
1172 3701 1241 3762 pre-

103 3795 253 3884 sencium
269 3793 412 3860 reddidit
427 3793 593 3876 expeditos
611 3815 717 3858 coram
736 3793 836 3858 uobis.
852 3793 992 3875 Insuper
1008 3796 1241 3856 assummentes

104 3907 141 3964 et
157 3899 340 3985 obligantes
356 3923 389 3966 se
406 3901 502 3966 iidem
522 3901 546 3964 J
548 3901 690 3966 ohannes
705 3899 791 3964 filius
808 3899 929 3964 Thome
945 3899 1167 3981 personaliter,
1182 3919 1241 3982 pro

101 4007 255 4092 predicto
271 4015 380 4075 antem
396 4009 523 4074 dacobo
539 4009 639 4074 fratre
658 4029 718 4073 suo
742 4009 870 4073 nomine
895 4008 1116 4092 procuratorio
1133 4027 1240 4072 coram

101 4115 207 4197 nobis,
224 4123 262 4182 ut
278 4118 444 4181 universas
463 4116 576 4182 literas
602 4114 747 4180 causales
764 4121 796 4180 et
812 4115 989 4194 iudiciales,
1006 4121 1073 4180 tam
1097 4121 1241 4198 tempore

100 4222 225 4308 prefati
241 4223 406 4289 Dominici
417 4224 476 4290 filii
487 4223 554 4290 Job
569 4225 672 4306 patris
692 4223 892 4305 prefatorum
908 4223 1071 4288 iohannis
1082 4222 1239 4306 Stephani

102 4331 236 4397 Nicolai
254 4339 286 4397 et
303 4329 445 4414 Andreo,
472 4354 570 4415 quam
594 4339 738 4415 tempore
764 4332 947 4397 eorumdem
973 4353 1070 4415 super
1095 4332 1240 4414 predicta

101 4462 232 4505 summa
252 4442 387 4523 pecunie
404 4441 521 4507 eteius
546 4440 786 4524 gravaminibus
813 4441 925 4522 quovis
951 4441 1044 4506 modo
1061 4447 1239 4520 emanatas,

100 4549 170 4614 sive
186 4551 221 4614 in
237 4549 356 4614 indicio
372 4551 436 4614 sive
453 4557 545 4616 extra
560 4549 713 4616 indicium
730 4556 903 4631 exponeret
918 4549 1133 4628 eteuhiberet¹
1150 4572 1238 4616 casse

101 4663 136 4724 et
153 4664 281 4724 mortue
298 4656 414 4724 fierent
423 4657 492 4744 ipse
508 4658 601 4724 litere
612 4663 644 4724 et
653 4656 784 4738 inanes3
801 4659 870 4724 etsi
881 4659 1033 4743 temporis
1044 4658 1076 4723 in
1087 4679 1239 4744 processu
