3226 5462
658 713 709 772 31.

131 865 216 928 1347.
235 866 338 930 Budu.
356 871 430 952 maj.
448 871 499 933 29.
517 870 634 934 Mileto's
649 872 752 935 addor
777 874 954 956 meyert'siti
969 896 1045 936 uzon
1070 877 1248 960 eyyezsessqet,

131 974 227 1059 ureiyet
244 974 346 1038 Karai
368 976 470 1040 Jctnos
486 979 517 1041 ds
535 975 664 1062 Cziueqe
689 979 791 1044 Jrz'aos
812 979 858 1057 fin
884 980 1017 1060 Miletos,
1045 981 1193 1067 Vdrfdlde
1218 989 1249 1049 e‘s

129 1083 212 1144 Keszi
224 1093 304 1146 rrectt
323 1083 442 1148 Giinrdr
457 1089 637 1173 cdrmepyei
661 1087 907 1172 dirtoicodfetett
924 1089 1047 1153 hosszas
1069 1091 1249 1176 periodeutes

127 1193 195 1253 utria
220 1188 266 1254 II.
292 1190 400 1256 Eadrc
426 1193 535 1280 discip
563 1195 700 1258 1232-ti
724 1197 891 1281 dutdrjdrd
917 1197 1007 1261 leuelc
1028 1177 1209 1264 c'rtelmc'deu
1227 1226 1248 1265 u

432 1305 519 1366 vdczi
534 1303 687 1390 ledptalua
705 1304 774 1368 elt'tt
792 1304 932 1370 corruet.

223 1460 292 1526 Nos
310 1462 465 1532 Nicotaus
482 1513 488 1528 .
506 1514 512 1527 .
530 1465 694 1549 palatinus
711 1471 744 1532 et
759 1466 855 1532 iudex
881 1488 1088 1534 comanorum
1105 1519 1130 1534 ..
1147 1471 1243 1554 signi-

127 1567 246 1634 ficamus
263 1622 269 1634 .
287 1621 294 1634 .
311 1572 396 1654 quod
412 1574 502 1638 iuxta
518 1575 750 1640 continenciam
767 1577 910 1659 priorum
935 1576 1103 1642 literarum
1120 1584 1245 1644 nostra-

129 1698 200 1754 mm,
215 1679 247 1742 iu
273 1680 444 1762 quindenis
470 1682 645 1748 residenoie
669 1683 788 1766 regalis
815 1685 973 1749 exercitus
999 1685 1053 1748 ed¹
1068 1687 1246 1768 quindenas

129 1784 376 1868 Epiphaniarum
392 1789 514 1852 domini
539 1812 622 1854 anno
648 1792 806 1874 preterito
832 1799 1013 1857 transactas
1038 1793 1246 1876 proclamata

129 1891 283 1959 Johannes
299 1895 385 1962 filius
401 1897 530 1963 Nicolai
552 1899 591 1963 de
616 1899 708 1965 Kata
732 1900 946 1983 personaliter
970 1901 1004 1965 in
1030 1907 1141 1966 nostra
1167 1901 1247 1967 iudi-

129 2003 217 2066 ciaria
241 2002 344 2086 figure
368 2007 719 2091 compa1·endo,contra
748 2006 921 2074 Nicolaum
951 2007 1053 2072 filium
1084 2008 1246 2074 Johannis

129 2109 238 2176 dictum
253 2109 381 2196 Cynege
398 2113 510 2180 literas
527 2115 680 2200 prepositi
700 2122 732 2181 et
757 2122 930 2180 conventus
946 2115 985 2180 de
1001 2115 1027 2180 J
1028 2136 1093 2195 azo,
1110 2117 1246 2182 formam

129 2220 366 2300 possessionarie
381 2222 648 2289 reambulacionis
665 2223 863 2307 explicantes
881 2224 972 2289 nobis
1000 2224 1246 2303 demonstrarat,

130 2326 157 2388 iu
172 2326 255 2392 cuius
279 2335 392 2394 tenore
419 2332 654 2414 reperieramus
679 2353 828 2416 expresse
853 2333 1019 2412 contineri,
1061 2333 1145 2416 quod
1171 2356 1244 2399 cum

130 2433 203 2498 idem
217 2435 383 2502 Johannes
400 2437 485 2504 filius
501 2437 629 2506 Nicolai
646 2461 784 2504 unacum
810 2437 927 2504 Oosmn
942 2440 1070 2506 homine
1087 2447 1196 2508 nostro
1214 2449 1247 2508 et

130 2535 217 2610 fratre
240 2546 390 2612 dohanue
422 2549 605 2614 testimonio
637 2546 780 2612 eiusdem
810 2553 992 2626 conventus,
1014 2547 1095 2614 ferie
1125 2557 1243 2634 quarta

131 2655 262 2734 proxima
278 2663 353 2720 ante
370 2655 487 2721 festum
512 2655 673 2722 Undecim
697 2654 801 2720 millia
825 2655 986 2740 virginum
1011 2659 1155 2741 proxime
1181 2662 1245 2725 iam

129 2765 321 2844 preteritum,
358 2763 520 2847 quendam
554 2765 786 2850 possessionem
810 2763 1002 2830 Warfeulde
1035 2771 1180 2832 vocatam
1212 2766 1245 2830 in

129 2869 268 2934 comitatu
289 2869 504 2937 Gumuriensi
533 2871 749 2937 existentem.
767 2894 848 2956 „per
872 2873 932 2938 has
948 2879 1068 2938 metas:
1096 2871 1247 2940 videlicet

129 2987 245 3061 aparte
270 2980 461 3046 occidentali
493 3003 512 3045 a
543 2979 668 3046 duabus
699 2981 792 3046 metis
824 2982 938 3046 terreis
969 2979 1161 3063 incipiendo,
1184 3003 1246 3064 quc

127 3093 303 3170 separarent
327 3109 348 3153 a
373 3089 570 3172 possessione
596 3087 769 3172 Kerepech
801 3094 921 3164 vocata,
948 3087 1003 3152 ubi
1035 3088 1142 3152 nullus
1174 3109 1246 3153 cou-

125 3195 269 3261 trudictor
285 3195 470 3276 exstitisset,
486 3194 600 3260 deinde
616 3195 763 3261 tenderet
782 3216 890 3260 versus
907 3195 1065 3259 orientem
1081 3196 1115 3260 in
1131 3196 1243 3261 eodem

125 3307 221 3366 monte
236 3303 276 3368 ad
293 3325 391 3368 unam
406 3309 534 3382 metam,
565 3303 681 3368 dehinc
696 3301 879 3368 flecteretur
899 3323 1009 3367 versus
1025 3303 1194 3368 meridiem
1211 3311 1244 3369 et

126 3412 269 3476 transiret
284 3433 383 3477 unam
399 3412 516 3476 vellem
526 3418 558 3477 et
567 3413 715 3496 iungeret
724 3417 842 3476 motem
863 3417 1002 3478 terream
1015 3411 1242 3477 circumfusam

124 3519 218 3584 Eulse
233 3519 359 3585 arboris
376 3519 458 3585 ilicis
474 3521 508 3584 in
523 3521 625 3585 latere
652 3519 785 3584 ulterius
801 3519 927 3597 montis,
953 3525 1026 3601 post
1051 3520 1111 3584 hec
1135 3539 1244 3583 asceu-

128 3625 209 3692 deret
234 3649 333 3712 supra
363 3649 473 3694 versus
499 3648 643 3694 ceresam
670 3627 711 3692 ad
736 3627 815 3692 dues
840 3631 944 3691 metes
970 3631 1102 3704 terreas,
1127 3625 1245 3692 abhinc

126 3735 299 3802 ascenderet
315 3735 357 3802 ad
372 3735 503 3802 flurium
527 3735 628 3801 Kezw
654 3741 686 3800 et
710 3735 744 3799 in
769 3733 881 3799 eodem
897 3733 994 3798 fluvio
1010 3754 1111 3817 usque
1128 3733 1169 3798 ad
1185 3732 1243 3798 du-

126 3844 199 3908 rium
214 3845 346 3910 Rekche
362 3844 418 3910 ubi
443 3845 544 3909 eciem
567 3844 675 3908 nullus
702 3842 917 3908 contradictor
942 3843 1127 3924 exstitisset,
1156 3843 1245 3906 etde

127 3951 223 4018 eodem
238 3952 332 4018 fluxio
356 3953 489 4018 Rekche
505 3951 626 4017 directe
645 3973 746 4035 usque
762 3951 804 4015 ad
828 3949 960 4016 fluvium
988 3950 1072 4035 Saye
1099 3949 1244 4016 reambu·

130 4058 226 4142 lando,
242 4069 343 4128 metas
360 4063 485 4145 erigere
499 4067 532 4126 et
547 4061 640 4126 modo
657 4081 720 4144 quo
736 4081 834 4144 supra
850 4059 910 4125 sibi
925 4060 1025 4126 statui
1040 4059 1145 4125 fecere
1160 4057 1247 4123 volu·

128 4165 201 4246 isset,
216 4169 379 4254 predictus
395 4167 552 4234 Nicolaus
577 4169 683 4234 dictus
709 4167 837 4253 Cynege
865 4175 974 4252 preter
999 4168 1124 4234 duabus
1149 4167 1244 4231 metis

128 4277 217 4356 primo
241 4278 376 4362 inceptis
401 4284 433 4342 et
457 4276 555 4342 fluvio
579 4277 680 4342 Kezw
695 4298 798 4362 usque
813 4275 945 4342 fluvium
962 4275 1103 4354 Rekche,
1118 4276 1152 4339 in
1170 4274 1244 4338 aliis

129 4385 328 4451 ereccionibus
345 4392 377 4450 et
393 4385 628 4452 statucionibus
644 4391 805 4452 metarum
824 4384 1040 4450 contradictor
1057 4382 1241 4460 exstitisset,

130 4491 156 4553 iu
177 4493 427 4560 reembulacione
452 4502 560 4561 autem
594 4496 780 4560 earumdem
810 4500 971 4558 metarum
995 4514 1059 4559 non
1085 4491 1245 4558 contradi-

130 4600 230 4684 xisset;
253 4625 390 4686 quarum
416 4604 582 4668 tenoribus
607 4605 754 4688 partibus
779 4601 1050 4686 perlectis-idem
1075 4603 1244 4666 dohannes
