3188 5470
565 463 660 526 1349.
679 466 751 526 uls.
772 464 820 531 13.

652 717 726 780 144.

125 876 219 938 1340.
239 875 349 954 Bada,
366 877 444 958 maj.
461 875 491 937 8.
517 875 581 940 Pu'l
597 877 784 960 ονεκτῑῃόίνό
800 903 819 941 α
837 882 1071 966 murgitazipeti
1096 885 1253 968 opdczdk·

125 985 191 1048 isole
210 983 384 1047 Zsa‘mbelci
401 982 543 1067 Eynarol
559 985 638 1048 olleo
655 983 814 1049 Somodor
831 993 911 1049 eiecit
937 987 1043 1053 birtok
1061 990 1254 1078 miattfoly-

460 1100 553 1156 totott
570 1093 703 1177 riqyiiltct
721 1093 917 1180 elltolosztjc.

229 1250 300 1317 Nos
316 1271 422 1317 comes
447 1250 570 1316 Paulus
595 1251 691 1317 iudex
716 1253 802 1319 curie
819 1305 826 1320 .
844 1306 850 1320 .
867 1255 980 1321 damus
1005 1279 1063 1341 pro
1088 1261 1243 1326 memoria

123 1362 208 1445 quod
225 1381 365 1438 causam,
382 1380 480 1442 quam
496 1361 647 1443 religiose
664 1361 791 1428 domine
812 1365 1072 1431 sanctimoniales
1088 1366 1128 1431 dc
1138 1368 1253 1433 Insula

122 1471 295 1554 Leporum,
311 1488 370 1552 pro
382 1465 499 1548 quibus
510 1466 613 1532 frater
623 1467 798 1534 Ladislaus
815 1492 887 1534 cum
903 1475 1133 1554 procuratoriis
1151 1475 1253 1542 literis

121 1576 306 1644 earumdem
323 1574 513 1658 comparuit,
530 1580 643 1639 contra
658 1577 849 1659 magistrum
860 1578 1048 1662 Eyuardum
1059 1581 1099 1645 de
1109 1579 1253 1648 Sambuk

120 1685 336 1770 personaliter
351 1689 597 1766 comparentem,
617 1684 708 1748 iuxta
733 1685 968 1752 continenciam
985 1689 1129 1771 priorum
1144 1691 1253 1757 litera-

121 1815 190 1858 rum
207 1799 405 1868 nostrarum,
430 1791 464 1854 in
490 1791 611 1856 octavis
635 1791 709 1856 festi
725 1791 812 1857 beati
829 1791 963 1877 Georgii
988 1797 1139 1874 martirio,
1157 1819 1253 1882 super

119 1903 205 1967 facto
232 1899 463 1986 prohibicionis
494 1899 661 1965 cuiusdam
693 1901 852 1983 particule
883 1908 969 1967 terre
993 1904 1027 1968 in
1052 1906 1252 1988 possessione
1317 1949 1319 1952 -

120 2009 283 2076 Sumudor
294 2014 539 2091 vocataaparto
549 2009 759 2092 possessionis
778 2010 922 2094 predicte
933 2009 1078 2078 Sambuh
1089 2015 1253 2081 utdicitur

120 2118 289 2184 existentis
306 2138 415 2183 coram
432 2115 522 2181 nobis
538 2137 665 2180 movere
681 2117 853 2200 habebant,
869 2119 908 2184 de
918 2127 1163 2204 procuratorum
1179 2145 1252 2208 par·

120 2227 203 2290 oium
220 2224 386 2290 voluntate
402 2223 444 2288 ad
460 2229 588 2288 octavas
599 2223 674 2288 festi
685 2224 770 2290 beati
780 2226 952 2292 Michaelis
963 2229 1150 2313 archangeli
1167 2253 1252 2296 nunc

119 2334 264 2417 proxime
290 2338 443 2398 venturas
471 2333 664 2416 peremtoria
690 2334 750 2398 sub
776 2335 875 2420 priori
901 2341 989 2402 statu
1014 2338 1163 2404 duximus
1179 2362 1252 2424 pro·

120 2441 306 2526 rogandam.
330 2439 456 2505 Datum
472 2440 575 2518 Bude,
600 2447 712 2506 octavo
737 2441 788 2506 die
813 2443 943 2508 termini
968 2447 1141 2528 prenotati,
1166 2469 1251 2514 anuo

119 2549 240 2614 domiui
257 2549 308 2614 Μ’
331 2546 451 2616 ΟΟΟ“”
468 2547 572 2639 XLP⁰
588 2570 681 2614 nouo.

226 2711 356 2775 Paplron,
370 2712 495 2762 ztrlatan
509 2711 601 2775 pocstt
614 2712 817 2778 toredekoive13
838 2715 969 2778 credetije
982 2731 1014 2766 az
1028 2730 1096 2766 orsa.
1108 2718 1139 2766 lt.
1151 2717 1249 2768 kincst.

119 2811 186 2853 oszt.
199 2804 278 2852 Mon.
291 2803 393 2852 Poson.
408 2807 449 2851 52.
465 2807 488 2851 6.
501 2802 567 2866 dipl.
582 2809 649 2852 oszt.
664 2808 741 2853 4038.
761 2805 860 2855 Kozli:
881 2805 988 2856 Koraos
1001 2807 1035 2854 N.

648 3149 720 3210 145.

121 3289 219 3351 1349.
236 3289 312 3373 maj.
335 3287 380 3350 13.
399 3284 429 3349 A
449 3285 587 3350 csoaddi
601 3287 759 3370 kdptclaa
776 3287 848 3350 εῖδει
860 3287 1017 3370 Dezsllfio
1034 3289 1169 3370 Miletos,
1185 3295 1249 3363 uolt

117 3395 222 3480 hereqi
232 3393 378 3480 ftispcin
403 3395 436 3458 68
462 3395 616 3472 testoc'rui,
644 3393 849 3460 Belberclcszo
864 3401 944 3458 nevit
969 3395 1108 3462 birtolcot
1141 3397 1248 3466 Temos

116 3502 359 3589 odrmepyebeo,
376 3503 508 3586 melyirt
525 3501 783 3587 Miha'lyfiaivol
806 3503 976 3568 Losztoval
1000 3509 1032 3569 e'a
1052 3505 1250 3595 Mitulytyal

113 3613 233 3698 perben
252 3611 367 3691 altrat,
393 3611 524 3674 ezetnet
541 3611 692 3695 otadjok,
712 3613 836 3675 oiszout
856 3611 1146 3680 cmczekZaramaz
1166 3624 1249 3682 novit

116 3720 203 3805 φάει
220 3723 253 3785 c's
270 3719 374 3784 Korok
391 3724 472 3783 nevit
487 3717 696 3783 reszbirlokot
721 3717 966 3801 Dezshfloiaak
983 3721 1060 3784 critic
1080 3721 1248 3788 tirtokoba

594 3826 767 3910 bocsdtjuik.

228 3987 417 4071 Capitulum
444 3986 576 4053 ecclesie
593 3984 826 4052 Chanadieusis
843 4037 850 4052 .
867 4039 873 4054 .
889 3987 931 4052 ad
957 3987 1177 4055 universorum
1194 4013 1248 4056 no·

115 4095 229 4160 ticiam
247 4147 253 4159 .
271 4145 277 4160 .
295 4094 442 4161 volumus
458 4095 634 4178 pervenire,
660 4095 746 4178 quod
768 4095 924 4160 accedens
950 4095 992 4160 ad
1017 4103 1160 4161 nostram
1177 4120 1246 4181 pre·

115 4205 259 4269 senciam
284 4203 438 4286 magister
453 4203 610 4268 Nicolaus
635 4203 725 4269 filius
750 4203 865 4269 Desew
892 4203 1053 4288 quondam
1078 4227 1183 4271 comes
1208 4206 1248 4272 de

115 4313 226 4394 Bereg
242 4333 301 4395 pro
317 4331 351 4376 se
367 4313 438 4394 ipso
453 4311 674 4394 personaliter,
691 4319 723 4378 et
739 4333 797 4396 pro
811 4311 963 4378 Johaune
980 4311 1080 4377 Petro
1096 4319 1128 4378 et
1138 4313 1248 4379 Domi·

113 4423 187 4486 uico
203 4419 359 4486 fratribus
375 4421 442 4486 suis
458 4420 500 4485 ad
516 4442 609 4486 suum
626 4443 797 4505 gravamen
814 4443 853 4486 ex
867 4443 931 4487 una
947 4427 1048 4505 parte,
1064 4431 1157 4506 parte
1173 4445 1247 4488 vero

114 4553 154 4595 ex
170 4529 278 4594 altera
293 4529 468 4595 Ladislaus
484 4537 517 4594 et
533 4529 677 4596 Michecl
702 4532 756 4615 qui
776 4531 839 4596 alio
856 4532 983 4598 nomine
999 4531 1091 4615 Boya
1106 4538 1247 4610 vocatur,

114 4637 172 4702 lilii
191 4637 365 4702 Michaelis
385 4636 447 4702 filii
464 4637 569 4716 Pauli,
596 4643 630 4702 et
654 4637 769 4703 nobilis
787 4637 916 4703 domina
942 4637 1127 4703 Katherina
1143 4644 1247 4703 mator

1089 4763 1137 4816 18*ι
