3138 5462
503 493 598 557 1347.
614 511 703 560 sarr.
719 495 770 556 16.
1137 496 1199 558 125

84 691 132 752 per
145 671 224 753 ipsos
240 674 277 734 ut
293 668 457 735 diceretur
473 671 628 754 possessis
646 675 678 736 et
695 673 899 748 conservatis,
921 671 1025 736 eidem
1042 673 1198 755 magistro

83 776 209 843 Martino
223 776 319 842 fratri
334 779 478 862 ipsorum
494 781 527 844 in
544 781 683 844 termino
703 801 763 864 per
789 802 846 845 nos
872 779 979 845 dando
1004 781 1196 862 premissam

83 888 251 952 divisionem
275 885 336 952 sibi
362 887 401 952 de
426 888 495 952 iure
520 893 751 971 congruentem
783 887 861 953 dare
886 890 1004 972 promti
1032 893 1198 954 essent'et

83 997 181 1078 parati.
204 993 298 1059 Unde
314 1015 373 1060 nos
389 997 551 1078 perceptis
567 997 714 1078 parcium
729 995 1007 1079 proposicionibus
1023 997 1198 1078 premissis

83 1123 204 1166 unacum
220 1101 355 1184 prelatis
380 1101 556 1167 baronibus
572 1109 605 1166 et
622 1102 712 1185 regni
738 1089 932 1184 primatibus
956 1103 1123 1168 nobiscum
1141 1105 1198 1168 tri-

83 1210 168 1274 bunal
177 1207 326 1274 iudiciale
336 1207 591 1286 consedentibus,
601 1208 749 1291 partibus
759 1209 905 1274 benivole
919 1209 1201 1290 assummentibus,

82 1319 326 1384 commiseramus
342 1317 532 1396 indicantes,
559 1317 645 1398 qnod
670 1319 916 1402 prenominatus
941 1321 1095 1403 magister
1110 1317 1200 1382 Mar·

81 1431 156 1494 tinus
171 1433 304 1511 propter
329 1447 387 1490 sne
413 1426 606 1490 annositatis
622 1424 816 1504 decentiam,
832 1429 866 1490 in
882 1428 1003 1492 octavis
1020 1426 1093 1492 festi
1109 1425 1197 1498 beati

80 1535 183 1602 Jacobi
199 1533 337 1618 apostoli
353 1554 438 1597 nnnc
454 1535 599 1616 proxime
624 1536 790 1616 preteritis
807 1541 841 1599 et
856 1536 929 1601 aliis
955 1534 1067 1602 diebus
1093 1532 1201 1598 subse-

81 1644 364 1727 questibusadhoc
373 1644 458 1726 aptis
469 1645 713 1727 etopportunis
730 1645 834 1726 primo
844 1643 886 1709 ad
898 1643 1014 1709 faciem
1031 1641 1197 1710 cniusdam
1259 1681 1265 1690 .

81 1754 277 1836 possessionis
293 1752 436 1834 ipsorum
452 1749 548 1816 Acha
563 1735 673 1816 vocate
700 1752 785 1834 ipsos
811 1749 1002 1816 hereditarii
1029 1753 1111 1818 iuris
1128 1777 1197 1820 suc·

81 1863 209 1926 cessione
224 1866 262 1925 nt
278 1858 463 1924 referebant
478 1859 704 1941 contingentis,
731 1865 764 1924 et
789 1857 917 1922 demum
944 1859 986 1924 ad
1010 1859 1109 1926 facies
1134 1883 1199 1926 orn·

82 1971 159 2034 nium
173 1967 313 2034 aliarum
338 1966 574 2049 possessionum
591 1967 735 2048 ipsorum
754 1966 1026 2032 hereditariarum
1051 1970 1200 2050 aquisiti-

82 2079 191 2142 oiarum
207 2082 240 2140 at
256 2075 462 2140 emticiarum
479 2073 617 2139 ubilibet
632 2075 842 2140 existencium
859 2081 891 2140 et
901 2097 959 2158 per
976 2097 1200 2158 quemcunque

82 2187 212 2267 ipsorum
244 2184 459 2264 aquisitarum
500 2189 532 2246 et
563 2183 767 2248 inventarum
793 2233 820 2247 ..
847 2185 1051 2266 presentibus
1083 2185 1202 2250 eisdem

82 2294 233 2377 magistris
248 2289 378 2356 Berend
396 2297 428 2354 et
441 2287 601 2374 Gregorio
617 2289 691 2356 filiis
708 2289 838 2356 Berend
854 2293 903 2356 vel
919 2291 1072 2375 legitimis
1092 2314 1202 2357 eorum

82 2399 333 2484 procuratoribus
358 2397 547 2474 accedendo,
572 2398 700 2464 casdem
727 2419 835 2464 coram
861 2397 1028 2482 Stephano
1053 2399 1120 2465 filio
1145 2399 1203 2466 Jo-

82 2509 186 2574 hannis
209 2507 272 2573 filii
297 2506 462 2572 Lotharth
488 2506 527 2571 de
553 2505 755 2572 Oholloulrnz
771 2508 899 2572 homine
917 2510 1005 2592 regie
1022 2509 1203 2574 maiestatis

82 2617 224 2681 decuria
247 2615 339 2698 regia
364 2613 406 2678 ad
430 2615 491 2680 hoc
515 2614 700 2696 specialiter
717 2615 887 2694 destinato,
913 2623 946 2682 et
968 2617 1200 2682 testimonio..

82 2725 204 2807 capituli
229 2722 362 2788 ecclesie
387 2721 556 2799 Budensis,
582 2722 672 2802 quod·
693 2744 751 2805 per
777 2724 883 2806 ipsum
909 2725 1090 2806 capitulum
1109 2723 1151 2788 ad
1168 2723 1201 2788 id

83 2833 201 2897 ..serie
217 2831 387 2896 literarum
412 2837 597 2894 nostrarum
623 2829 778 2895 destinari
804 2831 1022 2913 petiveramus
1039 2881 1046 2895 .
1063 2881 1069 2894 .
1086 2833 1119 2896 in
1137 2838 1204 2896 tres

82 2941 213 3006 dividere
228 2945 395 3005 teneretur
412 2937 453 3002 ad
468 2937 582 3021 predia
599 2939 778 3022 separando
794 2945 906 3022 partes
923 2941 1103 3021 coequales,
1120 2942 1205 3004 sicut

82 3055 261 3130 procurator
278 3045 422 3111 eiusdem
436 3047 585 3128 magistri
603 3046 741 3110 Martini
756 3047 893 3112 eundern
910 3048 951 3112 ad
968 3048 1028 3113 hoo
1043 3048 1205 3131 obligarat

82 3177 180 3222 coram
195 3156 301 3236 nobis3
319 3154 432 3220 habita
448 3153 609 3234 siqnidem
620 3175 678 3236 per
689 3156 795 3238 ipsum
812 3157 1005 3238 magistrum
1022 3155 1204 3220 Martinam

82 3264 325 3346 possessionarie
341 3261 496 3328 divisione
520 3260 713 3344 huiusmodi,
744 3262 840 3327 iidem
860 3264 1007 3345 magistri
1023 3262 1155 3327 Berend
1173 3271 1205 3327 et

82 3369 252 3455 Gregorius
283 3370 421 3435 liberam
445 3369 605 3434 haberent
628 3369 818 3436 facultatem
843 3392 902 3454 pro
929 3393 963 3436 se
990 3369 1071 3434 duas
1095 3378 1205 3452 partes

81 3487 230 3563 perpetua
246 3479 425 3545 stabilitate
443 3478 583 3562 eligendi
597 3479 636 3542 de
647 3479 776 3557 eisdem,
794 3481 897 3544 tercia
914 3487 1005 3562 parte
1020 3479 1205 3544 earumdem

81 3609 149 3654 cnm
164 3588 309 3654 omnibns
326 3589 393 3652 suis
410 3586 606 3652 utilitatibus
623 3587 726 3652 eidem
752 3588 908 3670 magistro
935 3589 1081 3652 Martino
1106 3587 1205 3670 possi·

80 3695 153 3760 dere
169 3703 375 3774 remanente3
399 3697 606 3779 peractisque
622 3695 796 3778 premissis,
822 3695 907 3760 idem
924 3695 1019 3760 homo
1035 3697 1123 3778 regie
1140 3715 1206 3760 ma·

80 3805 200 3870 icstatis
214 3810 366 3888 presente
382 3803 460 3868 dicti
478 3803 612 3886 capituli
638 3802 799 3867 Budensis
815 3783 1007 3880 testimonio,
1032 3803 1205 3883 unicnique

79 3913 216 3995 ipsorum
232 3911 373 3976 filiorum
389 3910 519 3976 Berend
537 3931 597 3974 sna
613 3911 686 3974 iura
702 3911 957 3992 possessionarie
974 3911 1006 3974 in
1024 3909 1111 3974 dicta
1128 3909 1205 3974 divi-

79 4021 163 4085 sione
180 4019 312 4084 cuilibet
327 4021 469 4102 ipsorum
485 4039 575 4082 cessa
592 4070 598 4083 .
616 4067 622 4082 .
639 4017 787 4101 partibus
810 4017 872 4082 sibi
896 4018 1031 4082 invicem
1047 4016 1206 4082 contradi-

79 4148 145 4192 cere
170 4149 233 4192 non
248 4126 438 4204 volentibus,
454 4125 664 4207 relinqueret
690 4129 723 4189 et
748 4131 908 4190 statueret
923 4131 1081 4207 perpetuo
1106 4126 1206 4208 possi-

79 4233 200 4316 ‹lenda;
223 4241 256 4300 et
280 4240 354 4316 post
369 4234 428 4297 hec
443 4233 560 4297 seriem
584 4233 740 4317 promisse
766 4233 1016 4314 possessionarie
1041 4232 1206 4296 divisionis

80 4363 148 4407 cnm
166 4392 173 4406 .
191 4392 199 4406 .
215 4343 321 4407 tocius
337 4341 464 4424 peracti
479 4341 602 4422 negocii
618 4360 780 4423 processu,
804 4344 914 4422 partes
930 4339 973 4403 ad
988 4345 1118 4405 octavas
1135 4339 1207 4405 festi

79 4449 268 4516 Nativitatis
284 4450 379 4514 beate
395 4448 530 4532 virginis
549 4467 635 4512 nunc
659 4454 825 4530 presentes
850 4447 884 4510 in
909 4447 1012 4511 literis
1037 4449 1208 4512 memorati

79 4559 211 4642 capituli
227 4557 390 4623 Budensis
407 4556 499 4622 nobis
524 4563 712 4622 tenerentur
728 4561 915 4639 reportare3
938 4553 999 4619 hoc
1024 4555 1209 4636 specialiter

79 4685 234 4750 expresso,
260 4666 398 4748 quodsi
423 4665 519 4729 iidem
552 4667 700 4748 magistri
732 4665 862 4730 Berend
894 4669 928 4728 et
960 4661 1141 4744 Gregorius
1173 4666 1206 4728 in
