3188 5476
578 548 673 608 1352.
690 563 764 607 nov.
783 549 833 607 29.
1215 549 1278 608 623

143 729 178 788 66
192 724 256 808 1661
271 724 428 808 magistro
453 725 552 790 Petro
577 725 663 790 dioto
689 724 839 788 Poharus
855 739 914 806 per
930 723 1052 805 regiam
1072 723 1281 788 collusionem

141 831 271 899 nomine
286 831 496 917 possessionis
511 832 650 898 hominis
670 832 739 897 sine
755 832 872 897 herede
889 832 1071 896 decedentis
1088 832 1167 897 data
1183 830 1278 896 exsti·

142 942 237 1008 tisset
252 947 286 1006 et
301 943 428 1021 collata,
453 964 525 1008 eum
542 941 689 1008 omnibus
713 991 742 1006 ..
766 939 974 1024 pertinenciis
1001 941 1144 1006 eiusdem
1167 989 1197 1004 ..
1220 939 1279 1005 sub

141 1051 227 1116 veris
260 1102 289 1116 ..
322 1057 355 1116 et
371 1052 515 1134 antiquis
541 1052 636 1116 metis
662 1051 806 1132 prediote
831 1048 1051 1132 possessionis,
1078 1049 1196 1132 quibus
1221 1070 1280 1132 per

142 1158 251 1242 ipsum
266 1160 460 1241 magistrum
485 1160 619 1224 Petrum
647 1159 770 1223 dietum
795 1157 944 1221 Poharus
961 1177 1000 1220 ao
1016 1156 1139 1239 priores
1156 1178 1278 1240 posses·

142 1287 231 1331 sores
257 1268 400 1333 eiusdem
427 1273 553 1332 servata
578 1267 737 1331 extitisset
771 1316 799 1330 ..
832 1265 1009 1350 prescripto
1039 1264 1140 1329 nobili
1171 1265 1279 1347 puelle

141 1373 278 1460 Margyt
301 1383 411 1440 vocate
428 1382 460 1440 et
474 1396 533 1458 per
548 1397 620 1440 eam
645 1376 711 1440 suis
736 1372 908 1438 heredibus
928 1395 987 1457 pro
1004 1378 1124 1457 quarta
1139 1372 1279 1458 puellari

142 1483 287 1549 eiusdem
304 1503 342 1548 ae
361 1485 435 1549 dote
452 1489 485 1548 et
501 1483 596 1548 rebus
621 1481 914 1566 parorphanalibus
940 1482 1066 1548 domine
1083 1482 1197 1548 matris
1213 1502 1278 1560 sue,

142 1591 294 1656 similiter
318 1592 423 1656 eidem
448 1593 576 1658 domine
606 1593 704 1658 matri
730 1613 786 1656 sue
811 1593 851 1656 de
875 1589 1130 1674 possessionibus
1147 1611 1277 1675 sepeno-

141 1698 260 1763 minati
272 1699 496 1766 Bartholomei
512 1698 571 1764 filii
588 1699 763 1783 Pangraoii
777 1693 895 1764 eisdem
911 1697 1072 1764 nobilibus
1088 1697 1278 1765 dominabus
1380 1709 1382 1714 '

141 1808 313 1888 provenire
330 1807 529 1883 debentibus,
555 1810 695 1874 dedisset
718 1860 747 1872 ..
770 1809 833 1872 imo
849 1808 984 1874 dederat
1007 1857 1035 1872 ..
1059 1828 1167 1872 eoram
1187 1807 1278 1873 nobis

141 1915 213 1980 iure
234 1920 389 1998 perpetuo
411 1965 439 1980 ..
463 1916 689 1999 possidendam
713 1965 741 1980 ..
765 1937 863 1998 quam
888 1915 1018 1998 quidem
1044 1917 1277 1999 possessionem

145 2023 275 2089 Zalouk
300 2030 519 2106 nuncupatam
550 2025 636 2089 idem
666 2025 821 2106 magister
852 2024 971 2089 Petrus
996 2024 1102 2088 dietus
1129 2023 1277 2090 Poharus

142 2133 177 2196 in
194 2133 315 2198 octavis
331 2132 405 2197 festi
430 2131 621 2197 Natiuitatis
639 2131 734 2197 beate
759 2132 892 2214 virginis
913 2139 991 2198 tune
1006 2133 1151 2216 proxime
1167 2140 1277 2199 ventu·

141 2243 198 2320 ris,
214 2242 419 2325 presentibus
430 2241 453 2307 J
456 2242 557 2309 acobo
573 2243 639 2306 filio
655 2243 750 2307 Isaeo
766 2242 805 2308 de
821 2242 946 2308 Zeuled
962 2243 1011 2308 vel
1026 2242 1195 2307 Demetrio
1210 2241 1277 2306 filio

142 2350 247 2432 Mogh
263 2351 303 2415 de
320 2351 436 2417 Ruzka
453 2351 518 2416 siue
537 2349 699 2416 Stanizlao
715 2349 781 2415 filio
798 2351 823 2415 J
824 2351 960 2416 ohannis
976 2351 1053 2416 dieti
1069 2350 1202 2416 Kassan
1218 2372 1277 2434 pro

142 2464 238 2542 parte
254 2459 398 2542 ipsarum
415 2459 570 2525 nobilium
586 2461 798 2539 dominarum,
814 2461 892 2524 item
909 2459 1035 2524 Thoma
1046 2459 1113 2524 filio
1129 2458 1277 2524 Mathius

141 2567 182 2631 (16
198 2567 356 2633 Roskuan
372 2569 423 2632 vel
437 2567 574 2634 Nicolao
587 2570 627 2634 de
643 2568 796 2633 Mochala
812 2573 871 2633 aut
886 2568 1067 2634 Latrreneio
1077 2567 1163 2633 dieto
1178 2566 1276 2652 Dyalr

141 2697 203 2759 pro
218 2681 313 2758 parte
329 2676 466 2760 predicti
492 2677 639 2758 magistri
664 2677 758 2742 Petri
783 2676 860 2743 dieti
881 2676 1028 2741 Poharus
1045 2675 1118 2740 aliis
1136 2675 1276 2741 absenti·

140 2782 202 2847 bus
219 2783 402 2849 hominibus
418 2783 516 2867 regiis
543 2790 575 2848 et
598 2784 782 2849 testimonio
799 2782 933 2866 capituli
959 2781 1173 2867 Soepsyensis,
1190 2783 1276 2865 quod

140 2912 202 2974 per
234 2892 340 2975 ipsum
372 2892 550 2976 capitulum
576 2893 709 2958 66616616
739 2891 945 2976 Seepsyensis
977 2891 1019 2956 ad
1044 2891 1076 2956 id
1101 2891 1276 2956 amicabili-

139 3005 192 3064 ter
216 2999 396 3064 transmitti
418 3002 644 3083 petiveramus,
673 2999 733 3064 sub
757 3001 841 3065 veris
865 3049 893 3064 ..
917 3000 1011 3064 metis
1036 2998 1178 3065 eiusdem
1203 3020 1274 3084 pre·

140 3108 263 3190 seripte
280 3107 379 3173 nobili
404 3109 512 3190 puelle
536 3108 694 3193 Margyth
718 3113 830 3172 uocate
847 3113 879 3173 66
892 3127 950 3190 per
976 3127 1047 3172 eam
1067 3107 1134 3171 suis
1150 3107 1274 3173 heredi·

139 3215 211 3294 bus,
228 3237 287 3298 pro
304 3222 422 3298 quarta
448 3238 506 3281 sua
531 3216 672 3299 puellari
694 3233 736 3280 ao
761 3216 887 3281 domine
912 3216 1026 3281 matris
1052 3236 1109 3280 sue
1126 3236 1184 3297 pro
1200 3217 1275 3281 dote

140 3327 174 3386 et
189 3322 285 3388 rebus
302 3325 368 3388 suis
384 3323 677 3408 parorphenalibus
700 3329 736 3387 ut
753 3323 944 3407 premissum
960 3329 1017 3402 est,
1033 3325 1103 3389 iure
1119 3329 1275 3407 perpetuo

147 3479 178 3495 ..
200 3431 429 3515 possidendam
448 3438 591 3498 statuere
615 3481 643 3496 ..
668 3437 867 3496 assumserat
892 3452 1001 3496 eoram
1025 3431 1135 3511 nobis,
1160 3453 1177 3496 e
1202 3452 1275 3495 oon·

139 3557 234 3603 verso
250 3560 324 3605 vero
340 3541 486 3624 pediotus
511 3539 629 3604 Petrus
645 3537 729 3603 filius
746 3538 908 3623 Mykooha
923 3545 1115 3623 procurator
1131 3539 1274 3605 eiusdem

139 3646 259 3712 nobilis
274 3649 382 3730 puelle
405 3648 540 3733 Margyt
556 3654 675 3725 vocate,
696 3653 909 3711 memoratum
932 3648 1123 3729 magistrum
1139 3647 1274 3713 Petrum
1325 3671 1330 3676 ·

139 3753 263 3820 dietum
279 3757 427 3822 Poharus
438 3762 471 3821 et
481 3776 555 3822 suos
567 3757 701 3822 heredes
719 3754 981 3839 superpremisse
992 3761 1110 3838 quarta
1127 3754 1274 3838 puellari,

139 3869 178 3928 ut
193 3865 387 3948 premissum
412 3871 470 3946 est,
495 3866 599 3932 eidem
616 3864 717 3930 nobili
738 3863 845 3947 puelle
870 3865 1003 3948 Margyt
1018 3869 1130 3930 vocate
1147 3865 1186 3930 de
1202 3885 1273 3948 pos·

139 3973 336 4040 sessionibus
346 3976 517 4040 memorati
527 3973 749 4040 Bartholomei
760 3971 817 4037 filii
834 3973 1007 4056 Pangraoii
1017 3974 1121 4057 patris
1132 3974 1274 4039 eiusdem

137 4082 340 4164 provenienti
372 4131 401 4148 ..
433 4083 627 4150 reddidisset
652 4081 839 4166 expeditum
872 4131 900 4146 ..
928 4083 1044 4147 seriem
1068 4089 1177 4148 autem
1203 4104 1273 4167 pre·

137 4189 236 4255 misse
253 4191 503 4274 possessionarie
528 4191 718 4257 statutionis
743 4212 815 4256 eum
841 4190 988 4256 cursibus
1013 4197 1182 4273 metarum,
1199 4213 1272 4275 par-

137 4303 189 4362 tes
205 4298 248 4364 ad
264 4305 393 4365 octavas
418 4299 492 4366 festi
516 4299 605 4365 beati
628 4296 766 4364 Martini
792 4298 981 4365 confessoris
1006 4300 1040 4364 16
1064 4299 1169 4365 literis
1193 4300 1273 4365 dieti

139 4407 280 4490 capituli
296 4406 502 4493 Soepsyensis
518 4407 609 4474 nobis
630 4413 797 4491 reportare
814 4413 1008 4474 tenerentur.
1034 4407 1178 4474 Tandem
1194 4409 1274 4493 ipsis

138 4516 261 4580 oetavis
277 4514 351 4581 festi
371 4515 460 4582 beati
484 4517 623 4582 Martini
640 4516 830 4582 confessoris
855 4516 1104 4595 oscum-entibus,
1126 4516 1273 4600 prelatus

138 4623 259 4688 Petrus
284 4622 370 4689 filius
402 4623 565 4709 Mykoeha
595 4645 654 4710 pro
682 4629 839 4690 annotate
869 4623 970 4688 nobili
1000 4623 1109 4709 puella
1134 4624 1175 4689 ab
1200 4645 1273 4702 una,

137 4729 220 4796 item
236 4732 480 4814 prenominatus
505 4734 661 4815 magister
685 4733 803 4798 Petrus
829 4734 934 4798 dietus
958 4733 1107 4798 Poharus
1123 4754 1272 4816 persona·
