3188 5470
318 486 383 547 298
688 498 874 544 rurouuour
891 483 1106 542 ouutunnla.

315 664 425 728 datam
441 669 474 727 et
489 667 721 746 perpetuatum,
737 660 778 725 ab
795 660 867 724 aliis
882 659 987 724 tribus
999 658 1148 742 partibus
1164 658 1305 724 eiusdem
1323 677 1445 740 posses-

317 772 415 838 sionis
425 771 578 855 legitimis
589 775 750 834 metarum
766 768 1028 834 distinctionibus
1045 787 1196 851 separare
1207 773 1239 832 et
1249 766 1444 848 distinguere

317 884 484 949 niteretur.
509 881 615 966 Super
640 903 703 965 quo
729 887 833 946 vestre
856 880 1062 946 discrecionis
1088 879 1268 944 amiciciam
1294 876 1447 958 ..requi-

316 992 418 1056 rimus
435 1041 441 1055 .
459 1041 465 1054 .
483 997 642 1072 quatenus
659 991 795 1073 receptis
812 988 1023 1074 presentibus,
1038 994 1181 1053 vestrum
1197 987 1334 1052 mittatis
1349 985 1447 1050 honri·

318 1121 390 1164 nem
407 1149 413 1162 .
432 1149 438 1162 .
455 1119 563 1164 coram
589 1118 652 1179 quo
677 1097 790 1164 Pouch
807 1096 892 1162 filius
912 1097 1005 1162 Petri
1030 1096 1091 1162 vel
1105 1095 1231 1162 Paulus
1256 1095 1295 1159 de
1310 1093 1447 1159 Deellcu

317 1209 420 1274 altero
445 1205 577 1272 absente
601 1206 696 1271 homo
721 1212 839 1283 noster,
864 1205 907 1270 ad
932 1204 1046 1269 faeiem
1072 1203 1215 1287 predicte
1239 1201 1447 1286 possessionis

316 1317 464 1381 Beseneu
481 1314 670 1391 accedendo,
687 1314 868 1380 convocatis
884 1312 996 1378 vicinis
1022 1319 1055 1376 ot
1080 1311 1309 1376 commetaneis
1326 1360 1333 1375 .
1350 1363 1357 1376 .
1375 1331 1444 1376 ean-

317 1424 389 1489 dem
406 1430 556 1506 quartam
581 1427 708 1506 partem
734 1421 876 1487 eiusdem
901 1420 1112 1505 possessionis
1137 1419 1285 1484 Beseneu
1301 1419 1445 1502 predicto

318 1531 445 1598 Potheu
461 1530 527 1596 filio
543 1531 569 1596 J
570 1530 661 1598 scobi
677 1553 736 1614 pro
753 1551 878 1596 summa
903 1535 1048 1614 pretecte
1070 1529 1206 1612 pecunie
1222 1533 1446 1613 perpetratam

316 1691 323 1704 .
341 1691 347 1704 .
365 1640 406 1705 ab
431 1640 506 1706 61116
529 1640 634 1706 tribus
659 1639 805 1722 partibus
831 1639 972 1704 eiusdem
997 1637 1207 1723 possessionis
1223 1657 1282 1721 per
1297 1643 1402 1701 metas
1418 1683 1445 1700 ..

317 1754 446 1832 separet
470 1754 504 1812 et
528 1747 692 1832 distingot,
723 1755 974 1832 separatumque
1005 1747 1171 1826 relinquat
1194 1745 1298 1810 eidem
1323 1745 1446 1810 Pethen

316 1857 382 1922 11116
398 1857 423 1922 J
425 1857 517 1922 scobi
532 1863 688 1940 perpetuo
711 1856 946 1940 possidendam,
963 1857 990 1921 si
1006 1877 1071 1920 non
1086 1854 1187 1920 fuerit
1205 1853 1447 1931 contradictum,

317 1965 571 2032 contradictores
595 1963 713 2030 verosi
729 1965 785 2045 qui
800 1963 923 2029 fuerint
939 2013 946 2028 .
962 2015 969 2028 .
989 1963 1031 2028 ad
1046 1971 1192 2031 nostram
1218 1963 1296 2027 citet
1321 1983 1447 2045 presen-

318 2076 402 2141 ciam
419 2075 461 2140 ad
476 2061 647 2139 terminum
666 2077 898 2158 competentem
911 2097 918 2153 ;
934 2078 1008 2157 post
1023 2073 1083 2138 hec
1098 2078 1206 2138 autem
1217 2072 1333 2136 seriem
1348 2070 1447 2153 ipsius

320 2183 572 2267 possessionaric
589 2183 810 2248 distinocionis
826 2188 858 2247 et
874 2181 1064 2247 statuoionis
1082 2232 1088 2245 .
1105 2233 1111 2246 .
1128 2179 1220 2246 nobis
1237 2179 1448 2245 amicabiliter

320 2291 515 2358 rescribatis.
540 2291 665 2356 Datum
690 2292 723 2355 in
749 2297 861 2356 sancto
885 2290 1045 2368 Emerico,
1070 2288 1173 2354 tercia
1198 2287 1279 2352 feria
1303 2288 1448 2371 proxima

319 2406 395 2465 ante
411 2399 530 2464 festum
546 2398 640 2464 beate
654 2401 844 2483 Margarete
859 2399 1002 2481 virginis,
1019 2419 1103 2463 anno
1114 2397 1235 2462 domini
1252 2394 1305 2459 Μο
1329 2393 1448 2463 OOCmo

318 2509 423 2574 XLm⁰
441 2529 532 2572 nonu.

424 2653 554 2717 Paphon,
568 2653 693 2703 narlattn
706 2653 798 2716 666666
811 2637 1013 2716 6ὃ66661661661ς
1026 2649 1157 2714 credetije
1170 2665 1202 2700 az
1217 2665 1287 2699 cruz.
1302 2651 1334 2700 lt.
1350 2650 1448 2700 kincst.

318 2749 385 2794 oszt.
399 2743 466 2806 dipl.
480 2746 547 2792 oszt.
563 2747 658 2792 29682.
678 2743 777 2792 Kozli:
798 2743 906 2792 uovses
919 2743 952 2790 N.

804 2903 963 2913 ——-

871 3053 944 3113 164.

320 3194 413 3290 1369.
431 3193 539 3272 Beda,
547 3193 610 3279 jul.
626 3195 656 3256 8.
683 3193 799 3258 Tastris
823 3193 1003 3280 orczdpbt'ro'
1030 3191 1164 3258 Csicseri
1191 3193 1352 3257 Demoleos
1367 3192 1446 3274 ficit

520 3302 661 3386 bizonpos
678 3301 783 3386 birurtp
801 3303 983 3387 meffzete'ac
1000 3302 1064 3366 alul
1072 3300 1232 3386 jb'lmeuti.

425 3463 494 3528 Nos
511 3485 615 3530 comes
636 3463 778 3528 Thomas
804 3464 898 3528 iudex
925 3465 1013 3529 curie
1040 3465 1160 3530 domini
1186 3465 1272 3548 regis
1298 3465 1451 3528 memorie

318 3573 679 3654 commendamus,quod
690 3571 808 3637 iudicia
819 3573 969 3636 universa
979 3574 1012 3638 in
1023 3573 1139 3654 quibus
1150 3595 1207 3656 per
1218 3573 1452 3637 nosdohannes

317 3686 351 3744 et
369 3679 562 3765 Stephanus,
586 3679 744 3747 Nicolaus
770 3687 802 3745 66
819 3678 970 3746 Andreas
996 3681 1055 3746 filii
1074 3681 1237 3746 Dominici
1254 3679 1311 3744 filii
1328 3679 1354 3744 J
1355 3678 1396 3744 cb
1413 3680 1453 3743 de

316 3786 439 3853 Ohecer
455 3789 646 3872 superiacto
657 3788 855 3854 soluciouum
876 3791 1114 3873 quamplurium
1132 3809 1316 3854 marcarum
1333 3796 1449 3852 contre

318 3896 445 3977 quosvis
461 3896 605 3961 homines
622 3903 765 3980 tempore
782 3897 883 3962 nostri
899 3903 931 3962 et
948 3898 1047 3964 eciam
1064 3899 1190 3963 comitis
1201 3897 1296 3962 Pauli
1313 3897 1453 3961 convicti

317 4004 385 4068 lore
398 4005 489 4069 iuxta
499 4004 730 4080 continenciam
747 4005 916 4070 literarum
933 4007 1060 4071 comitis
1070 4006 1168 4071 Pauli
1184 4005 1320 4071 condam
1336 4004 1455 4070 iudicis

316 4112 403 4178 curie
419 4112 507 4196 regie
528 4133 566 4177 66
591 4119 774 4179 nostrerum
791 4113 1051 4192 dinoscebantur,
1077 4115 1111 4178 in
1127 4114 1247 4179 octaris
1265 4113 1337 4179 festi
1363 4113 1455 4178 beati

317 4220 479 4286 lobannis
494 4221 644 4303 Baptista
663 4243 719 4286 nos
738 4221 869 4304 placare
894 4219 1087 4299 debuissent,
1112 4221 1154 4285 ed
1179 4221 1354 4286 instantem
1371 4223 1456 4304 peti·

317 4329 440 4393 cionem
456 4329 594 4412 Mathey
610 4329 649 4394 de
665 4327 778 4413 Pauly
795 4333 829 4392 et
845 4327 871 4392 J
872 4327 1007 4393 ohannis
1029 4329 1107 4394 dicti
1124 4329 1231 4395 Batur
1247 4330 1457 4410 aliorumque

317 4437 472 4501 bonorum
489 4437 665 4514 hominum,
681 4436 759 4519 ipsis
776 4435 925 4501 duximus
951 4437 1171 4515 relaxandum,
1197 4443 1230 4502 ct
1254 4437 1364 4520 uigore
1380 4459 1459 4520 prs·

317 4545 459 4609 sancium
488 4543 617 4610 eosdem
637 4543 822 4608 Johannem
849 4548 882 4607 et
906 4542 1116 4628 Stephanum,
1143 4545 1315 4612 Nicolaum
1332 4551 1366 4609 et
1382 4543 1459 4611 An·

318 4653 428 4720 dream
445 4651 529 4720 filios
546 4651 709 4720 Dominici
725 4651 942 4720 commisimus
967 4653 1006 4718 de
1032 4654 1110 4741 ipsis
1136 4653 1265 4722 iudiciis
1292 4655 1459 4722 universis
