3188 5470
572 495 667 554 1349.
684 511 758 553 κον.
776 496 806 555 4.
1187 497 1247 556 331

116 675 150 734 ct
180 669 346 752 Stephano
371 670 440 735 filio
466 670 594 736 Nieolai
627 671 666 734 de
698 671 957 755 Magyarzeleste
988 680 1021 738 et
1052 673 1150 756 Myle
1182 673 1252 738 lilio

118 779 291 844 Laurencii
307 779 346 844 de
372 779 483 846 eadem
509 802 567 864 pre
583 802 617 845 se
643 782 866 865 personaliter,
884 788 917 846 et
942 782 1039 846 iidem
1065 783 1251 868 Stephanus

117 909 155 953 ac
171 888 272 974 Myle
289 910 347 971 pro
363 887 533 974 Johan(ne
550 940 749 954 .........
751 887 765 974 )
781 889 839 955 filii
865 890 989 975 Mykch
1013 897 1046 956 et
1071 891 1176 956 Paulo
1193 890 1251 955 filii

117 997 256 1076 Saudur,
273 998 351 1062 item
367 997 494 1064 Emuch
519 998 585 1063 filio
611 997 750 1077 Sandnr,
777 998 914 1064 Nicolao
938 997 1005 1064 filio
1031 999 1130 1078 Bede,
1154 1000 1253 1066 Petro

119 1105 186 1169 filio
196 1106 316 1184 Pousa,
326 1105 425 1170 Petro
436 1105 503 1170 filio
514 1107 649 1185 Marisa,
659 1105 794 1172 Andrea
804 1106 871 1172 filio
881 1104 998 1192 Gyure
1015 1104 1028 1191 (
1030 1157 1154 1174 ......
1156 1107 1170 1194 )
1186 1107 1253 1174 filio

117 1213 251 1278 luanlra
267 1219 301 1278 et
316 1212 450 1278 Matheo
466 1212 533 1278 filio
549 1212 696 1297 Martini,
712 1215 789 1279 item
806 1214 958 1280 Jchanne
975 1221 1008 1279 et
1018 1211 1161 1300 Georgia
1176 1215 1252 1280 filiis

117 1321 286 1404 Stephani,
311 1321 465 1387 Johanne
481 1329 514 1386 et
529 1322 661 1387 Pethew
686 1321 746 1386 filii
773 1321 905 1388 Andree
931 1327 965 1386 et
989 1323 1160 1388 Dominico
1184 1321 1252 1387 filio

118 1429 253 1494 [wanka
269 1427 431 1494 nobilibus
451 1431 491 1495 de
507 1430 637 1496 Zeleste
655 1431 687 1494 iu
704 1452 835 1496 causam
861 1432 1009 1497 attractis
1026 1481 1032 1494 .
1049 1481 1056 1495 .
1073 1451 1180 1496 coram
1197 1452 1252 1496 no-

116 1538 163 1602 bis
180 1537 376 1616 constitutis,
398 1559 457 1622 per
473 1539 601 1604 eosdem
627 1541 830 1623 propositum
857 1540 1011 1605 extitit..
1029 1539 1115 1622 quod
1141 1540 1202 1623 ipsi
1218 1541 1251 1604 iu

116 1667 217 1710 causa
232 1647 318 1710 inter
334 1667 387 1710 eos
413 1667 510 1730 super
527 1647 782 1729 possessionarie
806 1647 957 1730 porcione
983 1649 1016 1712 in
1041 1647 1153 1712 eadem
1178 1649 1250 1714 Ma-

115 1753 306 1836 giarzeleste
321 1753 436 1818 hahita
448 1775 505 1837 per
516 1753 718 1837 Stephanum
734 1753 837 1820 filium
846 1753 977 1820 Nieolai
993 1755 1137 1838 predicto
1148 1755 1248 1820 Petro

116 1860 182 1926 lilio
199 1862 226 1926 ,J
227 1861 320 1926 scobi
335 1862 553 1945 impignorata
569 1867 657 1927 mota
673 1869 705 1927 et
720 1864 886 1943 suscitata,
904 1863 1013 1928 taliter
1028 1863 1113 1928 inter
1130 1885 1163 1928 se
1180 1884 1253 1929 con-

116 1970 306 2034 cordassent
322 2019 328 2033 .
346 2021 352 2034 .
369 1969 455 2053 quod
470 1970 555 2034 idem
572 1971 691 2035 Petrus
707 1969 793 2035 filius
819 1971 845 2035 J
846 1969 937 2036 acohi
961 1976 1164 2054 prenotatam
1181 1993 1252 2054 pos-

115 2077 343 2143 sessionariam
368 2077 553 2161 porcionem
579 2078 754 2161 litigiosam
778 2078 1011 2162 prenominatis
1036 2077 1202 2163 Stephano
1221 2085 1253 2144 et

117 2185 217 2270 Myke
235 2207 274 2249 ac
290 2185 363 2250 aliis
380 2188 475 2252 sociis
490 2207 602 2252 eorum
620 2189 892 2270 supranominatis
903 2193 1058 2272 perpetuo
1073 2189 1143 2252 iure
1160 2188 1252 2252 remi-

116 2296 235 2359 sisset.
254 2344 260 2356 .
277 2314 314 2358 eo
330 2294 433 2372 modo,
451 2295 536 2376 quod
547 2295 640 2360 ambe
651 2301 760 2378 partes
774 2297 1034 2380 prenominatum
1051 2293 1252 2378 Stephanum

117 2403 221 2467 lilium
238 2401 370 2467 Nieolai
388 2403 421 2466 in
447 2401 560 2467 eadem
576 2404 830 2487 possessionarie
849 2404 1000 2488 porcione
1024 2423 1127 2485 usque
1152 2405 1252 2467 vitam

116 2533 208 2576 suam
236 2509 368 2594 pacifice
385 2517 417 2574 et
432 2511 500 2574 sine
525 2510 677 2575 molescia
702 2533 891 2576 conservare
917 2517 1114 2588 tenerentur,
1131 2517 1252 2594 etpost

116 2618 241 2684 obitum
258 2617 360 2700 ipsius
378 2617 536 2702 Stephani
552 2617 611 2682 filii
631 2618 761 2684 Nieolai
786 2619 883 2684 iidem
900 2617 1085 2704 Stephanus
1103 2625 1135 2682 et
1152 2618 1252 2703 Myle

116 2749 154 2792 ac
170 2727 228 2792 alii
247 2727 325 2791 socii
342 2727 392 2791 sui
407 2728 577 2810 prenotati,
596 2727 735 2792 sedecim
752 2748 887 2810 marcas,
905 2727 1085 2808 quamlibet
1108 2747 1251 2792 marcam

116 2858 188 2899 oum
205 2837 317 2900 decem
333 2836 441 2918 pensis
457 2835 683 2900 viennensibus
710 2835 936 2918 computando,
962 2836 995 2898 in
1012 2834 1136 2899 duabus
1152 2836 1252 2918 pauti-

117 2944 175 3008 bus
202 2965 276 3008 cum
302 2943 443 3007 denariis
467 2943 612 3026 promtis,
644 2943 676 3006 iu
703 2944 804 3007 tercia
829 2949 922 3025 parte
948 2964 1021 3006 cum
1046 2943 1252 3008 estimacicne

116 3051 278 3133 condigna
293 3051 446 3128 atrabili,
462 3053 496 3116 in
512 3051 635 3116 duobus
651 3052 798 3116 terminis
814 3050 1043 3116 infradicendis
1060 3053 1093 3115 in
1110 3051 1250 3135 capitulo

115 3159 154 3224 de
171 3157 397 3226 Castrolerreo
420 3157 564 3242 predicto
580 3159 679 3222 Petro
694 3157 760 3222 filio
775 3158 801 3223 J
803 3157 893 3224 aoobi
910 3159 960 3223 vel
977 3162 1152 3224 successori
1170 3161 1251 3223 eius-

116 3269 187 3331 dem
205 3267 329 3332 solvere
346 3272 532 3330 tenerentur
547 3265 607 3330 tali
633 3265 735 3344 modc,
762 3265 849 3346 quod
875 3266 1081 3331 medietatem
1107 3266 1249 3330 eiusdem

117 3378 253 3460 pecunie
271 3375 458 3459 supradicto
474 3374 568 3438 modo
584 3381 657 3458 post
673 3375 758 3439 diem
774 3375 881 3440 obitus
900 3377 1001 3459 ipsius
1020 3375 1178 3456 Stephani
1194 3373 1252 3437 filii

117 3483 248 3550 Nieolai
266 3483 371 3566 usqde
385 3489 451 3548 tres
471 3503 606 3564 menses,
624 3489 657 3547 et
672 3483 994 3548 aliam‘medietatem
1010 3483 1151 3566 posthoc
1168 3481 1252 3546 simi-

118 3594 192 3657 liter
210 3611 316 3673 usque
333 3599 397 3656 tres
413 3612 548 3672 menses,
573 3592 711 3674 primam
728 3592 788 3656 sub
805 3612 888 3674 pena
904 3591 1013 3657 iudicii
1031 3593 1058 3654 si
1075 3613 1137 3655 non
1155 3590 1253 3654 solve-

115 3707 196 3778 rent,
213 3700 388 3765 secundam
404 3699 464 3764 sub
479 3720 563 3783 pena
579 3696 670 3782 dupli
691 3697 769 3762 dare
786 3705 818 3763 et
844 3698 965 3762 solvere
991 3703 1196 3778 tenerentur;
1221 3703 1253 3760 et

115 3809 201 3873 idem
217 3809 338 3873 Petrus
353 3805 439 3872 filius
455 3807 480 3872 J
482 3805 574 3872 acobi
590 3828 699 3871 omnes
710 3806 822 3871 literas
839 3806 1117 3890 impignoratioias
1128 3811 1160 3869 et
1170 3803 1252 3868 silias

115 3937 215 3999 super
231 3916 318 3980 facto
334 3913 494 3998 sepediete
510 3915 759 3997 possessionarie
779 3914 948 3998 porcionis,
965 3911 1082 3994 quibus
1098 3912 1251 3995 predictis

116 4025 284 4108 Stephano
310 4023 409 4106 Myle
434 4029 466 4086 et
491 4021 564 4086 aliis
594 4041 691 4106 super
717 4023 802 4086 facto
834 4021 978 4105 predicto
1002 4021 1253 4104 possessionarie

116 4133 279 4215 porcionis
295 4151 422 4195 mouere
447 4129 496 4193 vel
514 4136 627 4194 contra
652 4129 779 4194 eosdem
805 4129 872 4194 litis
898 4129 1070 4194 materiam
1096 4127 1252 4192 suscitare

116 4246 237 4324 posset,
253 4239 384 4303 frivolas
401 4243 434 4302 et
449 4237 561 4302 inanes
577 4237 771 4303 reddidisset
782 4243 814 4302 et
829 4237 973 4301 reddidit
989 4257 1097 4300 coram
1113 4234 1204 4299 nobis
1222 4284 1228 4298 .
1245 4287 1252 4300 .

115 4350 245 4413 Datum
262 4351 381 4430 quarto
391 4345 443 4410 die
453 4345 637 4410 festivitatis
647 4345 800 4410 Omnium
813 4344 1017 4422 Sanctorum,
1033 4363 1117 4407 anno
1131 4342 1252 4406 domini

115 4457 170 4522 Μο
194 4453 295 4524 000ο
319 4453 401 4518 XL⁰
425 4474 516 4518 nono.

229 4597 385 4662 Hstlapjsn
400 4597 491 4662 pecsdt
505 4597 682 4659 nyomaival;
702 4597 832 4659 eredetije
846 4613 861 4646 a
876 4596 1014 4646 Kislaludi
1028 4612 1063 4646 ca.
1079 4595 1213 4648 tiaratae.
