3138 5462
365 495 428 556 132
716 509 902 556 aarooxonr
918 497 1132 556 oxmlurrlx.

362 670 556 734 rescribatis.
580 670 705 735 Datum
722 671 824 748 Bude,
843 670 978 736 sabbato
1003 671 1150 754 proximo
1176 677 1249 753 post
1273 670 1390 735 festum
1408 667 1487 733 beati

363 777 492 843 Mathai
509 779 647 861 apostoli
663 785 696 844 et
712 779 917 862 evangeliste,
944 800 1028 844 anno
1054 780 1174 844 domini
1190 777 1243 842 M⁰
1268 776 1366 844 000ο
1391 777 1487 842 XL¹¹³⁰

362 887 508 968 septimo.
533 886 601 952 Nos
632 888 732 970 igitur
750 937 757 951 .
775 937 781 950 .
798 909 936 951 unacum
961 888 1107 970 predicto
1132 887 1240 951 Ictore
1265 886 1305 950 de
1331 887 1425 969 Myse
1441 885 1487 949 ho

363 995 448 1058 mine
464 1000 553 1058 vesto
569 1001 715 1058 nostrum
731 994 893 1059 homimem
911 1043 917 1058 .
935 1046 940 1058 .
958 995 1092 1066 fratrem
1119 995 1144 1059 J
1146 995 1305 1060 ohannem
1330 993 1487 1058 custodem

363 1101 496 1166 ecclesie
522 1108 631 1166 nostre
657 1103 699 1166 ad
723 1102 880 1185 premissa
904 1103 1061 1168 mandata
1085 1109 1192 1167 restra
1224 1101 1413 1184 exequenda
1438 1122 1487 1184 pro

365 1209 550 1274 testimonio
576 1209 831 1289 transmisimus;
866 1210 922 1290 qui
947 1210 1077 1274 tandem
1104 1210 1145 1274 ad
1170 1230 1227 1274 nos
1259 1210 1378 1274 reversi
1405 1207 1487 1272 nobis

364 1337 503 1381 consona
528 1337 603 1381 voce
628 1317 818 1395 retulerunt
847 1317 934 1397 quod
949 1317 1012 1400 ipsi
1029 1317 1109 1382 feria
1126 1317 1241 1400 quinta
1257 1317 1405 1401 proxima
1422 1323 1489 1380 ante

364 1423 479 1488 festum
496 1424 581 1489 beati
599 1424 771 1490 Michaelis
788 1423 976 1508 archangeli
987 1425 1132 1509 proxime
1148 1425 1303 1507 preterita
1319 1425 1352 1487 in
1369 1421 1488 1508 prelato

363 1534 518 1596 comitatu
528 1533 566 1598 de
578 1533 805 1618 Heueswywar
820 1533 1030 1616 procedend0,
1041 1533 1082 1598 ab
1094 1532 1241 1598 omnibus
1253 1531 1371 1613 quibus
1388 1532 1488 1596 decuit

364 1647 396 1705 et
412 1641 512 1718 licuit,
529 1641 712 1725 specialiter
728 1663 748 1706 a
763 1643 875 1706 vicinis
892 1648 924 1706 et
940 1643 1165 1707 commetaneis
1185 1641 1269 1706 dicte
1285 1641 1488 1723 possessionis

365 1747 574 1834 Zyluaeghaz
591 1756 711 1828 vocate,
737 1751 836 1814 talem
862 1752 1028 1814 scivissent
1053 1750 1093 1814 de
1123 1749 1288 1833 premissis
1319 1749 1490 1820 veritatem,

365 1855 451 1938 quod
482 1859 554 1938 ipsa
585 1857 744 1938 possessio
776 1855 982 1941 Zyluaeghaz
1022 1859 1056 1921 in
1087 1858 1311 1941 prenominato
1342 1856 1489 1920 comitatu

364 1965 592 2050 Heueswywar
609 1965 758 2047 existens,
784 1985 951 2047 nunquam
969 1971 1139 2048 prenotato
1164 1964 1276 2029 Blasio
1292 1963 1358 2028 filio
1374 1961 1488 2046 Cheley

366 2073 528 2156 pertinens
545 2071 659 2136 fuisset
675 2079 707 2136 et
722 2074 939 2156 pertinuisset.
963 2073 1088 2138 Datum
1104 2074 1137 2138 in
1162 2071 1324 2138 domimica
1348 2071 1490 2156 proxima

366 2185 438 2264 post
470 2181 587 2244 festum
629 2182 731 2248 sancti
763 2181 935 2246 Michaelis
967 2182 1151 2265 archangeli
1183 2181 1381 2264 predictum,
1415 2199 1493 2244 anno

366 2289 561 2371 supradicto.

472 2450 601 2514 Paphon,
615 2451 740 2500 narlotan
754 2450 1063 2513 pocsettdreddkeive13
1078 2451 1208 2514 eredetijc
1218 2467 1251 2501 az
1266 2467 1335 2502 orsz.
1351 2453 1383 2501 lt.
1398 2451 1492 2500 kimcst.

367 2548 434 2591 oszt.
449 2543 482 2591 N.
496 2543 529 2592 R.
543 2541 576 2590 A.
592 2546 615 2590 8.
640 2541 768 2604 25..dipl.
780 2549 846 2592 oszt.
871 2546 949 2592 3935.
969 2542 1069 2591 Kczli:
1089 2543 1197 2592 Kovacs
1211 2543 1245 2591 N.

911 2931 972 3002 591
1052 2893 1058 2907 ·

371 3101 464 3164 1347.
481 3111 535 3165 ool.
551 3101 580 3162 3.
599 3101 627 3180 Ι,
641 3099 852 3184 Lajoslrir·dly
863 3099 1039 3184 Kapiaera't
1050 3099 1148 3164 Sdroa
1165 3100 1343 3182 vdrmcpyei
1367 3098 1495 3162 birtolot

369 3207 510 3290 Moghrch
535 3215 614 3270 merit
633 3207 838 3294 arirhelylyel,
861 3207 1002 3270 Potarm
1019 3207 1169 3271 Paanet
1204 3205 1313 3291 Abaaj
1337 3212 1498 3290 rdrrneqye

683 3313 919 3400 fdiapciajrimok
940 3313 1178 3398 adomdnyozza.

476 3476 659 3542 Ludoricus
677 3529 682 3540 .
700 3527 706 3541 .
724 3497 780 3540 rex
797 3525 823 3538 ..
840 3475 881 3538 ad
897 3477 1118 3539 universorum
1135 3473 1287 3539 noticiam
1304 3523 1311 3538 .
1328 3523 1335 3537 .
1353 3473 1499 3538 volumus

370 3587 544 3668 pervenire,
562 3583 647 3666 quod
664 3585 820 3668 magister
836 3583 955 3648 Petrus
972 3582 1075 3648 dictus
1101 3579 1252 3646 Paharus
1268 3581 1354 3646 filius
1372 3581 1406 3645 N
1408 3582 1500 3646 icolai

370 3693 447 3758 dicti
464 3691 577 3776 Gange
594 3693 666 3757 aule
683 3699 791 3757 nostre
816 3691 907 3756 miles
918 3711 1022 3756 comes
1040 3691 1078 3755 de
1093 3689 1278 3774 Abamyuar
1295 3689 1436 3755 dilectus
1453 3711 1503 3753 no-

369 3799 421 3865 his
436 3806 469 3864 et
484 3799 596 3878 fidelis,
613 3801 653 3864 ad
673 3805 782 3864 nostre
798 3799 976 3864 maiestatis
1002 3797 1200 3881 presenciam
1217 3797 1411 3880 accedendo,
1429 3817 1502 3861 suas

371 3905 544 3973 fidelitates
561 3914 593 3972 et
609 3909 817 3974 serviciorum
843 3907 991 3991 preclara
1016 3907 1132 3972 merita
1157 3927 1215 3990 per
1241 3907 1377 3971 eundem
1395 3915 1504 3971 nostre

369 4015 531 4080 maiestati
556 4015 678 4080 sollerti
704 4037 782 4081 cura
797 4018 831 4080 in
847 4016 1006 4080 continuis
1025 4015 1103 4080 locis
1120 4021 1151 4078 et
1167 4013 1366 4098 temporibus
1384 4035 1505 4097 oppor-

371 4123 457 4187 tunis
474 4121 632 4186 exhibitas
659 4129 691 4186 et
716 4123 861 4206 impensa
886 4143 1067 4206 proponens
1093 4127 1126 4185 et
1151 4119 1319 4185 declarans
1340 4143 1378 4186 ac
1396 4129 1505 4185 nostre

371 4249 554 4294 memorans
570 4231 741 4308 maiestati,
758 4231 922 4314 quandam
946 4229 1182 4313 possessionem
1198 4235 1342 4293 nostram
1358 4228 1392 4292 in
1413 4229 1508 4294 romi·

375 4343 447 4402 tatu
464 4335 503 4400 de
520 4334 623 4402 Saros
640 4339 829 4404 existentem
846 4336 934 4421 Oopy
949 4342 1104 4413 vocatam,
1121 4356 1193 4399 cum
1209 4337 1275 4400 suis
1292 4337 1505 4418 pertinenciis

375 4444 540 4524 universis,
567 4446 751 4529 specialiter
767 4469 840 4510 cum
865 4444 935 4509 loco
958 4445 1056 4509 castri
1083 4443 1236 4526 Mogloch
1253 4444 1427 4523 nominati,
1444 4465 1505 4524 que

375 4552 536 4634 quondam
553 4557 697 4638 tempore
715 4607 721 4620 .
740 4553 878 4618 .Karoli
905 4553 980 4618 olim
999 4604 1005 4616 .
1024 4604 1029 4617 .
1046 4551 1131 4635 regis
1149 4601 1154 4615 .
1172 4601 1178 4614 .
1196 4551 1298 4634 patris
1314 4553 1423 4616 nostri
1442 4602 1450 4615 .
1468 4571 1507 4615 .a

373 4658 484 4724 Blasio
494 4658 560 4724 filio
572 4661 728 4746 Fuldruh,
740 4660 894 4728 Ladislao
910 4668 943 4726 et
958 4659 983 4724 J
985 4660 1110 4724 ohanne
1124 4657 1278 4724 fratribus
1290 4659 1365 4741 suis,
1382 4659 1421 4722 in
1440 4681 1509 4723 con·
