3180 5470
562 503 655 566 1350.
674 515 740 566 uon.
760 504 810 566 la.

646 795 720 856 236.

119 971 353 1058 1350.juz.18.
378 968 408 1036 A
435 971 531 1036 berlai
556 971 710 1059 kdplabrn
735 971 809 1036 eloe
840 971 937 1036 Vu'ezi
966 969 1056 1035 Poe·
1078 967 1123 1046 fio
1146 970 1250 1036 Jriuoe

118 1079 247 1153 d-brcdai
276 1082 391 1167 hospes,
422 1079 523 1146 ιῙάηοε
554 1078 685 1144 coemi
725 1077 970 1144 drlcuconoltuolc
1010 1089 1159 1165 upyanott
1192 1100 1249 1166 epp

243 1187 437 1254 udcarlelltet
453 1211 474 1252 a
490 1197 573 1252 saeut
580 1186 762 1274 fereneaielr
778 1185 933 1251 kobstora
949 1185 1021 1250 elr'ilt
1037 1183 1117 1250 elad.

223 1367 412 1452 Capitulum
436 1345 567 1434 ecclesie
590 1368 752 1435 Budensis
778 1418 809 1433 ..
833 1368 875 1433 ud
900 1367 1122 1432 universorum
1139 1418 1169 1432 ..
1194 1389 1248 1432 uo-

117 1477 226 1541 tioiam
243 1526 274 1541 ..
307 1476 452 1542 volumus
486 1478 662 1562 pervenire,
697 1477 783 1560 quod
816 1475 985 1542 Johunnes
1025 1475 1111 1541 filius
1151 1475 1248 1541 Pauli

117 1584 194 1650 dieti
210 1584 251 1650 de
266 1583 375 1650 Wach
390 1584 505 1669 hospes
525 1585 565 1649 de
582 1583 696 1652 Veteri
712 1585 810 1650 Bude
834 1584 876 1648 ab
902 1606 975 1662 uua,
991 1585 1068 1649 item
1093 1583 1248 1668 magister

117 1693 287 1758 dohannes
303 1699 410 1757 custos
426 1692 558 1758 ecclesie
583 1698 692 1757 nostre
716 1699 810 1776 perte
835 1713 875 1756 ex
899 1693 1013 1770 alteru,
1032 1713 1140 1757 coram
1156 1692 1248 1756 nobis

116 1799 332 1884 personaliter
357 1800 532 1878 constituti,
558 1799 642 1864 idem
668 1799 838 1866 Johaunes
863 1799 947 1865 filius
972 1797 1068 1865 Pauli
1085 1799 1248 1866 confessus

116 1907 289 1974 exstitit..
314 1908 400 1992 quod
425 1909 493 1992 ipse
518 1909 679 1992 quendam
705 1907 841 1974 fundum
865 1910 952 1974 curie
986 1931 1043 1975 sue
1075 1930 1131 1974 seu
1156 1909 1248 1974 sessi-

117 2039 209 2082 onem
226 2025 303 2082 onte
319 2017 497 2082 claustrum
513 2017 600 2082 beuti
617 2017 785 2084 Francisoi
805 2017 994 2084 confessoris
1010 2038 1029 2082 a
1045 2023 1138 2102 parte
1154 2018 1247 2082 meri-

116 2127 177 2191 diei
203 2126 238 2190 in
261 2125 427 2191 territorio
452 2125 592 2190 civitatis
609 2125 739 2192 Veteris
762 2125 924 2192 Budensis
950 2127 1149 2204 existentem,
1173 2147 1247 2190 oum

116 2234 264 2299 omnibus
280 2233 413 2300 edificiis
430 2233 495 2300 suis
512 2241 545 2299 et
560 2233 757 2300 utilitatibus
774 2234 916 2300 eiusdem
932 2234 1100 2313 universis,
1109 2235 1205 2298 horto
1215 2239 1248 2298 et

116 2351 206 2408 terra
221 2341 265 2408 ad
282 2341 416 2408 eundem
433 2341 660 2426 spectantibus
677 2343 746 2408 uine
756 2342 932 2427 preiudicio
947 2344 1028 2409 iuris
1044 2342 1177 2408 ecclesie
1193 2364 1247 2406 uo-

117 2459 181 2516 stre
199 2457 232 2516 et
248 2451 385 2516 aliorum
412 2450 638 2533 quorumlibet,
663 2450 750 2516 dicto
775 2453 931 2534 magistro
956 2451 1101 2518 dohanni
1121 2450 1247 2517 custodi

115 2559 249 2625 ecclesie
265 2567 374 2625 nostre
390 2565 423 2623 et
438 2581 496 2643 per
512 2580 585 2624 eum
602 2559 839 2625 successoribus
865 2559 1015 2642 eiusdem,
1035 2581 1094 2643 pro
1109 2559 1246 2642 triginta

113 2668 244 2733 florenis
285 2668 390 2732 minus
424 2666 604 2735 duobus..
642 2674 798 2751 perpetuo
825 2717 854 2733 ..
896 2667 1147 2734 vendidisset..
1181 2668 1245 2732 imo

114 2782 212 2860 prout
236 2776 270 2839 in
296 2781 393 2840 antea
417 2775 577 2852 donasset,
593 2776 639 2840 sio
663 2783 694 2839 et
718 2797 803 2840 nunc
819 2775 909 2840 dedit
924 2775 1067 2840 vendidit
1083 2823 1113 2839 ..
1139 2796 1245 2840 coram

114 2883 208 2949 nobis
228 2883 449 2966 perennaliter
473 2882 716 2966 possidendam
740 2883 865 2948 nullum
882 2883 931 2947 ius
948 2932 978 2948 ..
1003 2883 1064 2947 sibi
1080 2903 1246 2947 reservans

113 2991 292 3073 decadem·
308 2991 372 3056 imo
387 2999 492 3056 totum
508 2990 684 3058 dominium
701 2997 734 3056 et
750 2993 829 3056 iuris
846 2993 1077 3076 proprietatem
1095 2993 1128 3056 in
1139 2993 1245 3076 ipsum

113 3101 307 3183 magistrum
323 3100 507 3164 ..iohannem
524 3105 556 3164 et
566 3121 640 3164 suos
651 3121 847 3165 successores
863 3100 1060 3165 transferens
1070 3121 1108 3164 ex
1118 3101 1245 3183 integro

113 3209 183 3272 iure
200 3207 368 3292 perennali
384 3207 609 3292 possidendam
626 3255 633 3270 .
650 3256 656 3271 .
682 3207 763 3272 daus
794 3207 897 3272 eidem
925 3208 1081 3290 magistro
1097 3208 1122 3274 J
1124 3209 1244 3273 ohanui

112 3316 239 3381 custodi
257 3315 388 3380 ecclesie
413 3321 523 3380 nostre
547 3335 673 3379 omnem
698 3316 924 3380 auctoritatem
950 3315 1090 3382 donandi
1110 3315 1244 3381 eandem

113 3429 147 3487 et
165 3421 323 3487 vendendi
356 3421 536 3505 cuicunque
560 3421 697 3488 voluerit
713 3471 743 3487 ..
768 3421 893 3488 Datum
918 3423 968 3487 die
994 3424 1155 3490 dominica
1173 3445 1245 3507 pro·

110 3533 201 3596 xime
216 3537 293 3594 ente
310 3530 426 3594 festum
437 3529 530 3595 beate
547 3529 654 3596 Marie
669 3530 874 3614 Magdalene,
899 3553 983 3596 anno
1002 3531 1123 3596 domini
1137 3531 1244 3597 Mille·

109 3641 194 3704 simo
210 3636 309 3706 CCO⁰
339 3637 623 3721 quiuquagesim03
649 3639 852 3721 presentibus
877 3639 1032 3722 magistro
1048 3640 1147 3704 Petro
1171 3660 1244 3706 oau-

109 3756 191 3828 tore,
207 3749 370 3815 Michaele
387 3749 537 3814 Emerico
563 3748 716 3814 Ladislao
733 3756 766 3813 et
782 3749 884 3814 altero
901 3727 1058 3814 Ladisleo¹
1072 3771 1110 3814 ac
1126 3747 1244 3815 Cosme

110 3859 294 3942 ceterisque
311 3857 444 3924 ecclesie
460 3866 571 3923 nostre
588 3858 757 3937 canonicis,
774 3858 808 3922 in
824 3857 936 3924 eedem
946 3858 1005 3924 deo
1016 3859 1128 3924 devote
1143 3859 1243 3924 fumu-

109 3965 265 4031 lontibus,

222 4145 263 4194 Az
277 4145 311 4209 ep
324 4145 418 4209 pecset
430 4145 676 4213 hartya-szalagon
696 4147 780 4213 liigg;
800 4161 817 4197 e
839 4149 1063 4213 chyrographum
1076 4162 1092 4198 a
1105 4148 1173 4198 selsd
1187 4147 1242 4197 szt-

107 4237 154 4286 len
175 4251 249 4300 vau3
269 4235 400 4300 eredetije
422 4251 455 4286 ez
478 4251 547 4287 orsz.
569 4239 601 4287 lt.
625 4238 724 4289 kincst.
748 4243 815 4289 osnt.
828 4241 903 4290 Mon.
918 4238 979 4288 Vct.
1002 4237 1071 4290 Bud.
1088 4241 1128 4288 18.
1141 4244 1164 4288 7.
1175 4237 1241 4303 dipl.

107 4330 179 4376 oszt.
195 4329 274 4377 4137.
292 4325 392 4376 Kdzli:
411 4325 521 4377 Koraos
533 4326 567 4377 N.
