3138 5462
375 475 439 536 124
723 493 910 538 nsrouuoru
927 479 1140 540 ouulurrln.

363 652 414 716 die
440 653 569 718 termini
602 655 837 735 reportaeiouis
868 656 962 720 seriei
997 657 1172 722 iuramenti
1206 660 1379 741 prenotati,
1411 681 1485 724 anno

363 759 484 824 domini
497 759 673 826 Millesimo
690 763 917 827 trecentesimo
933 763 1181 847 quadragesimo
1198 766 1343 849 septimo.

469 923 494 970 A
508 923 571 972 zbld
585 923 613 974 ts
626 925 700 988 piros
714 926 986 988 selyemsodratokon
1001 929 1113 992 l'tggbtt
1124 929 1217 990 pecset
1229 930 1372 980 elreszett.
1395 931 1485 980 Erede·

364 1013 412 1076 rije
425 1028 458 1062 uz
480 1029 549 1062 orsz.
569 1015 601 1064 lt.
623 1015 723 1066 kinest.
737 1022 805 1066 oszt.
819 1017 853 1068 N.
874 1015 1045 1068 R.A.1537.
1070 1023 1093 1068 7.
1113 1016 1180 1082 dipl.
1200 1023 1268 1070 oszt.
1290 1024 1370 1073 3932.
1395 1021 1485 1072 Kozli:

364 1103 473 1154 Kortcs
492 1103 525 1154 N.
965 1127 967 1132 ·

852 1289 1012 1296 -—————-·----

904 1491 956 1552 56.

368 1649 462 1710 1347.
484 1648 592 1726 Beda,
610 1659 683 1732 sept.
704 1651 753 1711 16.
773 1647 836 1712 Pul
860 1649 1040 1732 orozdpbiro'
1061 1651 1157 1714 r‘le‘letc
1179 1651 1421 1730 kboctkcztc'bcu,
1438 1653 1487 1715 Be·

366 1756 441 1818 read
456 1757 533 1838 fiai,
561 1757 688 1820 Mdrtoa
704 1757 828 1820 Berend
843 1759 874 1820 e‘e
892 1755 1038 1844 Geryely,
1057 1759 1199 1842 ssqurmcl,
1216 1760 1362 1839 Szolnote,
1382 1761 1486 1838 Bc'lres,

367 1865 509 1944 quu'rul,
539 1865 610 1930 Pcst
635 1868 665 1929 c's
691 1866 791 1930 Heoes
815 1865 1061 1952 vdrmepyc'lcben
1078 1866 1180 1952 felcvb'
1205 1877 1303 1932 besses
1335 1869 1487 1932 etr-'obolos

366 1984 488 2037 srerrett
505 1973 697 2038 biitotatlcar
712 1999 733 2038 a
750 1973 849 2038 budrii
873 1973 1027 2060 ldptuluu
1053 1973 1288 2060 bbzbenjb'tle'eel
1313 1976 1430 2061 rrruput·
1444 1977 1488 2039 lcii-

687 2064 747 2146 zbrr
762 2084 873 2146 ba‘rom
887 2083 1174 2167 resszrefelosztjctk.

474 2262 542 2328 Nos
569 2283 673 2328 eomes
697 2263 822 2328 Paulus
847 2262 943 2326 iudex
969 2264 1080 2326 curie.
1098 2314 1104 2327 .
1121 2261 1365 2345 significamus.
1383 2313 1390 2328 .
1411 2265 1489 2346 quod

368 2371 534 2436 Martinus
550 2371 637 2436 filius
654 2371 788 2436 Iwanka
803 2392 863 2453 pro
888 2372 1046 2455 magistro
1066 2371 1214 2436 Martino
1239 2371 1305 2436 filio
1321 2373 1451 2438 Berend
1465 2423 1491 2438 ..

367 2480 458 2544 iuxta
473 2481 709 2546 continenciam
725 2479 893 2545 literarum
920 2487 1094 2546 conuentus
1120 2480 1350 2547 cruciferorum
1367 2481 1492 2546 ecclesie

366 2595 476 2653 sancte
502 2588 672 2654 Trinitatis
691 2589 731 2653 de
747 2587 871 2654 Oaiidis
887 2588 995 2670 Aquis
1020 2591 1286 2670 evocatoriurum,
1316 2591 1349 2654 in
1376 2589 1490 2655 oct-sris

370 2697 443 2762 sesti
459 2699 603 2764 Paschce
621 2697 741 2762 domini
752 2721 837 2762 nunc
847 2700 993 2781 proxime
1003 2698 1176 2780 preteritis,
1192 2697 1234 2762 ad
1250 2703 1395 2764 nostrum
1415 2717 1495 2762 acce·

369 2804 447 2870 deus
463 2809 673 2890 presenciam,
689 2813 803 2872 contra
819 2809 991 2890 magistros
1008 2805 1138 2870 Berend
1155 2812 1188 2870 et
1205 2803 1402 2888 Gregorium
1419 2804 1494 2868 filios

368 2913 510 2978 eiusdem
526 2913 664 2992 Berend,
689 2915 809 2980 fratres
834 2915 935 2996 ipsius
960 2913 1108 2995 magistri
1125 2911 1264 2977 Martini
1291 2914 1443 2991 uterinos,
1459 2913 1489 2976 in

367 3021 472 3104 tigma
488 3024 588 3087 nostri
605 3023 714 3088 iudicii
730 3029 942 3107 proposuerat
958 3043 994 3086 eo
1010 3021 1113 3100 mode,
1138 3021 1225 3102 quod
1241 3021 1327 3086 idem
1342 3022 1493 3105 magister

368 3129 531 3194 Martinus
549 3131 580 3194 in
597 3131 744 3195 omnibus
760 3128 1014 3213 possessionibus
1031 3127 1239 3194 hereditariis
1257 3125 1396 3192 ubilibet
1411 3128 1493 3209 ipsos
1550 3105 1551 3182 l

368 3238 438 3302 iure
454 3236 651 3302 hereditario
677 3237 947 3321 contingentibus,
970 3235 1012 3300 ab
1039 3235 1160 3300 eisdem
1187 3236 1354 3318 magistris
1371 3233 1497 3301 Berend

370 3351 403 3408 et
419 3343 580 3429 Gregorio
601 3346 755 3412 fratribus
780 3348 847 3412 suis
872 3346 1060 3411 divisionem
1087 3344 1295 3427 perennalem
1321 3345 1363 3410 ad
1389 3344 1498 3428 predia

371 3449 551 3537 separando
567 3455 628 3520 sibi
644 3462 872 3538 congruentem
882 3455 1002 3520 habere
1012 3453 1111 3518 vellet
1121 3455 1192 3518 iure
1203 3453 1415 3534 admittent03
1441 3473 1500 3534 quo

371 3561 483 3628 audito
499 3565 714 3644 prenominati
730 3565 877 3646 magistri
893 3562 1023 3628 Berend
1040 3567 1072 3627 et
1088 3559 1269 3645 Gregorius
1286 3560 1499 3644 personaliter

372 3677 587 3754 exsurgentes,
605 3671 842 3754 responderunt
866 3694 906 3735 ex
931 3669 1075 3749 adverso,
1099 3662 1185 3751 quod
1202 3670 1229 3735 si
1246 3669 1332 3734 idem
1348 3670 1502 3752 magister

371 3776 535 3844 Martinus
551 3779 653 3844 frater
668 3781 811 3862 ipsorum
828 3781 860 3844 in
877 3778 1024 3843 omnibus
1049 3799 1160 3842 eorum
1175 3775 1437 3862 possessionibus
1453 3776 1502 3839 he·

371 3885 536 3952 reditariis
560 3888 770 3972 acquisitieiis
787 3895 819 3952 et
834 3888 971 3952 emticiis
982 3907 1041 3969 per
1056 3886 1163 3970 ipsum
1179 3887 1337 3951 hactenus
1353 3884 1503 3962 obtentis,

371 3995 509 4061 inventis
526 4003 558 4062 et
574 3997 736 4080 possessis,
753 4016 902 4078 nuncque
927 3995 1015 4079 apud
1040 4017 1155 4062 manus
1179 4017 1256 4060 sues
1281 3993 1503 4062 existentibus.

372 4104 514 4185 exceptis
530 4105 729 4169 solummodo
745 4103 998 4186 possessionibus
1008 4104 1137 4168 nomine
1152 4101 1417 4184 impignoraticio
1435 4123 1504 4166 con·

372 4213 515 4290 seruatis,
538 4213 724 4279 divisionem
741 4236 814 4278 oum
829 4213 907 4296 ipsis
918 4212 1024 4278 facere
1039 4210 1225 4277 intenderet
1234 4209 1438 4292 coequalem,
1455 4231 1504 4274 ex·

371 4327 450 4386 tune
459 4322 520 4405 ipsi
531 4323 563 4386 in
575 4323 721 4388 omnibus
740 4343 851 4387 eorum
867 4319 1121 4405 possessionibus
1140 4317 1348 4384 hereditariis
1368 4319 1508 4401 acquisi-

372 4432 456 4496 ticiis
466 4429 806 4516 etssemtioiisperipsos
816 4427 866 4492 vel
876 4449 987 4493 eorum
998 4426 1278 4509 quemlibetmodo
1288 4426 1388 4492 simili
1400 4426 1509 4508 acqui·

372 4539 442 4606 sitis
459 4544 492 4603 et
507 4538 655 4616 obtentis,
671 4557 820 4618 nuncque
838 4558 917 4620 erga
933 4557 1044 4601 eorum
1059 4556 1173 4600 manus
1189 4533 1310 4599 habitis
1323 4541 1357 4600 ct
1367 4536 1508 4600 existen·

372 4646 468 4727 tibus,
478 4646 595 4712 demtis
606 4644 720 4712 saltem
730 4643 983 4730 possessionibus
994 4644 1152 4728 premisso
1162 4643 1233 4708 iure
1243 4641 1509 4727 impignoraticio
