<?xml version="1.0" encoding="UTF-8"?>
<!DOCTYPE html PUBLIC "-//W3C//DTD XHTML 1.0 Transitional//EN"
    "http://www.w3.org/TR/xhtml1/DTD/xhtml1-transitional.dtd">
<html xmlns="http://www.w3.org/1999/xhtml" xml:lang="en" lang="en">
 <head>
  <title>
</title>
<meta http-equiv="Content-Type" content="text/html;charset=utf-8" />
  <meta name='ocr-system' content='tesseract 3.04.00' />
  <meta name='ocr-capabilities' content='ocr_page ocr_carea ocr_par ocr_line ocrx_word'/>
</head>
<body>
  <div class='ocr_page' id='page_1' title='image "./codexdiplomatic06nagygoog_0203.png"; bbox 0 0 3192 5466; ppageno 0'>
   <div class='ocr_carea' id='block_1_1' title="bbox 361 443 1126 505">
    <p class='ocr_par' dir='ltr' id='par_1_1' title="bbox 361 443 1126 505">
     <span class='ocr_line' id='line_1_1' title="bbox 361 443 1126 505; baseline -0.005 -1"><span class='ocrx_word' id='word_1_1' title='bbox 361 444 424 505; x_wconf 84' lang='grc'><strong>190</strong></span> <span class='ocrx_word' id='word_1_2' title='bbox 454 461 456 464; x_wconf 92' lang='grc'><em>·</em></span> <span class='ocrx_word' id='word_1_3' title='bbox 710 457 898 505; x_wconf 76' lang='lat' dir='ltr'><strong>xxuocxonr</strong></span> <span class='ocrx_word' id='word_1_4' title='bbox 913 443 1126 505; x_wconf 83' lang='lat' dir='ltr'><strong>oxulxrrla.</strong></span> 
     </span>
    </p>
   </div>
   <div class='ocr_carea' id='block_1_2' title="bbox 355 619 1494 4699">
    <p class='ocr_par' dir='ltr' id='par_1_2' title="bbox 355 619 1494 4699">
     <span class='ocr_line' id='line_1_2' title="bbox 355 619 1483 704; baseline -0.003 -19"><span class='ocrx_word' id='word_1_5' title='bbox 355 620 394 685; x_wconf 92' lang='lat' dir='ltr'><strong>de</strong></span> <span class='ocrx_word' id='word_1_6' title='bbox 410 619 532 684; x_wconf 88' lang='lat' dir='ltr'><strong>Wama</strong></span> <span class='ocrx_word' id='word_1_7' title='bbox 549 673 555 684; x_wconf 94' lang='lat'><em>.</em></span> <span class='ocrx_word' id='word_1_8' title='bbox 573 669 579 682; x_wconf 93' lang='lat'><em>.</em></span> <span class='ocrx_word' id='word_1_9' title='bbox 596 619 637 683; x_wconf 86' lang='lat' dir='ltr'><strong>ab</strong></span> <span class='ocrx_word' id='word_1_10' title='bbox 654 642 726 698; x_wconf 89' lang='lat' dir='ltr'><strong>una,</strong></span> <span class='ocrx_word' id='word_1_11' title='bbox 750 627 784 684; x_wconf 91' lang='lat' dir='ltr'><strong>et</strong></span> <span class='ocrx_word' id='word_1_12' title='bbox 799 643 858 703; x_wconf 90' lang='lat' dir='ltr'><strong>pro</strong></span> <span class='ocrx_word' id='word_1_13' title='bbox 874 621 1027 704; x_wconf 83' lang='lat' dir='ltr'><strong>predictis</strong></span> <span class='ocrx_word' id='word_1_14' title='bbox 1044 621 1209 704; x_wconf 76' lang='lat' dir='ltr'><strong>magistris</strong></span> <span class='ocrx_word' id='word_1_15' title='bbox 1224 619 1380 684; x_wconf 87' lang='lat' dir='ltr'><strong>Ledislao</strong></span> <span class='ocrx_word' id='word_1_16' title='bbox 1399 619 1483 683; x_wconf 89' lang='lat' dir='ltr'><strong>dicto</strong></span> 
     </span>
     <span class='ocr_line' id='line_1_3' title="bbox 358 727 1484 813; baseline -0.002 -19"><span class='ocrx_word' id='word_1_17' title='bbox 358 731 456 812; x_wconf 86' lang='lat' dir='ltr'><strong>Zaar‚</strong></span> <span class='ocrx_word' id='word_1_18' title='bbox 472 730 625 812; x_wconf 81' lang='lat' dir='ltr'><strong>Eynardo</strong></span> <span class='ocrx_word' id='word_1_19' title='bbox 642 737 675 795; x_wconf 91' lang='lat' dir='ltr'><strong>et</strong></span> <span class='ocrx_word' id='word_1_20' title='bbox 691 730 859 813; x_wconf 89' lang='lat' dir='ltr'><strong>Stephano</strong></span> <span class='ocrx_word' id='word_1_21' title='bbox 874 729 940 794; x_wconf 88' lang='lat' dir='ltr'><strong>filio</strong></span> <span class='ocrx_word' id='word_1_22' title='bbox 965 730 1111 796; x_wconf 77' lang='lat' dir='ltr'><strong>ladislai</strong></span> <span class='ocrx_word' id='word_1_23' title='bbox 1136 729 1194 792; x_wconf 89' lang='lat' dir='ltr'><strong>filii</strong></span> <span class='ocrx_word' id='word_1_24' title='bbox 1220 727 1402 794; x_wconf 85' lang='lat' dir='ltr'><strong>Sumrakus</strong></span> <span class='ocrx_word' id='word_1_25' title='bbox 1426 729 1484 793; x_wconf 87' lang='lat' dir='ltr'><strong>La·</strong></span> 
     </span>
     <span class='ocr_line' id='line_1_4' title="bbox 356 837 1485 920; baseline -0.003 -18"><span class='ocrx_word' id='word_1_26' title='bbox 356 838 478 903; x_wconf 87' lang='lat' dir='ltr'><strong>dislaus</strong></span> <span class='ocrx_word' id='word_1_27' title='bbox 494 837 579 902; x_wconf 89' lang='lat' dir='ltr'><strong>filius</strong></span> <span class='ocrx_word' id='word_1_28' title='bbox 595 837 743 902; x_wconf 88' lang='lat' dir='ltr'><strong>Ladislai</strong></span> <span class='ocrx_word' id='word_1_29' title='bbox 759 860 832 903; x_wconf 90' lang='lat' dir='ltr'><strong>cum</strong></span> <span class='ocrx_word' id='word_1_30' title='bbox 848 839 1078 920; x_wconf 80' lang='lat' dir='ltr'><strong>procuratoriis</strong></span> <span class='ocrx_word' id='word_1_31' title='bbox 1103 838 1207 902; x_wconf 90' lang='lat' dir='ltr'><strong>literis</strong></span> <span class='ocrx_word' id='word_1_32' title='bbox 1233 837 1367 920; x_wconf 90' lang='lat' dir='ltr'><strong>capituli</strong></span> <span class='ocrx_word' id='word_1_33' title='bbox 1386 837 1485 900; x_wconf 87' lang='lat' dir='ltr'><strong>saneti</strong></span> 
     </span>
     <span class='ocr_line' id='line_1_5' title="bbox 355 946 1485 1028; baseline -0.003 -18"><span class='ocrx_word' id='word_1_34' title='bbox 355 947 458 1010; x_wconf 86' lang='lat' dir='ltr'><strong>lrinci</strong></span> <span class='ocrx_word' id='word_1_35' title='bbox 474 947 617 1010; x_wconf 88' lang='lat' dir='ltr'><strong>martiris</strong></span> <span class='ocrx_word' id='word_1_36' title='bbox 643 953 736 1028; x_wconf 89' lang='lat' dir='ltr'><strong>parte</strong></span> <span class='ocrx_word' id='word_1_37' title='bbox 753 967 792 1009; x_wconf 90' lang='lat' dir='ltr'><strong>ex</strong></span> <span class='ocrx_word' id='word_1_38' title='bbox 808 946 922 1024; x_wconf 88' lang='lat' dir='ltr'><strong>altera,</strong></span> <span class='ocrx_word' id='word_1_39' title='bbox 947 947 989 1010; x_wconf 91' lang='lat' dir='ltr'><strong>ad</strong></span> <span class='ocrx_word' id='word_1_40' title='bbox 1015 952 1160 1010; x_wconf 87' lang='lat' dir='ltr'><strong>nostram</strong></span> <span class='ocrx_word' id='word_1_41' title='bbox 1185 946 1387 1028; x_wconf 75' lang='lat' dir='ltr'><strong>presenciam</strong></span> <span class='ocrx_word' id='word_1_42' title='bbox 1404 965 1485 1008; x_wconf 86' lang='lat' dir='ltr'><strong>acce·</strong></span> 
     </span>
     <span class='ocr_line' id='line_1_6' title="bbox 356 1053 1486 1140; baseline -0.002 -22"><span class='ocrx_word' id='word_1_43' title='bbox 356 1055 476 1136; x_wconf 87' lang='lat' dir='ltr'><strong>dentes,</strong></span> <span class='ocrx_word' id='word_1_44' title='bbox 492 1060 525 1118; x_wconf 93' lang='lat' dir='ltr'><strong>et</strong></span> <span class='ocrx_word' id='word_1_45' title='bbox 540 1054 644 1137; x_wconf 81' lang='lat' dir='ltr'><strong>ipsam</strong></span> <span class='ocrx_word' id='word_1_46' title='bbox 660 1055 854 1138; x_wconf 77' lang='lat' dir='ltr'><strong>particulam</strong></span> <span class='ocrx_word' id='word_1_47' title='bbox 870 1061 957 1119; x_wconf 91' lang='lat' dir='ltr'><strong>terre</strong></span> <span class='ocrx_word' id='word_1_48' title='bbox 973 1055 1015 1118; x_wconf 89' lang='lat' dir='ltr'><strong>ad</strong></span> <span class='ocrx_word' id='word_1_49' title='bbox 1024 1056 1181 1140; x_wconf 90' lang='lat' dir='ltr'><strong>premissa</strong></span> <span class='ocrx_word' id='word_1_50' title='bbox 1196 1053 1363 1118; x_wconf 87' lang='lat' dir='ltr'><strong>duodecim</strong></span> <span class='ocrx_word' id='word_1_51' title='bbox 1380 1061 1486 1116; x_wconf 86' lang='lat' dir='ltr'><strong>aratra</strong></span> 
     </span>
     <span class='ocr_line' id='line_1_7' title="bbox 356 1161 1484 1246; baseline -0.002 -20"><span class='ocrx_word' id='word_1_52' title='bbox 356 1167 576 1246; x_wconf 88' lang='lat' dir='ltr'><strong>computatam</strong></span> <span class='ocrx_word' id='word_1_53' title='bbox 600 1168 633 1226; x_wconf 88' lang='lat' dir='ltr'><strong>et</strong></span> <span class='ocrx_word' id='word_1_54' title='bbox 657 1162 690 1225; x_wconf 88' lang='lat' dir='ltr'><strong>in</strong></span> <span class='ocrx_word' id='word_1_55' title='bbox 716 1162 851 1245; x_wconf 89' lang='lat' dir='ltr'><strong>triginta</strong></span> <span class='ocrx_word' id='word_1_56' title='bbox 875 1183 931 1226; x_wconf 87' lang='lat' dir='ltr'><strong>sex</strong></span> <span class='ocrx_word' id='word_1_57' title='bbox 955 1166 1072 1227; x_wconf 86' lang='lat' dir='ltr'><strong>mareis</strong></span> <span class='ocrx_word' id='word_1_58' title='bbox 1098 1163 1293 1242; x_wconf 90' lang='lat' dir='ltr'><strong>estimatam,</strong></span> <span class='ocrx_word' id='word_1_59' title='bbox 1317 1161 1432 1226; x_wconf 84' lang='lat' dir='ltr'><strong>silvam</strong></span> <span class='ocrx_word' id='word_1_60' title='bbox 1456 1168 1484 1224; x_wconf 83' lang='lat' dir='ltr'><strong>et</strong></span> 
     </span>
     <span class='ocr_line' id='line_1_8' title="bbox 356 1269 1482 1353; baseline 0 -19"><span class='ocrx_word' id='word_1_61' title='bbox 356 1270 705 1353; x_wconf 82' lang='lat' dir='ltr'><strong>vineasprenotatasin</strong></span> <span class='ocrx_word' id='word_1_62' title='bbox 725 1269 818 1334; x_wconf 90' lang='lat' dir='ltr'><strong>dictis</strong></span> <span class='ocrx_word' id='word_1_63' title='bbox 838 1277 967 1334; x_wconf 89' lang='lat' dir='ltr'><strong>centum</strong></span> <span class='ocrx_word' id='word_1_64' title='bbox 987 1271 1103 1336; x_wconf 87' lang='lat' dir='ltr'><strong>marcis</strong></span> <span class='ocrx_word' id='word_1_65' title='bbox 1124 1271 1299 1347; x_wconf 79' lang='lat' dir='ltr'><strong>estimatus,</strong></span> <span class='ocrx_word' id='word_1_66' title='bbox 1321 1269 1482 1352; x_wconf 90' lang='lat' dir='ltr'><strong>predictus</strong></span> 
     </span>
     <span class='ocr_line' id='line_1_9' title="bbox 357 1375 1484 1462; baseline -0.002 -19"><span class='ocrx_word' id='word_1_67' title='bbox 357 1375 514 1443; x_wconf 88' lang='lat' dir='ltr'><strong>Nicolaus</strong></span> <span class='ocrx_word' id='word_1_68' title='bbox 539 1375 627 1442; x_wconf 91' lang='lat' dir='ltr'><strong>filius</strong></span> <span class='ocrx_word' id='word_1_69' title='bbox 653 1375 816 1442; x_wconf 79' lang='lat' dir='ltr'><strong>dohannis</strong></span> <span class='ocrx_word' id='word_1_70' title='bbox 841 1383 1032 1461; x_wconf 89' lang='lat' dir='ltr'><strong>procurator</strong></span> <span class='ocrx_word' id='word_1_71' title='bbox 1058 1380 1275 1462; x_wconf 91' lang='lat' dir='ltr'><strong>predictorum</strong></span> <span class='ocrx_word' id='word_1_72' title='bbox 1295 1378 1388 1442; x_wconf 88' lang='lat' dir='ltr'><strong>Petri</strong></span> <span class='ocrx_word' id='word_1_73' title='bbox 1413 1378 1484 1442; x_wconf 90' lang='lat' dir='ltr'><strong>dicti</strong></span> 
     </span>
     <span class='ocr_line' id='line_1_10' title="bbox 359 1482 1484 1570; baseline -0.002 -19"><span class='ocrx_word' id='word_1_74' title='bbox 359 1485 470 1551; x_wconf 88' lang='lat' dir='ltr'><strong>Zudor</strong></span> <span class='ocrx_word' id='word_1_75' title='bbox 486 1491 519 1549; x_wconf 89' lang='lat' dir='ltr'><strong>et</strong></span> <span class='ocrx_word' id='word_1_76' title='bbox 535 1485 560 1548; x_wconf 88' lang='lat' dir='ltr'><strong>J</strong></span> <span class='ocrx_word' id='word_1_77' title='bbox 561 1485 698 1549; x_wconf 89' lang='lat' dir='ltr'><strong>ohannis</strong></span> <span class='ocrx_word' id='word_1_78' title='bbox 714 1485 792 1550; x_wconf 91' lang='lat' dir='ltr'><strong>dicti</strong></span> <span class='ocrx_word' id='word_1_79' title='bbox 809 1482 1025 1550; x_wconf 83' lang='lat' dir='ltr'><strong>Guthundorf</strong></span> <span class='ocrx_word' id='word_1_80' title='bbox 1046 1487 1088 1550; x_wconf 89' lang='lat' dir='ltr'><strong>ad</strong></span> <span class='ocrx_word' id='word_1_81' title='bbox 1115 1487 1292 1570; x_wconf 88' lang='lat' dir='ltr'><strong>predictam</strong></span> <span class='ocrx_word' id='word_1_82' title='bbox 1318 1487 1484 1570; x_wconf 90' lang='lat' dir='ltr'><strong>possessio-</strong></span> 
     </span>
     <span class='ocr_line' id='line_1_11' title="bbox 358 1593 1488 1676; baseline -0.001 -19"><span class='ocrx_word' id='word_1_83' title='bbox 358 1613 430 1676; x_wconf 87' lang='lat' dir='ltr'><strong>nem</strong></span> <span class='ocrx_word' id='word_1_84' title='bbox 456 1593 641 1658; x_wconf 89' lang='lat' dir='ltr'><strong>eorumdem</strong></span> <span class='ocrx_word' id='word_1_85' title='bbox 666 1594 757 1657; x_wconf 90' lang='lat' dir='ltr'><strong>Petri</strong></span> <span class='ocrx_word' id='word_1_86' title='bbox 789 1594 865 1659; x_wconf 89' lang='lat' dir='ltr'><strong>dicti</strong></span> <span class='ocrx_word' id='word_1_87' title='bbox 898 1595 1010 1660; x_wconf 89' lang='lat' dir='ltr'><strong>Zudor</strong></span> <span class='ocrx_word' id='word_1_88' title='bbox 1035 1603 1067 1660; x_wconf 91' lang='lat' dir='ltr'><strong>et</strong></span> <span class='ocrx_word' id='word_1_89' title='bbox 1091 1596 1253 1660; x_wconf 85' lang='lat' dir='ltr'><strong>Johannis</strong></span> <span class='ocrx_word' id='word_1_90' title='bbox 1279 1593 1488 1660; x_wconf 86' lang='lat' dir='ltr'><strong>Guthundorl</strong></span> 
     </span>
     <span class='ocr_line' id='line_1_12' title="bbox 360 1702 1484 1788; baseline -0.002 -22"><span class='ocrx_word' id='word_1_91' title='bbox 360 1702 439 1767; x_wconf 89' lang='lat' dir='ltr'><strong>dicti</strong></span> <span class='ocrx_word' id='word_1_92' title='bbox 464 1703 599 1786; x_wconf 77' lang='lat' dir='ltr'><strong>Tynnye</strong></span> <span class='ocrx_word' id='word_1_93' title='bbox 624 1703 842 1780; x_wconf 88' lang='lat' dir='ltr'><strong>nominatam,</strong></span> <span class='ocrx_word' id='word_1_94' title='bbox 875 1724 933 1786; x_wconf 87' lang='lat' dir='ltr'><strong>per</strong></span> <span class='ocrx_word' id='word_1_95' title='bbox 958 1703 1082 1786; x_wconf 83' lang='lat' dir='ltr'><strong>regiam</strong></span> <span class='ocrx_word' id='word_1_96' title='bbox 1106 1705 1308 1769; x_wconf 88' lang='lat' dir='ltr'><strong>maiestatem</strong></span> <span class='ocrx_word' id='word_1_97' title='bbox 1334 1709 1484 1788; x_wconf 88' lang='lat' dir='ltr'><strong>perpetuo</strong></span> 
     </span>
     <span class='ocr_line' id='line_1_13' title="bbox 358 1809 1484 1895; baseline -0.002 -20"><span class='ocrx_word' id='word_1_98' title='bbox 358 1811 477 1876; x_wconf 88' lang='lat' dir='ltr'><strong>eisdem</strong></span> <span class='ocrx_word' id='word_1_99' title='bbox 488 1809 647 1888; x_wconf 81' lang='lat' dir='ltr'><strong>collatam,</strong></span> <span class='ocrx_word' id='word_1_100' title='bbox 658 1810 1122 1876; x_wconf 82' lang='lat' dir='ltr'><strong>dictusveroLadislausfilius</strong></span> <span class='ocrx_word' id='word_1_101' title='bbox 1134 1811 1280 1877; x_wconf 66' lang='lat' dir='ltr'><strong>[ladislai</strong></span> <span class='ocrx_word' id='word_1_102' title='bbox 1299 1818 1484 1895; x_wconf 88' lang='lat' dir='ltr'><strong>procurator</strong></span> 
     </span>
     <span class='ocr_line' id='line_1_14' title="bbox 359 1917 1486 2004; baseline -0.001 -21"><span class='ocrx_word' id='word_1_103' title='bbox 359 1925 578 2002; x_wconf 85' lang='lat' dir='ltr'><strong>protectorum</strong></span> <span class='ocrx_word' id='word_1_104' title='bbox 594 1921 823 2001; x_wconf 88' lang='lat' dir='ltr'><strong>magistrorum</strong></span> <span class='ocrx_word' id='word_1_105' title='bbox 848 1919 995 1985; x_wconf 87' lang='lat' dir='ltr'><strong>Ladislai</strong></span> <span class='ocrx_word' id='word_1_106' title='bbox 1005 1920 1082 1985; x_wconf 89' lang='lat' dir='ltr'><strong>dicti</strong></span> <span class='ocrx_word' id='word_1_107' title='bbox 1094 1920 1190 1998; x_wconf 86' lang='lat' dir='ltr'><strong>Zaar,</strong></span> <span class='ocrx_word' id='word_1_108' title='bbox 1207 1921 1354 2004; x_wconf 80' lang='lat' dir='ltr'><strong>Eynardi</strong></span> <span class='ocrx_word' id='word_1_109' title='bbox 1371 1926 1405 1984; x_wconf 88' lang='lat' dir='ltr'><strong>et</strong></span> <span class='ocrx_word' id='word_1_110' title='bbox 1421 1917 1486 1985; x_wconf 87' lang='lat' dir='ltr'><strong>Ste-</strong></span> 
     </span>
     <span class='ocr_line' id='line_1_15' title="bbox 359 2025 1481 2111; baseline -0.002 -19"><span class='ocrx_word' id='word_1_111' title='bbox 359 2027 459 2110; x_wconf 87' lang='lat' dir='ltr'><strong>phani</strong></span> <span class='ocrx_word' id='word_1_112' title='bbox 475 2025 534 2090; x_wconf 90' lang='lat' dir='ltr'><strong>filii</strong></span> <span class='ocrx_word' id='word_1_113' title='bbox 551 2025 697 2091; x_wconf 76' lang='lat' dir='ltr'><strong>ladislai</strong></span> <span class='ocrx_word' id='word_1_114' title='bbox 714 2026 772 2091; x_wconf 88' lang='lat' dir='ltr'><strong>filii</strong></span> <span class='ocrx_word' id='word_1_115' title='bbox 789 2026 978 2106; x_wconf 87' lang='lat' dir='ltr'><strong>Sumrakus,</strong></span> <span class='ocrx_word' id='word_1_116' title='bbox 995 2050 1160 2110; x_wconf 86' lang='lat' dir='ltr'><strong>nunquam</strong></span> <span class='ocrx_word' id='word_1_117' title='bbox 1187 2029 1230 2093; x_wconf 92' lang='lat' dir='ltr'><strong>ad</strong></span> <span class='ocrx_word' id='word_1_118' title='bbox 1255 2029 1481 2111; x_wconf 88' lang='lat' dir='ltr'><strong>possessionem</strong></span> 
     </span>
     <span class='ocr_line' id='line_1_16' title="bbox 363 2133 1487 2220; baseline -0.003 -20"><span class='ocrx_word' id='word_1_119' title='bbox 363 2135 496 2217; x_wconf 80' lang='lat' dir='ltr'><strong>Tynnye</strong></span> <span class='ocrx_word' id='word_1_120' title='bbox 516 2134 572 2198; x_wconf 91' lang='lat' dir='ltr'><strong>sed</strong></span> <span class='ocrx_word' id='word_1_121' title='bbox 587 2133 629 2198; x_wconf 87' lang='lat' dir='ltr'><strong>ad</strong></span> <span class='ocrx_word' id='word_1_122' title='bbox 645 2137 876 2218; x_wconf 89' lang='lat' dir='ltr'><strong>possessionem</strong></span> <span class='ocrx_word' id='word_1_123' title='bbox 902 2137 1084 2201; x_wconf 88' lang='lat' dir='ltr'><strong>eorumdem</strong></span> <span class='ocrx_word' id='word_1_124' title='bbox 1102 2139 1331 2220; x_wconf 87' lang='lat' dir='ltr'><strong>magistrorum</strong></span> <span class='ocrx_word' id='word_1_125' title='bbox 1348 2135 1487 2202; x_wconf 61' lang='lat' dir='ltr'><strong>[ladislai</strong></span> 
     </span>
     <span class='ocr_line' id='line_1_17' title="bbox 363 2241 1487 2327; baseline -0.004 -20"><span class='ocrx_word' id='word_1_126' title='bbox 363 2241 511 2327; x_wconf 83' lang='lat' dir='ltr'><strong>Eynardi</strong></span> <span class='ocrx_word' id='word_1_127' title='bbox 527 2248 559 2305; x_wconf 91' lang='lat' dir='ltr'><strong>et</strong></span> <span class='ocrx_word' id='word_1_128' title='bbox 575 2241 733 2325; x_wconf 86' lang='lat' dir='ltr'><strong>Stephani</strong></span> <span class='ocrx_word' id='word_1_129' title='bbox 748 2241 808 2307; x_wconf 90' lang='lat' dir='ltr'><strong>filii</strong></span> <span class='ocrx_word' id='word_1_130' title='bbox 824 2243 981 2326; x_wconf 87' lang='lat' dir='ltr'><strong>Ladislai,</strong></span> <span class='ocrx_word' id='word_1_131' title='bbox 997 2244 1121 2308; x_wconf 92' lang='lat' dir='ltr'><strong>Prehor</strong></span> <span class='ocrx_word' id='word_1_132' title='bbox 1136 2249 1283 2308; x_wconf 83' lang='lat' dir='ltr'><strong>vocatam</strong></span> <span class='ocrx_word' id='word_1_133' title='bbox 1299 2245 1487 2327; x_wconf 79' lang='lat' dir='ltr'><strong>pertinuisse</strong></span> 
     </span>
     <span class='ocr_line' id='line_1_18' title="bbox 366 2351 1488 2433; baseline 0 -19"><span class='ocrx_word' id='word_1_134' title='bbox 366 2358 399 2414; x_wconf 90' lang='lat' dir='ltr'><strong>et</strong></span> <span class='ocrx_word' id='word_1_135' title='bbox 415 2351 586 2433; x_wconf 90' lang='lat' dir='ltr'><strong>pertinere,</strong></span> <span class='ocrx_word' id='word_1_136' title='bbox 610 2351 695 2414; x_wconf 87' lang='lat' dir='ltr'><strong>inter</strong></span> <span class='ocrx_word' id='word_1_137' title='bbox 710 2357 878 2433; x_wconf 82' lang='lat' dir='ltr'><strong>metasque</strong></span> <span class='ocrx_word' id='word_1_138' title='bbox 898 2352 1040 2417; x_wconf 85' lang='lat' dir='ltr'><strong>eiusdem</strong></span> <span class='ocrx_word' id='word_1_139' title='bbox 1066 2353 1204 2416; x_wconf 82' lang='lat' dir='ltr'><strong>existere</strong></span> <span class='ocrx_word' id='word_1_140' title='bbox 1230 2353 1427 2416; x_wconf 83' lang='lat' dir='ltr'><strong>contrariosa</strong></span> <span class='ocrx_word' id='word_1_141' title='bbox 1443 2373 1488 2416; x_wconf 87' lang='lat' dir='ltr'><strong>oo·</strong></span> 
     </span>
     <span class='ocr_line' id='line_1_19' title="bbox 362 2458 1484 2542; baseline -0.001 -21"><span class='ocrx_word' id='word_1_142' title='bbox 362 2480 432 2522; x_wconf 89' lang='lat' dir='ltr'><strong>ram</strong></span> <span class='ocrx_word' id='word_1_143' title='bbox 449 2459 539 2522; x_wconf 90' lang='lat' dir='ltr'><strong>nobis</strong></span> <span class='ocrx_word' id='word_1_144' title='bbox 557 2458 742 2540; x_wconf 85' lang='lat' dir='ltr'><strong>allegantes,</strong></span> <span class='ocrx_word' id='word_1_145' title='bbox 767 2460 844 2542; x_wconf 92' lang='lat' dir='ltr'><strong>quia</strong></span> <span class='ocrx_word' id='word_1_146' title='bbox 860 2459 997 2542; x_wconf 86' lang='lat' dir='ltr'><strong>predicti</strong></span> <span class='ocrx_word' id='word_1_147' title='bbox 1013 2460 1162 2541; x_wconf 84' lang='lat' dir='ltr'><strong>magistri</strong></span> <span class='ocrx_word' id='word_1_148' title='bbox 1187 2459 1362 2524; x_wconf 87' lang='lat' dir='ltr'><strong>Ladislaus</strong></span> <span class='ocrx_word' id='word_1_149' title='bbox 1387 2459 1484 2524; x_wconf 86' lang='lat' dir='ltr'><strong>dictus</strong></span> 
     </span>
     <span class='ocr_line' id='line_1_20' title="bbox 365 2565 1488 2651; baseline -0.002 -21"><span class='ocrx_word' id='word_1_150' title='bbox 365 2565 461 2644; x_wconf 88' lang='lat' dir='ltr'><strong>Zaar,</strong></span> <span class='ocrx_word' id='word_1_151' title='bbox 477 2567 650 2650; x_wconf 84' lang='lat' dir='ltr'><strong>Eynardus</strong></span> <span class='ocrx_word' id='word_1_152' title='bbox 667 2573 699 2631; x_wconf 93' lang='lat' dir='ltr'><strong>et</strong></span> <span class='ocrx_word' id='word_1_153' title='bbox 716 2566 900 2651; x_wconf 83' lang='lat' dir='ltr'><strong>Stephanus</strong></span> <span class='ocrx_word' id='word_1_154' title='bbox 915 2566 1000 2631; x_wconf 91' lang='lat' dir='ltr'><strong>filius</strong></span> <span class='ocrx_word' id='word_1_155' title='bbox 1017 2567 1163 2632; x_wconf 88' lang='lat' dir='ltr'><strong>Ladislai</strong></span> <span class='ocrx_word' id='word_1_156' title='bbox 1179 2567 1238 2632; x_wconf 90' lang='lat' dir='ltr'><strong>filii</strong></span> <span class='ocrx_word' id='word_1_157' title='bbox 1256 2567 1435 2633; x_wconf 79' lang='lat' dir='ltr'><strong>Sumralrus</strong></span> <span class='ocrx_word' id='word_1_158' title='bbox 1450 2567 1488 2630; x_wconf 88' lang='lat' dir='ltr'><strong>ab</strong></span> 
     </span>
     <span class='ocr_line' id='line_1_21' title="bbox 365 2674 1488 2759; baseline -0.001 -20"><span class='ocrx_word' id='word_1_159' title='bbox 365 2697 424 2739; x_wconf 85' lang='lat' dir='ltr'><strong>avo</strong></span> <span class='ocrx_word' id='word_1_160' title='bbox 438 2681 470 2738; x_wconf 94' lang='lat' dir='ltr'><strong>et</strong></span> <span class='ocrx_word' id='word_1_161' title='bbox 485 2674 764 2758; x_wconf 86' lang='lat' dir='ltr'><strong>predecessoribus</strong></span> <span class='ocrx_word' id='word_1_162' title='bbox 789 2695 899 2739; x_wconf 89' lang='lat' dir='ltr'><strong>eorum</strong></span> <span class='ocrx_word' id='word_1_163' title='bbox 916 2675 960 2740; x_wconf 91' lang='lat' dir='ltr'><strong>ibi</strong></span> <span class='ocrx_word' id='word_1_164' title='bbox 977 2676 1215 2758; x_wconf 87' lang='lat' dir='ltr'><strong>possessionati,</strong></span> <span class='ocrx_word' id='word_1_165' title='bbox 1240 2676 1405 2759; x_wconf 90' lang='lat' dir='ltr'><strong>ipsiusque</strong></span> <span class='ocrx_word' id='word_1_166' title='bbox 1424 2697 1488 2759; x_wconf 89' lang='lat' dir='ltr'><strong>pos-</strong></span> 
     </span>
     <span class='ocr_line' id='line_1_22' title="bbox 365 2781 1488 2866; baseline 0 -20"><span class='ocrx_word' id='word_1_167' title='bbox 365 2783 515 2848; x_wconf 89' lang='lat' dir='ltr'><strong>sessionis</strong></span> <span class='ocrx_word' id='word_1_168' title='bbox 532 2781 656 2846; x_wconf 89' lang='lat' dir='ltr'><strong>Prebor</strong></span> <span class='ocrx_word' id='word_1_169' title='bbox 671 2783 834 2847; x_wconf 87' lang='lat' dir='ltr'><strong>nominate</strong></span> <span class='ocrx_word' id='word_1_170' title='bbox 851 2783 973 2866; x_wconf 91' lang='lat' dir='ltr'><strong>priores</strong></span> <span class='ocrx_word' id='word_1_171' title='bbox 993 2805 1191 2866; x_wconf 86' lang='lat' dir='ltr'><strong>possessores</strong></span> <span class='ocrx_word' id='word_1_172' title='bbox 1208 2785 1392 2858; x_wconf 89' lang='lat' dir='ltr'><strong>existerent,</strong></span> <span class='ocrx_word' id='word_1_173' title='bbox 1417 2785 1488 2866; x_wconf 90' lang='lat' dir='ltr'><strong>ipsis</strong></span> 
     </span>
     <span class='ocr_line' id='line_1_23' title="bbox 365 2889 1489 2968; baseline -0.001 -13"><span class='ocrx_word' id='word_1_174' title='bbox 365 2899 473 2956; x_wconf 90' lang='lat' dir='ltr'><strong>autem</strong></span> <span class='ocrx_word' id='word_1_175' title='bbox 490 2891 588 2954; x_wconf 90' lang='lat' dir='ltr'><strong>Petro</strong></span> <span class='ocrx_word' id='word_1_176' title='bbox 605 2889 690 2955; x_wconf 91' lang='lat' dir='ltr'><strong>dicto</strong></span> <span class='ocrx_word' id='word_1_177' title='bbox 707 2890 819 2955; x_wconf 87' lang='lat' dir='ltr'><strong>Zudor</strong></span> <span class='ocrx_word' id='word_1_178' title='bbox 836 2898 868 2956; x_wconf 87' lang='lat' dir='ltr'><strong>et</strong></span> <span class='ocrx_word' id='word_1_179' title='bbox 883 2891 1028 2956; x_wconf 82' lang='lat' dir='ltr'><strong>Johanni</strong></span> <span class='ocrx_word' id='word_1_180' title='bbox 1043 2889 1257 2957; x_wconf 84' lang='lat' dir='ltr'><strong>Guthundorf</strong></span> <span class='ocrx_word' id='word_1_181' title='bbox 1269 2891 1364 2968; x_wconf 88' lang='lat' dir='ltr'><strong>dicto,</strong></span> <span class='ocrx_word' id='word_1_182' title='bbox 1380 2911 1489 2956; x_wconf 89' lang='lat' dir='ltr'><strong>memo-</strong></span> 
     </span>
     <span class='ocr_line' id='line_1_24' title="bbox 364 2999 1487 3084; baseline -0.003 -21"><span class='ocrx_word' id='word_1_183' title='bbox 364 3005 437 3064; x_wconf 88' lang='lat' dir='ltr'><strong>rata</strong></span> <span class='ocrx_word' id='word_1_184' title='bbox 453 2999 610 3082; x_wconf 88' lang='lat' dir='ltr'><strong>possessio</strong></span> <span class='ocrx_word' id='word_1_185' title='bbox 626 2999 751 3082; x_wconf 77' lang='lat' dir='ltr'><strong>Tynnie</strong></span> <span class='ocrx_word' id='word_1_186' title='bbox 767 2999 872 3063; x_wconf 88' lang='lat' dir='ltr'><strong>adhuc</strong></span> <span class='ocrx_word' id='word_1_187' title='bbox 899 2999 939 3062; x_wconf 92' lang='lat' dir='ltr'><strong>de</strong></span> <span class='ocrx_word' id='word_1_188' title='bbox 965 3020 1045 3063; x_wconf 86' lang='lat' dir='ltr'><strong>novo</strong></span> <span class='ocrx_word' id='word_1_189' title='bbox 1061 3020 1119 3081; x_wconf 90' lang='lat' dir='ltr'><strong>per</strong></span> <span class='ocrx_word' id='word_1_190' title='bbox 1135 2999 1314 3084; x_wconf 85' lang='lat' dir='ltr'><strong>predictum</strong></span> <span class='ocrx_word' id='word_1_191' title='bbox 1332 2999 1487 3062; x_wconf 88' lang='lat' dir='ltr'><strong>dominum</strong></span> 
     </span>
     <span class='ocr_line' id='line_1_25' title="bbox 365 3105 1489 3189; baseline -0.002 -19"><span class='ocrx_word' id='word_1_192' title='bbox 365 3113 510 3171; x_wconf 90' lang='lat' dir='ltr'><strong>nostrum</strong></span> <span class='ocrx_word' id='word_1_193' title='bbox 535 3128 644 3189; x_wconf 87' lang='lat' dir='ltr'><strong>regem</strong></span> <span class='ocrx_word' id='word_1_194' title='bbox 669 3105 788 3170; x_wconf 88' lang='lat' dir='ltr'><strong>collata</strong></span> <span class='ocrx_word' id='word_1_195' title='bbox 814 3106 975 3170; x_wconf 83' lang='lat' dir='ltr'><strong>exstitisse</strong></span> <span class='ocrx_word' id='word_1_196' title='bbox 1002 3106 1211 3188; x_wconf 87' lang='lat' dir='ltr'><strong>cernebatur,</strong></span> <span class='ocrx_word' id='word_1_197' title='bbox 1235 3113 1268 3170; x_wconf 89' lang='lat' dir='ltr'><strong>et</strong></span> <span class='ocrx_word' id='word_1_198' title='bbox 1292 3129 1332 3170; x_wconf 86' lang='lat' dir='ltr'><strong>ex</strong></span> <span class='ocrx_word' id='word_1_199' title='bbox 1356 3127 1393 3170; x_wconf 91' lang='lat' dir='ltr'><strong>eo</strong></span> <span class='ocrx_word' id='word_1_200' title='bbox 1417 3106 1489 3188; x_wconf 88' lang='lat' dir='ltr'><strong>ipsis</strong></span> 
     </span>
     <span class='ocr_line' id='line_1_26' title="bbox 365 3213 1487 3299; baseline -0.002 -21"><span class='ocrx_word' id='word_1_201' title='bbox 365 3215 531 3298; x_wconf 84' lang='lat' dir='ltr'><strong>magistris</strong></span> <span class='ocrx_word' id='word_1_202' title='bbox 546 3213 700 3277; x_wconf 85' lang='lat' dir='ltr'><strong>Ladislao</strong></span> <span class='ocrx_word' id='word_1_203' title='bbox 717 3213 804 3278; x_wconf 90' lang='lat' dir='ltr'><strong>dicto</strong></span> <span class='ocrx_word' id='word_1_204' title='bbox 823 3213 921 3292; x_wconf 87' lang='lat' dir='ltr'><strong>Zaar,</strong></span> <span class='ocrx_word' id='word_1_205' title='bbox 937 3214 1090 3298; x_wconf 84' lang='lat' dir='ltr'><strong>Eynardo</strong></span> <span class='ocrx_word' id='word_1_206' title='bbox 1107 3221 1139 3278; x_wconf 91' lang='lat' dir='ltr'><strong>et</strong></span> <span class='ocrx_word' id='word_1_207' title='bbox 1165 3213 1332 3299; x_wconf 90' lang='lat' dir='ltr'><strong>Stephano</strong></span> <span class='ocrx_word' id='word_1_208' title='bbox 1348 3213 1413 3278; x_wconf 91' lang='lat' dir='ltr'><strong>filio</strong></span> <span class='ocrx_word' id='word_1_209' title='bbox 1429 3213 1487 3276; x_wconf 89' lang='lat' dir='ltr'><strong>La·</strong></span> 
     </span>
     <span class='ocr_line' id='line_1_27' title="bbox 365 3319 1490 3404; baseline -0.001 -19"><span class='ocrx_word' id='word_1_210' title='bbox 365 3321 461 3385; x_wconf 90' lang='lat' dir='ltr'><strong>dislai</strong></span> <span class='ocrx_word' id='word_1_211' title='bbox 486 3341 582 3403; x_wconf 91' lang='lat' dir='ltr'><strong>super</strong></span> <span class='ocrx_word' id='word_1_212' title='bbox 599 3319 718 3383; x_wconf 90' lang='lat' dir='ltr'><strong>eisdem</strong></span> <span class='ocrx_word' id='word_1_213' title='bbox 729 3320 892 3403; x_wconf 89' lang='lat' dir='ltr'><strong>particula</strong></span> <span class='ocrx_word' id='word_1_214' title='bbox 908 3327 1003 3398; x_wconf 87' lang='lat' dir='ltr'><strong>terre,</strong></span> <span class='ocrx_word' id='word_1_215' title='bbox 1019 3321 1164 3404; x_wconf 84' lang='lat' dir='ltr'><strong>silvaque</strong></span> <span class='ocrx_word' id='word_1_216' title='bbox 1181 3329 1214 3386; x_wconf 91' lang='lat' dir='ltr'><strong>et</strong></span> <span class='ocrx_word' id='word_1_217' title='bbox 1229 3322 1330 3386; x_wconf 82' lang='lat' dir='ltr'><strong>vineis</strong></span> <span class='ocrx_word' id='word_1_218' title='bbox 1347 3321 1490 3404; x_wconf 89' lang='lat' dir='ltr'><strong>litigiosis</strong></span> 
     </span>
     <span class='ocr_line' id='line_1_28' title="bbox 365 3415 1489 3512; baseline 0 -20"><span class='ocrx_word' id='word_1_219' title='bbox 365 3430 581 3494; x_wconf 89' lang='lat' dir='ltr'><strong>iuramentum</strong></span> <span class='ocrx_word' id='word_1_220' title='bbox 599 3450 672 3492; x_wconf 90' lang='lat' dir='ltr'><strong>cum</strong></span> <span class='ocrx_word' id='word_1_221' title='bbox 687 3434 737 3492; x_wconf 92' lang='lat' dir='ltr'><strong>tot</strong></span> <span class='ocrx_word' id='word_1_222' title='bbox 753 3415 909 3492; x_wconf 89' lang='lat' dir='ltr'><strong>nobilium</strong></span> <span class='ocrx_word' id='word_1_223' title='bbox 926 3435 1079 3512; x_wconf 89' lang='lat' dir='ltr'><strong>personis,</strong></span> <span class='ocrx_word' id='word_1_224' title='bbox 1105 3431 1138 3494; x_wconf 90' lang='lat' dir='ltr'><strong>in</strong></span> <span class='ocrx_word' id='word_1_225' title='bbox 1154 3435 1234 3512; x_wconf 89' lang='lat' dir='ltr'><strong>quot</strong></span> <span class='ocrx_word' id='word_1_226' title='bbox 1250 3431 1367 3495; x_wconf 88' lang='lat' dir='ltr'><strong>mareis</strong></span> <span class='ocrx_word' id='word_1_227' title='bbox 1383 3430 1489 3494; x_wconf 85' lang='lat' dir='ltr'><strong>eadem</strong></span> 
     </span>
     <span class='ocr_line' id='line_1_29' title="bbox 366 3536 1491 3621; baseline -0.001 -19"><span class='ocrx_word' id='word_1_228' title='bbox 366 3537 526 3621; x_wconf 85' lang='lat' dir='ltr'><strong>particula</strong></span> <span class='ocrx_word' id='word_1_229' title='bbox 544 3542 640 3618; x_wconf 87' lang='lat' dir='ltr'><strong>terre,</strong></span> <span class='ocrx_word' id='word_1_230' title='bbox 658 3536 802 3618; x_wconf 81' lang='lat' dir='ltr'><strong>silvaque</strong></span> <span class='ocrx_word' id='word_1_231' title='bbox 828 3543 861 3600; x_wconf 91' lang='lat' dir='ltr'><strong>et</strong></span> <span class='ocrx_word' id='word_1_232' title='bbox 877 3538 967 3601; x_wconf 89' lang='lat' dir='ltr'><strong>vinee</strong></span> <span class='ocrx_word' id='word_1_233' title='bbox 993 3545 1162 3620; x_wconf 87' lang='lat' dir='ltr'><strong>prenotate</strong></span> <span class='ocrx_word' id='word_1_234' title='bbox 1186 3537 1316 3602; x_wconf 89' lang='lat' dir='ltr'><strong>fuerant</strong></span> <span class='ocrx_word' id='word_1_235' title='bbox 1342 3540 1491 3612; x_wconf 82' lang='lat' dir='ltr'><strong>estimato,</strong></span> 
     </span>
     <span class='ocr_line' id='line_1_30' title="bbox 366 3645 1490 3728; baseline -0.001 -19"><span class='ocrx_word' id='word_1_236' title='bbox 366 3646 405 3709; x_wconf 94' lang='lat' dir='ltr'><strong>de</strong></span> <span class='ocrx_word' id='word_1_237' title='bbox 421 3645 501 3728; x_wconf 88' lang='lat' dir='ltr'><strong>legis</strong></span> <span class='ocrx_word' id='word_1_238' title='bbox 512 3645 655 3727; x_wconf 88' lang='lat' dir='ltr'><strong>equitate</strong></span> <span class='ocrx_word' id='word_1_239' title='bbox 666 3650 698 3708; x_wconf 91' lang='lat' dir='ltr'><strong>et</strong></span> <span class='ocrx_word' id='word_1_240' title='bbox 708 3645 799 3726; x_wconf 90' lang='lat' dir='ltr'><strong>regni</strong></span> <span class='ocrx_word' id='word_1_241' title='bbox 810 3645 989 3728; x_wconf 88' lang='lat' dir='ltr'><strong>approbata</strong></span> <span class='ocrx_word' id='word_1_242' title='bbox 1005 3647 1232 3710; x_wconf 79' lang='lat' dir='ltr'><strong>consuetudine</strong></span> <span class='ocrx_word' id='word_1_243' title='bbox 1242 3668 1300 3711; x_wconf 90' lang='lat' dir='ltr'><strong>nos</strong></span> <span class='ocrx_word' id='word_1_244' title='bbox 1310 3647 1490 3711; x_wconf 81' lang='lat' dir='ltr'><strong>adiudicare</strong></span> 
     </span>
     <span class='ocr_line' id='line_1_31' title="bbox 366 3753 1490 3837; baseline 0 -20"><span class='ocrx_word' id='word_1_245' title='bbox 366 3753 567 3836; x_wconf 88' lang='lat' dir='ltr'><strong>opportebat,</strong></span> <span class='ocrx_word' id='word_1_246' title='bbox 590 3753 661 3816; x_wconf 91' lang='lat' dir='ltr'><strong>ideo</strong></span> <span class='ocrx_word' id='word_1_247' title='bbox 677 3775 735 3818; x_wconf 90' lang='lat' dir='ltr'><strong>nos</strong></span> <span class='ocrx_word' id='word_1_248' title='bbox 766 3774 904 3818; x_wconf 88' lang='lat' dir='ltr'><strong>unacum</strong></span> <span class='ocrx_word' id='word_1_249' title='bbox 929 3754 1102 3818; x_wconf 87' lang='lat' dir='ltr'><strong>baronibus</strong></span> <span class='ocrx_word' id='word_1_250' title='bbox 1118 3761 1152 3818; x_wconf 88' lang='lat' dir='ltr'><strong>et</strong></span> <span class='ocrx_word' id='word_1_251' title='bbox 1167 3754 1329 3820; x_wconf 88' lang='lat' dir='ltr'><strong>nobilibus</strong></span> <span class='ocrx_word' id='word_1_252' title='bbox 1355 3755 1443 3837; x_wconf 86' lang='lat' dir='ltr'><strong>regni</strong></span> <span class='ocrx_word' id='word_1_253' title='bbox 1459 3755 1490 3817; x_wconf 91' lang='lat' dir='ltr'><strong>iu</strong></span> 
     </span>
     <span class='ocr_line' id='line_1_32' title="bbox 366 3859 1489 3944; baseline -0.002 -18"><span class='ocrx_word' id='word_1_254' title='bbox 366 3861 484 3926; x_wconf 86' lang='lat' dir='ltr'><strong>iudicio</strong></span> <span class='ocrx_word' id='word_1_255' title='bbox 511 3861 675 3926; x_wconf 88' lang='lat' dir='ltr'><strong>nobiscum</strong></span> <span class='ocrx_word' id='word_1_256' title='bbox 699 3859 923 3938; x_wconf 86' lang='lat' dir='ltr'><strong>assidentibus,</strong></span> <span class='ocrx_word' id='word_1_257' title='bbox 946 3861 1210 3942; x_wconf 87' lang='lat' dir='ltr'><strong>procuratoribus</strong></span> <span class='ocrx_word' id='word_1_258' title='bbox 1234 3863 1381 3944; x_wconf 89' lang='lat' dir='ltr'><strong>parcium</strong></span> <span class='ocrx_word' id='word_1_259' title='bbox 1408 3867 1489 3925; x_wconf 88' lang='lat' dir='ltr'><strong>utra·</strong></span> 
     </span>
     <span class='ocr_line' id='line_1_33' title="bbox 367 3967 1492 4052; baseline -0.003 -19"><span class='ocrx_word' id='word_1_260' title='bbox 367 3989 504 4052; x_wconf 90' lang='lat' dir='ltr'><strong>rumque</strong></span> <span class='ocrx_word' id='word_1_261' title='bbox 520 3968 700 4052; x_wconf 90' lang='lat' dir='ltr'><strong>prenotatis</strong></span> <span class='ocrx_word' id='word_1_262' title='bbox 716 3967 860 4031; x_wconf 86' lang='lat' dir='ltr'><strong>benivole</strong></span> <span class='ocrx_word' id='word_1_263' title='bbox 876 3968 936 4031; x_wconf 90' lang='lat' dir='ltr'><strong>hoo</strong></span> <span class='ocrx_word' id='word_1_264' title='bbox 951 3969 1035 4032; x_wconf 92' lang='lat' dir='ltr'><strong>idem</strong></span> <span class='ocrx_word' id='word_1_265' title='bbox 1053 3969 1333 4048; x_wconf 88' lang='lat' dir='ltr'><strong>assummeutibus,</strong></span> <span class='ocrx_word' id='word_1_266' title='bbox 1353 3970 1492 4034; x_wconf 76' lang='lat' dir='ltr'><strong>(laesere-</strong></span> 
     </span>
     <span class='ocr_line' id='line_1_34' title="bbox 368 4075 1492 4158; baseline 0.001 -18"><span class='ocrx_word' id='word_1_267' title='bbox 368 4099 477 4141; x_wconf 88' lang='lat' dir='ltr'><strong>ramus</strong></span> <span class='ocrx_word' id='word_1_268' title='bbox 497 4077 688 4153; x_wconf 87' lang='lat' dir='ltr'><strong>iudicantes,</strong></span> <span class='ocrx_word' id='word_1_269' title='bbox 712 4081 748 4139; x_wconf 94' lang='lat' dir='ltr'><strong>ut</strong></span> <span class='ocrx_word' id='word_1_270' title='bbox 773 4075 870 4140; x_wconf 91' lang='lat' dir='ltr'><strong>iidem</strong></span> <span class='ocrx_word' id='word_1_271' title='bbox 895 4077 1043 4158; x_wconf 88' lang='lat' dir='ltr'><strong>magistri</strong></span> <span class='ocrx_word' id='word_1_272' title='bbox 1068 4077 1243 4142; x_wconf 88' lang='lat' dir='ltr'><strong>Ladislaus</strong></span> <span class='ocrx_word' id='word_1_273' title='bbox 1271 4078 1376 4144; x_wconf 70' lang='lat' dir='ltr'><strong>(lictus</strong></span> <span class='ocrx_word' id='word_1_274' title='bbox 1401 4077 1492 4150; x_wconf 71' lang='lat' dir='ltr'><strong>haar,</strong></span> 
     </span>
     <span class='ocr_line' id='line_1_35' title="bbox 368 4182 1491 4270; baseline -0.002 -21"><span class='ocrx_word' id='word_1_275' title='bbox 368 4185 540 4270; x_wconf 86' lang='lat' dir='ltr'><strong>Eynardus</strong></span> <span class='ocrx_word' id='word_1_276' title='bbox 557 4191 589 4249; x_wconf 89' lang='lat' dir='ltr'><strong>et</strong></span> <span class='ocrx_word' id='word_1_277' title='bbox 605 4183 790 4266; x_wconf 84' lang='lat' dir='ltr'><strong>Stephanus</strong></span> <span class='ocrx_word' id='word_1_278' title='bbox 805 4182 891 4248; x_wconf 90' lang='lat' dir='ltr'><strong>filius</strong></span> <span class='ocrx_word' id='word_1_279' title='bbox 911 4184 1066 4261; x_wconf 86' lang='lat' dir='ltr'><strong>Ladislai,</strong></span> <span class='ocrx_word' id='word_1_280' title='bbox 1090 4184 1140 4248; x_wconf 86' lang='lat' dir='ltr'><strong>vel</strong></span> <span class='ocrx_word' id='word_1_281' title='bbox 1166 4205 1273 4249; x_wconf 89' lang='lat' dir='ltr'><strong>eorum</strong></span> <span class='ocrx_word' id='word_1_282' title='bbox 1299 4207 1394 4268; x_wconf 89' lang='lat' dir='ltr'><strong>quem</strong></span> <span class='ocrx_word' id='word_1_283' title='bbox 1409 4185 1491 4258; x_wconf 84' lang='lat' dir='ltr'><strong>voln-</strong></span> 
     </span>
     <span class='ocr_line' id='line_1_36' title="bbox 369 4292 1493 4378; baseline -0.002 -21"><span class='ocrx_word' id='word_1_284' title='bbox 369 4293 462 4366; x_wconf 91' lang='lat' dir='ltr'><strong>erint,</strong></span> <span class='ocrx_word' id='word_1_285' title='bbox 479 4293 651 4356; x_wconf 91' lang='lat' dir='ltr'><strong>centesimo</strong></span> <span class='ocrx_word' id='word_1_286' title='bbox 671 4298 704 4355; x_wconf 91' lang='lat' dir='ltr'><strong>et</strong></span> <span class='ocrx_word' id='word_1_287' title='bbox 720 4292 882 4356; x_wconf 85' lang='lat' dir='ltr'><strong>tricesimo</strong></span> <span class='ocrx_word' id='word_1_288' title='bbox 907 4298 998 4356; x_wconf 90' lang='lat' dir='ltr'><strong>sexto</strong></span> <span class='ocrx_word' id='word_1_289' title='bbox 1024 4313 1057 4358; x_wconf 89' lang='lat' dir='ltr'><strong>se</strong></span> <span class='ocrx_word' id='word_1_290' title='bbox 1083 4293 1243 4358; x_wconf 89' lang='lat' dir='ltr'><strong>nobilibus</strong></span> <span class='ocrx_word' id='word_1_291' title='bbox 1269 4295 1301 4358; x_wconf 92' lang='lat' dir='ltr'><strong>in</strong></span> <span class='ocrx_word' id='word_1_292' title='bbox 1328 4295 1493 4378; x_wconf 84' lang='lat' dir='ltr'><strong>quindenis</strong></span> 
     </span>
     <span class='ocr_line' id='line_1_37' title="bbox 369 4399 1493 4484; baseline -0.001 -20"><span class='ocrx_word' id='word_1_293' title='bbox 369 4400 442 4465; x_wconf 86' lang='lat' dir='ltr'><strong>festi</strong></span> <span class='ocrx_word' id='word_1_294' title='bbox 458 4399 544 4464; x_wconf 89' lang='lat' dir='ltr'><strong>beati</strong></span> <span class='ocrx_word' id='word_1_295' title='bbox 555 4399 693 4464; x_wconf 86' lang='lat' dir='ltr'><strong>Martini</strong></span> <span class='ocrx_word' id='word_1_296' title='bbox 709 4399 898 4464; x_wconf 80' lang='lat' dir='ltr'><strong>confessoris</strong></span> <span class='ocrx_word' id='word_1_297' title='bbox 914 4423 1000 4466; x_wconf 90' lang='lat' dir='ltr'><strong>nunc</strong></span> <span class='ocrx_word' id='word_1_298' title='bbox 1016 4403 1159 4484; x_wconf 86' lang='lat' dir='ltr'><strong>proxime</strong></span> <span class='ocrx_word' id='word_1_299' title='bbox 1177 4402 1351 4484; x_wconf 84' lang='lat' dir='ltr'><strong>preteritis,</strong></span> <span class='ocrx_word' id='word_1_300' title='bbox 1368 4403 1398 4466; x_wconf 88' lang='lat' dir='ltr'><strong>iu</strong></span> <span class='ocrx_word' id='word_1_301' title='bbox 1415 4401 1493 4465; x_wconf 84' lang='lat' dir='ltr'><strong>sacis</strong></span> 
     </span>
     <span class='ocr_line' id='line_1_38' title="bbox 370 4507 1493 4592; baseline -0.002 -21"><span class='ocrx_word' id='word_1_302' title='bbox 370 4507 453 4572; x_wconf 85' lang='lat' dir='ltr'><strong>dicte</strong></span> <span class='ocrx_word' id='word_1_303' title='bbox 488 4507 646 4589; x_wconf 78' lang='lat' dir='ltr'><strong>particule</strong></span> <span class='ocrx_word' id='word_1_304' title='bbox 681 4515 767 4572; x_wconf 89' lang='lat' dir='ltr'><strong>terre</strong></span> <span class='ocrx_word' id='word_1_305' title='bbox 792 4508 932 4591; x_wconf 89' lang='lat' dir='ltr'><strong>litigiose</strong></span> <span class='ocrx_word' id='word_1_306' title='bbox 962 4509 994 4572; x_wconf 88' lang='lat' dir='ltr'><strong>in</strong></span> <span class='ocrx_word' id='word_1_307' title='bbox 1020 4510 1113 4573; x_wconf 90' lang='lat' dir='ltr'><strong>dictis</strong></span> <span class='ocrx_word' id='word_1_308' title='bbox 1139 4511 1275 4592; x_wconf 88' lang='lat' dir='ltr'><strong>triginta</strong></span> <span class='ocrx_word' id='word_1_309' title='bbox 1300 4531 1357 4574; x_wconf 85' lang='lat' dir='ltr'><strong>sex</strong></span> <span class='ocrx_word' id='word_1_310' title='bbox 1382 4509 1493 4573; x_wconf 88' lang='lat' dir='ltr'><strong>marcis</strong></span> 
     </span>
     <span class='ocr_line' id='line_1_39' title="bbox 370 4615 1494 4699; baseline -0.002 -21"><span class='ocrx_word' id='word_1_311' title='bbox 370 4615 529 4692; x_wconf 86' lang='lat' dir='ltr'><strong>estimato,</strong></span> <span class='ocrx_word' id='word_1_312' title='bbox 541 4615 572 4676; x_wconf 89' lang='lat' dir='ltr'><strong>in</strong></span> <span class='ocrx_word' id='word_1_313' title='bbox 584 4636 647 4679; x_wconf 91' lang='lat' dir='ltr'><strong>uno</strong></span> <span class='ocrx_word' id='word_1_314' title='bbox 657 4615 727 4678; x_wconf 90' lang='lat' dir='ltr'><strong>loco</strong></span> <span class='ocrx_word' id='word_1_315' title='bbox 743 4617 964 4698; x_wconf 83' lang='lat' dir='ltr'><strong>comparando,</strong></span> <span class='ocrx_word' id='word_1_316' title='bbox 975 4616 1179 4699; x_wconf 84' lang='lat' dir='ltr'><strong>presentibus</strong></span> <span class='ocrx_word' id='word_1_317' title='bbox 1190 4619 1290 4682; x_wconf 90' lang='lat' dir='ltr'><strong>Petro</strong></span> <span class='ocrx_word' id='word_1_318' title='bbox 1303 4619 1344 4681; x_wconf 89' lang='lat' dir='ltr'><strong>de</strong></span> <span class='ocrx_word' id='word_1_319' title='bbox 1354 4618 1494 4682; x_wconf 84' lang='lat' dir='ltr'><strong>Berenee</strong></span> 
     </span>
    </p>
   </div>
   <div class='ocr_carea' id='block_1_3' title="bbox 0 0 1615 5460">
    <p class='ocr_par' dir='ltr' id='par_1_3' title="bbox 0 0 1615 5460">
     <span class='ocr_line' id='line_1_40' title="bbox 0 0 1615 5460; baseline 0 0"><span class='ocrx_word' id='word_1_320' title='bbox 0 0 1615 5460; x_wconf 95' lang='lat' dir='ltr'><strong> </strong></span> 
     </span>
    </p>
   </div>
  </div>
 </body>
</html>
