3192 5466
373 447 437 509 264
719 461 906 510 arsoexour
922 449 1151 508 0011111110.-

364 624 459 688 nibus
475 624 567 689 factis
583 624 758 688 vicinorum
774 629 807 688 et
824 631 1116 690 commetaneorum
1134 625 1316 690 earumdem
1334 627 1496 690 universo-

365 755 445 814 rum,
456 732 555 798 nobili
565 734 695 798 domina
705 741 851 798 consorte
862 735 939 799 dicti
951 733 1074 799 Thome
1083 733 1313 799 filiidohannis
1324 733 1498 800 etAndree

364 841 425 906 filii
442 839 571 906 Nicolai
587 841 663 906 dieti
679 841 790 906 Zeulxe
805 839 845 906 de
861 841 1132 908 Damanlridorel
1143 841 1294 924 legitimis
1310 843 1496 908 earumdem

364 948 511 1033 parcium
535 948 800 1032 procuratoribus
826 949 1031 1032 presentibus
1057 947 1233 1027 accederet,
1259 956 1291 1014 et
1316 953 1344 1014 si
1369 971 1497 1018 necesse

365 1056 466 1134 lieret,
481 1056 568 1122 facte
583 1057 729 1140 legitima
744 1056 1010 1138 reambulucione,
1027 1059 1130 1140 primo
1146 1065 1179 1122 et
1193 1057 1420 1141 principaliter
1437 1068 1497 1124 ter-

364 1167 447 1230 ciam
472 1171 598 1248 partem
614 1167 823 1248 possessionis
839 1165 951 1248 Bogus
983 1172 1094 1230 vocate
1125 1171 1157 1230 et
1188 1167 1306 1230 totales
1333 1169 1497 1249 porciones

364 1275 631 1358 possessionarias
648 1275 727 1340 dicti
743 1275 866 1341 rhome
883 1277 913 1340 in
931 1275 1186 1359 possessionibus
1213 1277 1356 1342 eiusdem
1372 1279 1495 1343 Thome

363 1385 397 1448 in
421 1382 524 1447 literis
549 1384 666 1448 vestris
689 1385 881 1449 nominatim
912 1386 1070 1469 expressis
1102 1385 1239 1450 eundem
1262 1387 1493 1470 contingentes,

364 1492 454 1557 iuxta
469 1491 611 1574 vigorem
628 1491 786 1557 dictarum
802 1493 970 1559 literarum
995 1501 1175 1559 vestrarum
1191 1514 1249 1576 per
1265 1491 1387 1559 dictum
1404 1495 1490 1560 nobi·

364 1599 427 1664 lem
437 1599 599 1664 dominam
610 1607 788 1668 consortem
799 1602 1029 1684 ipsiusThome
1039 1601 1340 1687 velprocuratorem
1351 1601 1492 1669 eiusdem

364 1708 442 1773 inibi
460 1708 722 1792 exhibendorum,
739 1730 776 1774 eo
792 1711 862 1776 iure
878 1733 942 1794 quo
958 1711 1020 1795 ipsi
1037 1711 1163 1775 domine
1181 1731 1220 1774 ex
1244 1713 1404 1794 premissa
1419 1712 1493 1778 dieti

364 1816 488 1882 Thorne
507 1817 617 1882 mariti
642 1817 692 1882 sui
718 1818 917 1901 obligacione
941 1820 1104 1902 pertinere
1121 1817 1341 1895 dinoscuntur,
1368 1827 1494 1884 contra·

365 1925 508 1989 diccione
524 1925 813 2008 quorumlibetnon
824 1927 981 2010 obstante,
992 1933 1149 1992 statueret
1165 1926 1267 1992 eidem
1284 1927 1414 1992 domine
1430 1929 1496 1994 sine

364 2033 539 2116 preiudicio
555 2033 634 2098 iuris
650 2033 749 2099 alieni
764 2033 973 2118 possidendos
990 2087 995 2099 .
1013 2083 1020 2098 .
1037 2041 1070 2100 et
1086 2033 1214 2099 demum
1224 2034 1263 2098 de
1273 2035 1348 2100 dote
1359 2043 1393 2101 et
1402 2035 1496 2100 rebus

365 2139 633 2222 paroffernalibus
645 2140 959 2206 eiusdemdomineet
970 2148 1088 2224 quarte
1097 2141 1192 2206 filiali
1202 2141 1345 2208 filiarum
1357 2143 1496 2208 eiusdem

364 2247 492 2312 domiue
508 2249 547 2312 de
569 2249 724 2314 universis
748 2250 1000 2332 possessionibus
1025 2251 1126 2334 ipsius
1151 2251 1274 2316 Thome
1300 2250 1419 2334 ubique
1435 2253 1496 2316 exi·

364 2357 531 2436 stentibus,
549 2367 585 2423 ut
595 2379 632 2422 ex
644 2357 851 2441 comprobata
867 2359 959 2441 regni
969 2358 1067 2424 vestri
1080 2359 1307 2424 consuetudine
1323 2361 1496 2444 expediret.

365 2466 618 2548 possessionaria
643 2465 803 2532 solucione
828 2466 989 2532 mediante
1014 2468 1212 2551 persolveret
1237 2475 1270 2532 et
1295 2467 1496 2534 satisfaceret

365 2573 493 2639 iusticia
511 2575 671 2657 exigente,
687 2579 719 2638 et
736 2573 865 2638 tandem
875 2572 1066 2653 hishebitis,
1078 2574 1222 2640 residuas
1240 2576 1407 2641 uuiversas
1423 2599 1492 2660 pos-

365 2681 576 2746 sessionarias
593 2681 758 2765 porciones
775 2680 852 2746 dicti
864 2679 987 2745 Thome
1004 2680 1140 2746 ubilibet
1156 2683 1339 2761 existentes,
1356 2683 1496 2749 conside·

364 2789 445 2854 ratis
461 2788 608 2854 omnibus
622 2787 688 2854 suis
698 2787 893 2853 utilitatibus
910 2794 942 2852 et
951 2789 1158 2871 pertinenciis
1175 2789 1342 2870 universis,
1359 2813 1494 2858 unacum

356 2897 439 2963 'aliis
456 2897 563 2982 probis
581 2899 656 2963 viris
673 2899 705 2962 in
722 2904 787 2963 tres
814 2897 993 2962 dividerent
1018 2903 1129 2982 partes
1155 2899 1335 2982 coequales,
1362 2922 1495 2983 quarum

364 3006 443 3072 dues
468 3015 578 3090 partes
603 3028 659 3072 seu
683 3007 850 3090 porciones
876 3005 1030 3072 ladislao
1056 3011 1088 3070 et
1112 3006 1259 3072 dohanni
1284 3007 1364 3073 filiis
1396 3009 1494 3092 ipsius
1521 3003 1526 3016 ’

365 3115 489 3180 Thome
498 3115 695 3198 relinqueret
707 3118 738 3179 et
749 3119 906 3179 statueret
916 3119 1071 3197 perpetuo
1087 3113 1308 3196 possidendae,
1318 3121 1352 3180 et
1361 3117 1494 3180 terciam

364 3227 491 3306 partem
507 3221 691 3286 earumdem
710 3222 819 3304 quein
836 3223 1020 3305 porcionem
1037 3221 1113 3287 dicti
1126 3221 1248 3288 Thome
1265 3223 1496 3305 cederetsimi-

364 3329 439 3394 liter
463 3331 497 3394 in
524 3337 589 3395 tres
614 3329 771 3395 divideret
795 3337 914 3413 partes,
951 3338 983 3395 et
1008 3329 1089 3395 duas
1115 3337 1224 3415 partes
1250 3331 1495 3412 eiusdemquae

365 3437 474 3502 eudem
492 3439 621 3504 domina
637 3460 695 3524 per
719 3441 824 3524 ipsum
851 3439 1009 3504 Thomam
1035 3438 1234 3505 exhibicione
1259 3439 1429 3505 literarum
1448 3461 1494 3503 re-

366 3553 508 3611 strarum
534 3548 718 3630 potencium
735 3569 755 3612 e
770 3547 918 3613 manibus
943 3547 1121 3612 iudiciariis
1147 3546 1266 3611 domini
1294 3548 1430 3631 palatini
1448 3570 1494 3610 re·

364 3656 488 3720 demtas
507 3655 603 3720 luisse
620 3656 867 3740 comprobasset,
885 3655 987 3720 eidem
1004 3655 1127 3720 Thome
1152 3655 1372 3720 committeret
1387 3675 1497 3738 peren·
1580 3669 1581 3692 l

365 3765 483 3830 naliter
494 3767 741 3848 conservandam
758 3767 920 3832 residuam
931 3787 1005 3830 vero
1015 3767 1150 3831 terciam
1162 3771 1287 3849 partem
1301 3766 1497 3839 earumdem,

363 3872 477 3940 habita
493 3876 560 3939 eius
577 3876 782 3940 estimacione
801 3876 1044 3954 conscienciosa,
1062 3879 1239 3939 memorato
1265 3873 1400 3939 Andree
1426 3873 1496 3938 filio

363 3981 493 4046 Nicolai
509 3981 586 4046 dicti
602 3981 713 4047 Zeulre
730 3983 926 4068 relinqueret
942 3989 976 4046 et
992 3989 1151 4047 statueret
1165 3981 1301 4060 tamdiu,
1321 3983 1420 4048 donec
1436 4003 1494 4066 per

363 4092 421 4155 hos
448 4111 585 4174 quorum
611 4089 805 4156 redemcioni
831 4092 933 4176 magis
963 4096 1166 4174 competeret,
1198 4112 1257 4155 sua
1289 4091 1495 4156 estimacione

364 4198 485 4266 redemi
511 4205 619 4283 posset
647 4199 891 4284 possidendam
916 4205 949 4264 et
964 4205 1037 4284 post
1052 4199 1112 4265 hec
1137 4199 1253 4264 seriem
1274 4198 1495 4282 predictarum

363 4309 689 4392 possessionariarum
714 4309 903 4391 porcionum
936 4307 1162 4386 stetueionum,
1188 4329 1261 4372 oum
1287 4307 1390 4372 tocius
1415 4308 1495 4372 lacti

362 4416 486 4498 negocii
503 4437 654 4500 processu
670 4422 702 4481 et
720 4417 926 4482 estimacione
953 4415 1037 4480 dicte
1063 4414 1224 4500 porcionis
1250 4435 1289 4478 ac
1314 4414 1498 4480 nominibus

362 4521 491 4587 illorum
508 4523 642 4588 eandem
658 4545 692 4588 se
716 4523 875 4589 redimere
899 4523 980 4588 velle
996 4523 1220 4602 asserenoium,
1237 4521 1280 4587 ad
1296 4522 1381 4587 diem
1398 4523 1496 4588 medii

363 4629 627 4715 Quadragesime,
644 4631 766 4696 scilicet
781 4629 893 4696 feriam
910 4637 1060 4715 quartam
1075 4629 1164 4695 vobis
1180 4629 1322 4697 fideliter
1338 4629 1491 4696 rescribe·
