3180 5466
373 484 438 545 482
720 499 906 544 aurouuoar
922 486 1135 544 osuiurrls.

375 660 427 724 die
442 659 679 740 quindenarum
696 659 770 724 festi
795 661 899 726 sancti
925 659 1058 744 Georgii
1081 660 1234 734 martiris,
1251 679 1335 724 anno
1360 658 1504 722 videlicet

375 768 556 832 nativitatis
572 768 693 832 domini
709 769 784 833 Μῐῃῠ
800 766 921 836 OOO¹¹¹⁰
939 769 1205 852 quinquagesimo
1215 768 1329 851 primo,
1344 765 1453 830 nostri
1477 767 1503 827 iu

376 876 542 958 presencia
557 877 773 959 personaliter
789 883 1011 960 comparentes
1028 877 1188 957 dixerunt,
1206 874 1386 959 quodlicet
1401 873 1501 956 ipsiin

376 984 609 1050 statucionibus
627 984 841 1068 quarumdam
859 982 1430 1078 porcionumpossessionariarumin
1441 1002 1502 1064 pos·

375 1093 569 1158 sessionibus
586 1093 750 1178 Feulsynk
766 1101 800 1158 et
815 1093 981 1166 Kurtuilis
997 1095 1120 1158 vocatis
1145 1092 1179 1156 in
1195 1095 1350 1156 comitatu
1368 1089 1502 1172 Zempli·

377 1201 468 1265 nensi
495 1207 530 1266 ut
555 1202 694 1267 refertur
716 1202 926 1268 existentibus
945 1201 1142 1282 habitarum,
1168 1202 1313 1266 interae
1338 1198 1502 1264 concordes

375 1306 581 1388 haberentur,
606 1317 640 1374 et
665 1310 740 1374 licet
765 1311 867 1375 eciam
882 1310 1019 1394 predicti
1044 1308 1103 1374 filii
1129 1309 1292 1374 Jobannis
1320 1313 1503 1372 annotatam

377 1417 560 1498 porcionem
576 1419 609 1482 in
626 1419 827 1501 possessione
853 1418 1022 1482 Kurtuilis
1049 1439 1112 1500 quo
1129 1438 1228 1502 supra
1252 1417 1401 1482 habitam
1418 1416 1503 1480 dictis

378 1521 453 1589 filiis
469 1525 573 1590 Blasii
591 1526 696 1608 pridie
711 1525 930 1590 mediantibus
946 1525 1130 1590 hominibus
1146 1525 1243 1608 regiis
1259 1530 1292 1590 et
1307 1525 1431 1589 nostris
1450 1531 1503 1588 tes·

377 1631 520 1698 timoniis
536 1633 595 1698 sub
612 1634 829 1699 ereccionibus
845 1639 1007 1698 metarum
1023 1633 1223 1710 statuissent,
1234 1637 1266 1696 et
1283 1653 1381 1716 super
1398 1631 1500 1698 eadem

379 1741 558 1806 statncione
574 1743 666 1806 litere
683 1749 791 1806 nostre
808 1741 951 1806 confecte
968 1742 1159 1822 extitissent,
1183 1746 1292 1806 tamen
1320 1740 1401 1820 quia
1416 1739 1502 1804 daco

377 1847 437 1912 bus
454 1847 624 1914 Barnabas
641 1849 814 1915 Ladislaus
841 1857 874 1914 et
898 1850 1023 1914 Paulus
1040 1869 1078 1913 ac
1097 1847 1240 1912 Michael
1267 1847 1354 1912 filius
1372 1845 1503 1912 eiusdem

378 1953 534 2036 ladislai,
564 1956 607 2034 id,
638 1958 723 2038 quod
755 1977 794 2020 ex
825 1963 918 2040 parte
956 1957 1100 2040 ipsorum
1139 1975 1237 2037 super
1261 1954 1503 2038 perpetuacione

380 2063 594 2142 quarumdam
611 2065 750 2128 aliarum
766 2065 1004 2146 possessionum
1014 2085 1148 2128 suarum
1164 2064 1198 2127 in
1213 2063 1402 2148 prescriptis
1421 2063 1503 2146 quin·

380 2171 470 2236 denis
486 2172 588 2236 sancti
606 2171 739 2256 Georgii
755 2173 900 2238 martiris
925 2175 1016 2238 iuxta
1041 2174 1258 2237 continencias
1284 2172 1427 2236 aliarum
1441 2169 1504 2234 lite·

380 2300 492 2344 rarum
508 2286 693 2345 nostrarum
710 2281 824 2346 exinde
841 2281 1060 2348 confectarum
1076 2280 1182 2346 facere
1199 2281 1439 2357 assumsissent,
1454 2280 1506 2343 mi-

380 2388 465 2451 nime
491 2387 667 2474 adimplere
698 2391 907 2466 curavissent,
938 2389 1040 2454 obhoc
1070 2391 1132 2474 ipsi
1166 2398 1298 2474 propter
1330 2385 1507 2453 huiusmodi

382 2494 617 2576 neglecciouem
635 2505 668 2562 et
684 2501 929 2582 perpessitatem
946 2499 1152 2580 negociorum
1169 2517 1301 2562 suorum
1317 2503 1507 2560 memoratas
1573 2529 1574 2580 p

380 2601 492 2669 literas
508 2612 636 2670 nostras
660 2626 758 2690 super
783 2608 963 2673 statucione
988 2614 1134 2692 pretacte
1158 2608 1318 2691 porcionis
1343 2608 1377 2670 in
1394 2623 1508 2690 posses

381 2715 470 2778 sione
487 2712 653 2779 Kurtuilis
669 2714 780 2781 habite
796 2716 902 2781 adhuc
918 2715 1005 2801 apud
1015 2737 1073 2780 nos
1083 2715 1289 2800 deponentes,
1299 2735 1378 2778 usus
1388 2713 1509 2778 fructus

382 2829 415 2887 et
430 2821 590 2920 utilitates
606 2831 857 2888 memoratarum
875 2826 1063 2908 porcionum
1089 2843 1222 2888 suarum
1247 2824 1280 2886 in
1306 2821 1507 2907 possessioni-

382 2929 442 2993 bus
459 2927 615 2993 Feulsinlr
631 2937 665 2994 et
680 2928 847 2995 Kurtuilis
864 2939 902 2996 ut
913 2932 1104 3015 premissum
1115 2937 1165 2994 est
1173 2927 1371 3003 habitarum,
1386 2927 1508 2994 tamdiu

384 3035 484 3100 donec
499 3037 562 3120 ipsi
578 3056 650 3100 cum
667 3039 832 3103 annotatis
848 3037 923 3102 filiis
935 3036 1106 3102 Michaelis
1126 3035 1165 3099 de
1185 3033 1280 3119 Ysyp
1296 3055 1394 3120 super
1411 3032 1511 3114 negle
1573 3017 1574 3062 l

383 3145 492 3208 ccione
508 3143 593 3226 dicte
610 3147 868 3229 perpetuaciouis
878 3144 927 3209 vel
944 3146 1091 3211 fortassis
1102 3146 1205 3210 tocius
1215 3141 1384 3208 concordie
1401 3140 1511 3205 soluci—

384 3254 454 3316 onis
471 3273 529 3335 per
544 3251 681 3316 formam
700 3254 779 3318 iuris
795 3251 844 3316 vel
865 3251 1104 3336 quomodolibet
1129 3251 1224 3316 aliter
1249 3249 1346 3314 finem
1371 3248 1513 3314 debitum
1573 3261 1574 3332 l

385 3366 618 3440 consequenter
634 3361 719 3426 siout
734 3368 832 3426 antea
849 3362 895 3425 sic
910 3367 943 3426 et
959 3381 1044 3424 nunc
1052 3379 1110 3444 pro
1121 3379 1155 3422 se
1165 3355 1343 3442 recipiendi
1357 3355 1514 3422 haberent
1573 3395 1574 3446 l

384 3466 621 3544 facultatem,et
636 3467 768 3533 tandem
783 3467 846 3532 fine
861 3469 1089 3553 premissorum
1105 3467 1312 3549 negociorum
1322 3463 1447 3542 habito,
1457 3463 1516 3548 ipsi

385 3576 598 3640 communiter
614 3575 656 3639 ad
671 3597 728 3640 nos
745 3578 861 3654 venire,
886 3583 919 3642 et
942 3575 1045 3640 dictas
1069 3573 1182 3641 literas
1208 3573 1373 3658 depositas
1390 3593 1413 3637 a
1429 3571 1516 3636 nobis
1573 3619 1574 3694 p

384 3684 526 3768 recipere
557 3682 711 3750 deberent
742 3691 775 3749 et
814 3690 1009 3750 tenerentur.
1043 3681 1169 3749 Datum
1199 3681 1251 3747 die
1282 3689 1316 3748 et
1346 3701 1436 3746 anno
1468 3701 1515 3743 su·

384 3789 549 3875 predictis.

494 3953 647 4017 Hatlapjtn
671 3951 763 4016 pecset
785 3953 962 4016 nyomaival;
981 3952 1110 4016 eredctije
1133 3967 1164 4004 az
1187 3968 1255 4002 orsu.
1280 3954 1310 4002 lt.
1333 3953 1440 4003 kincst.
1455 3962 1517 4000 orat.
1573 3947 1574 4000 l

387 4041 420 4092 N.
433 4045 468 4092 R.
481 4043 514 4093 A.
530 4049 589 4094 299.
605 4049 645 4094 12.
656 4044 722 4106 dipl.
736 4049 803 4093 oazt,
818 4049 896 4094 4198.
916 4044 1014 4093 Kozli:
1035 4043 1145 4094 Kovdcs
1157 4044 1191 4096 N.

1573 4257 1574 4292 r
