3226 5462
378 494 423 553 70
654 509 657 516 ¹
728 505 916 552 auiouuonr
933 493 1148 552 ouutuv'rln.

376 675 473 754 prout
497 670 530 734 in
556 668 758 752 presentibus
782 667 868 732 infra
893 668 1109 747 declarantur,
1135 667 1303 751 pauciores
1319 669 1406 734 infra
1432 684 1511 752 quas

378 785 466 844 terra
482 779 524 844 ad
540 785 610 844 octo
636 783 748 844 aratra
772 777 919 862 predicta
944 777 1104 843 sufficiens
1129 777 1260 842 minime
1284 777 1510 862 comprehendi

379 893 411 954 et
425 887 546 953 includi
570 908 664 973 posse
694 885 873 964 videbatur,
900 886 1104 970 separabant.
1128 885 1236 969 Igitur
1262 907 1399 951 unacum
1425 885 1511 950 nobi·

376 996 462 1062 libus
487 997 579 1080 regni
609 995 774 1062 nobiscum
804 997 838 1060 in
870 994 988 1060 iudicio
1020 994 1236 1061 assidentibus
1267 995 1508 1060 decreveramus

377 1103 557 1182 iudicando,
575 1105 661 1188 quod
676 1104 828 1168 homines*
837 1103 939 1168 nostri
949 1124 1008 1186 pro
1025 1103 1171 1186 utrisque
1187 1103 1336 1188 partibus
1352 1103 1509 1186 assignati

378 1209 437 1277 sub
462 1211 627 1278 hominum
652 1213 789 1297 predicti
815 1219 990 1279 conventus
1015 1213 1206 1278 testimoniis
1231 1215 1265 1278 in
1291 1213 1413 1278 oetavis
1439 1213 1511 1278 festi

378 1321 481 1386 sancti
491 1317 626 1404 Georgii
634 1321 778 1388 martiris
788 1345 809 1387 a
818 1328 895 1388 tunc
904 1322 1049 1405 proxime
1060 1322 1210 1401 venturis,
1220 1321 1262 1386 ad
1272 1321 1369 1388 iacies
1385 1343 1507 1406 posses-

379 1429 504 1494 sionum
514 1431 660 1513 parcium
676 1429 893 1514 predictarum
910 1428 1106 1508 accederent,
1122 1429 1273 1513 ipsasque
1284 1431 1400 1495 ceteris
1412 1429 1510 1494 metis

379 1539 412 1602 in
423 1536 510 1602 dicto
519 1537 687 1622 privilegio
698 1539 855 1603 contentis
866 1536 1085 1620 obmissis,per
1095 1538 1174 1602 istas
1185 1542 1288 1602 metas
1300 1537 1359 1603 sub
1369 1539 1511 1621 quodam

380 1645 518 1710 articulo
534 1647 567 1710 in
593 1646 663 1736 ipsc
687 1645 856 1730 privilegio
882 1649 1040 1723 contento,
1057 1647 1112 1728 qui
1140 1647 1269 1730 quidem
1295 1647 1451 1713 articulus
1477 1649 1507 1712 in

380 1753 491 1819 eodem
507 1753 675 1838 privilegio
700 1753 820 1818 domini
845 1753 926 1820 Bele
951 1755 1035 1838 regis
1062 1775 1119 1836 per
1143 1755 1203 1819 hec
1222 1754 1321 1820 verba
1334 1756 1506 1839 inscriptus

353 1861 559 1928 ‘habebatur
590 1861 839 1940 reambularent,
870 1862 1011 1928 scilicet:
1051 1862 1107 1927 sed
1141 1861 1226 1928 infra
1260 1869 1380 1928 terram
1412 1863 1506 1930 Nane

381 1973 507 2038 comitis
523 1979 608 2038 esset
623 1971 704 2037 silva
719 1972 851 2036 ecclesie
867 1969 907 2034 de
923 1967 1015 2035 Okur
1041 1968 1095 2034 ubi
1122 1969 1225 2034 exiret
1241 1969 1280 2034 de
1297 1991 1383 2054 aqua
1400 1975 1434 2034 et
1449 1971 1510 2034 iret

381 2083 415 2146 in
432 2081 545 2147 silvam
571 2101 633 2164 que
660 2079 779 2145 dicitur
795 2079 954 2158 Harazth,
971 2068 1004 2142 et
1019 2079 1051 2142 in
1069 2079 1158 2144 dicta
1185 2099 1286 2162 parva
1311 2079 1391 2144 silva
1408 2085 1512 2142 essent

382 2195 465 2254 mete
480 2189 587 2254 altera
606 2188 648 2253 ad
658 2188 796 2252 alteram
812 2208 921 2271 prope,
941 2193 973 2251 et
988 2186 1062 2251 inde
1078 2187 1216 2251 intraret
1231 2192 1361 2270 pratum
1378 2207 1511 2269 parvum

382 2303 416 2362 et
432 2297 588 2362 transiret
603 2302 734 2380 pratum
751 2297 843 2360 iuxta
861 2301 983 2360 terram
1010 2295 1143 2380 capituli
1160 2292 1513 2378 Quinqueecclesiensis

383 2412 416 2471 et
430 2407 521 2472 iuxta
538 2411 658 2470 terram
674 2404 775 2488 ipsius
801 2404 934 2489 capituli
960 2404 1024 2468 iret
1039 2423 1109 2468 cum
1127 2403 1239 2468 multis
1255 2405 1348 2468 metis
1364 2403 1397 2467 in
1416 2424 1515 2486 parva

383 2515 464 2580 silva
492 2535 554 2598 que
579 2513 699 2578 dicitur
714 2512 873 2590 Harazth,
899 2513 1030 2577 tandem
1055 2533 1155 2596 prope
1172 2511 1267 2576 finem
1278 2512 1370 2576 iuxta
1380 2509 1510 2576 arbores

379 2626 521 2707 'magnas
539 2628 647 2688 essent
662 2628 748 2687 mete
765 2621 908 2712 antique,
925 2625 957 2684 et
972 2621 1006 2684 in
1021 2618 1085 2684 fine
1104 2620 1243 2684 intraret
1257 2619 1291 2683 in
1317 2641 1436 2704 aquam
1453 2639 1514 2702 que

385 2731 504 2796 dicitur
520 2730 661 2812 Malaca,
678 2735 711 2794 et
726 2750 785 2814 per
801 2727 935 2793 eandem
952 2747 1069 2810 aquam
1086 2728 1149 2792 iret
1174 2747 1283 2792 versus
1307 2733 1429 2793 terram
1444 2725 1517 2790 ville

384 2839 538 2922 Voyalou.
563 2839 610 2904 Et
635 2839 662 2904 si
686 2839 774 2922 ipsas
799 2843 902 2902 metas
928 2835 1108 2901 reinvenire
1140 2837 1319 2920 potuissent
1349 2836 1400 2900 vel
1426 2835 1515 2900 iuxta

387 2947 584 3013 ostensiones
609 2947 755 3030 parcium
780 2944 953 3010 concordes
978 2949 1087 3027 partes
1104 2943 1248 3022 trissant,
1273 2949 1392 3008 extunc
1423 2943 1515 3008 iuxta

385 3055 511 3120 easdem
527 3051 742 3138 privilegiales
759 3058 861 3117 metas
886 3051 936 3118 vel
961 3073 1019 3136 per
1044 3059 1154 3136 partes
1171 3057 1325 3128 ostensas,
1342 3073 1440 3116 novas
1457 3050 1510 3116 ubi

384 3183 513 3230 necesse
530 3161 621 3226 fieret
637 3161 769 3245 erigere,
785 3159 916 3225 cuilibet
940 3161 1026 3244 parti
1046 3163 1120 3224 s'uas
1137 3160 1354 3242 possessiones
1371 3181 1428 3224 seu
1443 3179 1514 3243 pos·

385 3270 594 3338 sessionarias
610 3270 776 3353 porciones
792 3289 850 3352 per
866 3268 1091 3333 distinceiones
1115 3268 1260 3351 ipsarum
1276 3273 1436 3332 metarum
1453 3268 1518 3352 pri·

385 3379 611 3463 vilegiatarum
629 3378 678 3442 vel
694 3383 895 3442 ostensarum
915 3383 973 3440 aut
999 3397 1056 3459 per
1081 3382 1190 3460 partes
1217 3377 1428 3440 communiter
1455 3377 1515 3439 eri-

386 3487 563 3572 gendarum
594 3487 778 3569 relinquere
809 3491 907 3568 atque
933 3489 1077 3550 statuere
1102 3506 1139 3550 eo
1160 3467 1244 3562 iure,
1270 3505 1335 3568 quo
1360 3483 1402 3549 ad
1427 3485 1513 3568 ipsos

386 3597 549 3680 pertinere
573 3595 816 3660 dinoscerentur
841 3597 996 3677 perpetuo
1029 3593 1239 3676 possidendas
1265 3590 1467 3671 debuissent;
1491 3593 1517 3656 si

385 3725 461 3769 vero
477 3703 579 3770 dictas
594 3708 699 3767 metas
715 3701 859 3768 seriatim
870 3702 1047 3766 reinvenire
1064 3723 1128 3766 non
1144 3703 1333 3787 potuissent,
1347 3701 1397 3766 vel
1408 3723 1515 3766 secun·

387 3813 463 3878 dnm
495 3811 641 3895 parcium
673 3811 886 3875 ostensionem
917 3810 1111 3875 concordare
1142 3809 1368 3893 nequivissent,
1403 3813 1519 3874 extunc

309 3997 314 4006 ⁸
387 3925 497 4004 partes
527 3919 700 4003 premissas
731 3939 788 3984 seu
812 3924 1039 4001 procuratores
1070 3917 1255 3983 earumdem
1281 3915 1400 3982 abhinc
1425 3918 1519 4000 longe

300 4062 318 4122 g
388 4029 478 4095 abire
488 4029 721 4112 permitterent,
731 4027 948 4112 possessiones
957 4027 1104 4110 parcium
1120 4025 1340 4110 predictarum
1357 4047 1430 4092 cum
1445 4025 1518 4090 aliis

388 4137 497 4222 probis
513 4137 696 4202 hominibus
712 4159 751 4202 ac
766 4135 878 4201 vicinis
894 4141 927 4201 et
943 4135 1170 4201 commetaneis
1197 4133 1381 4199 earumdem
1398 4155 1519 4218 posses-

388 4243 514 4308 sionum
531 4247 609 4308 tunc
633 4242 712 4308 inibi
732 4242 952 4322 existentibus,
971 4243 1061 4308 iuxta
1078 4263 1187 4308 eorum
1213 4241 1444 4307 conscienciam
1459 4241 1519 4306 deo

388 4373 446 4436 pre
470 4351 571 4416 oculis
596 4350 708 4416 habito
733 4371 791 4435 per
816 4351 909 4434 signa
933 4349 1067 4415 metalia
1090 4355 1187 4434 prout
1211 4350 1256 4414 eis
1281 4347 1443 4414 videretru
1467 4369 1519 4411 ex·

388 4458 509 4544 pedire,
534 4465 725 4543 separarent
757 4464 791 4523 et
816 4457 1038 4542 distingerent,
1064 4457 1111 4522 ita
1136 4464 1253 4537 tamen,
1285 4457 1372 4540 quod
1404 4461 1519 4522 neutra

389 4565 535 4650 parcium
561 4567 593 4630 in
619 4588 677 4631 suo
702 4567 773 4631 iure
801 4566 1029 4631 detrimentum
1049 4571 1225 4650 pateretur.
1251 4564 1356 4648 Super
1382 4586 1519 4648 quarum

391 4672 520 4757 quidem
535 4679 694 4739 metarum
721 4672 938 4739 ereoeionibus
954 4679 987 4738 et
1002 4673 1265 4740 distinceionibus
1282 4675 1518 4756 possessionum
