3226 5462
556 472 651 554 leet.
673 507 770 555 nunu.
787 491 841 554 su·
1223 481 1263 554 15

122 671 263 735 formam
281 663 488 736 iudiciariam
503 691 600 754 agere
617 669 778 750 voluisset,
803 669 953 753 idemque
969 669 1125 757 magister
1139 670 1263 738 Johan·

124 799 185 844 nes
200 799 237 844 se
253 778 382 861 absque
399 780 467 845 suis
482 777 640 845 iratribus
654 787 688 846 et
703 781 859 863 proximis
883 801 982 864 super
1005 782 1076 864 ipso
1091 779 1177 848 iacto
1192 802 1263 865 pos·

122 887 323 952 sessionarie
340 887 505 952 divisionis
516 907 581 953 non
592 908 687 970 posse
697 888 891 972 respondere
901 888 1080 972 allegando,
1090 889 1264 956 terminum

122 994 317 1061 ulteriorem
333 993 396 1061 sibi
412 1001 445 1061 et
461 997 528 1061 suis
543 995 700 1062 fratribus
726 1017 835 1063 eoram
852 996 964 1064 eodem
979 999 1108 1064 domino
1123 998 1264 1082 Wyller·

122 1125 179 1168 mo
203 1105 352 1187 palatino
378 1105 587 1189 comparendi
613 1105 810 1189 postulasset
834 1108 1012 1191 assignari3
1034 1108 1103 1190 ipsc
1119 1127 1194 1172 vero
1210 1107 1264 1172 do·

122 1214 235 1278 minus
252 1212 457 1298 Wyllermus
472 1213 638 1296 palatinus
654 1213 788 1280 eandem
813 1235 944 1280 causam
969 1214 1012 1280 ad
1035 1219 1165 1281 octavas
1190 1213 1264 1281 festi

122 1319 284 1388 Omnium
301 1321 497 1388 Sanctorum
507 1329 747 1389 tuncventuras
762 1323 942 1388 inBudam
952 1323 1107 1392 Veterem
1123 1344 1160 1388 eo
1170 1323 1264 1388 modo
1364 1337 1369 1352 ·

122 1437 345 1516 prorogasset,
363 1432 451 1514 quod
466 1431 553 1498 idem
569 1432 595 1499 J
596 1432 739 1498 ohannes
758 1432 844 1498 filius
861 1429 996 1517 Georgii
1012 1454 1085 1498 cum
1101 1432 1264 1498 Michaele

123 1539 230 1606 fratre
248 1561 307 1606 suo
323 1541 452 1606 uterino
472 1541 687 1624 personaliter
711 1561 819 1607 coram
844 1543 914 1624 ipso
931 1547 1038 1616 astare
1055 1549 1088 1606 et
1102 1543 1264 1606 accionem

129 1669 245 1714 eorum
260 1650 417 1732 prosequi
442 1649 597 1715 deberent
621 1655 735 1715 contra
750 1651 943 1734 magistrum
959 1649 985 1716 ,J
986 1651 1146 1716 ohannem
1161 1649 1264 1716 filium

123 1756 250 1823 Briccii
267 1764 301 1822 et
317 1779 392 1823 suos
416 1756 535 1824 fratres
551 1758 585 1822 in
600 1757 686 1824 facto
712 1757 905 1823 divisionum
929 1761 1168 1842 possessionum
1192 1781 1265 1842 pre·

127 1866 325 1948 missarum3
352 1866 395 1932 ab
420 1866 606 1948 eisdemque
627 1867 748 1932 octavis
778 1865 853 1932 festi
884 1865 1039 1934 Omnium
1070 1865 1264 1934 Sanctorum

125 1973 311 2056 prelibatus
336 1975 486 2040 domiuus
512 1974 713 2059 Wyllermus
743 1973 908 2057 palatinus
939 1975 1044 2058 ipsam
1068 1997 1200 2042 causam
1224 1976 1264 2042 de

123 2081 281 2150 mandato
297 2079 419 2148 domini
434 2083 538 2149 nostri
553 2083 640 2165 regis
656 2082 698 2148 ad
715 2081 897 2163 quindenas
912 2083 1089 2150 residencie
1105 2085 1264 2152 exercitus

125 2189 247 2274 regalis
274 2199 355 2258 tunc
385 2189 499 2272 habiti,
524 2196 558 2255 et
582 2189 699 2256 dehinc
725 2211 762 2256 eo
783 2191 870 2272 quod
884 2192 1003 2257 Petrus
1021 2199 1053 2258 et
1068 2193 1264 2259 Benedictus

124 2297 185 2364 lilii
200 2299 338 2365 Leulrus
349 2298 541 2366 filiiBriccii
551 2298 663 2364 fratris
680 2299 783 2382 ipsius
802 2301 951 2384 magistri
966 2301 990 2365 ,J
993 2301 1128 2366 ohannis
1144 2302 1265 2367 uterini

5 2499 6 2504 ἵ
125 2408 271 2490 propriis
291 2409 436 2491 ipsorum
451 2409 486 2472 in
501 2398 647 2490 personis
674 2427 783 2473 coram
810 2405 923 2472 eodem
939 2407 1068 2473 domino
1083 2409 1265 2493 Wyllermo

124 2515 274 2598 palatino
285 2523 517 2600 comparentes,
528 2515 640 2583 literas
651 2516 771 2584 domini
781 2517 884 2582 nostri
894 2518 981 2600 regis
997 2523 1146 2599 patentes
1162 2516 1265 2583 eidem

124 2632 380 2708 presentassent,
394 2647 454 2708 per
470 2645 552 2707 quas
568 2627 637 2708 ipse
653 2624 803 2691 dominus
818 2631 929 2690 noster
945 2644 1002 2689 rex
1015 2625 1119 2690 eidem
1135 2625 1263 2690 domino

125 2732 311 2817 Wyllermo
327 2733 473 2817 palatino
483 2741 516 2800 ct
527 2733 727 2816 quibuslibet
736 2733 897 2799 iudicibus
908 2735 1001 2818 regni
1011 2735 1061 2799 sui
1070 2733 1264 2800 firmissimis

124 2841 270 2908 dedisset
284 2843 319 2908 in
334 2844 505 2927 preceptis,
525 2849 564 2908 ut
578 2843 689 2908 nullus
704 2842 847 2908 iudicum
863 2845 955 2927 regni
967 2844 1031 2922 sui,
1047 2844 1143 2927 ipsos,
1159 2865 1263 2925 usque

124 2950 207 3015 dum
232 2951 274 3016 ad
295 2950 475 3035 legitimam
501 2957 620 3018 etatem
645 2952 859 3035 pervenerint,
890 2951 1035 3016 iudicare
1061 2957 1119 3016 aut
1143 2952 1263 3018 iudicio

125 3079 241 3124 eorum
251 3065 360 3126 astare
376 3059 569 3144 compellere
585 3067 828 3143 presummeret,
844 3065 878 3125 et
893 3059 972 3126 dicti
996 3060 1056 3126 filii
1080 3060 1215 3126 Leukos
1231 3061 1265 3124 in

125 3169 305 3234 tenerrima
320 3175 407 3234 etate
423 3170 623 3234 exstitissent
648 3169 824 3247 constituti,
849 3189 888 3233 ac
909 3168 941 3233 ·J
943 3169 1086 3234 ohannes
1111 3169 1261 3235 literatus

126 3298 188 3360 pro
214 3276 301 3342 dicto
326 3277 482 3360 magistro
508 3277 660 3342 Johanne
684 3276 752 3342 filio
776 3277 898 3342 Briccii
923 3325 953 3341 ..
980 3277 1125 3356 astando,
1157 3279 1265 3360 ipsum

127 3387 324 3470 magistrum
341 3385 528 3452 Johannem
553 3385 718 3451 dominum
744 3408 839 3451 suum
864 3385 898 3450 in
923 3386 995 3468 ipsa
1019 3407 1118 3452 causa
1142 3384 1266 3468 absque

128 3495 363 3560 interessenoia
378 3494 598 3578 predictorum
614 3493 754 3560 filiorum
770 3493 904 3561 Leukus
929 3514 993 3558 non
1017 3514 1112 3577 posse
1136 3513 1266 3578 respon·

128 3601 207 3668 dere
223 3602 407 3687 allegasset,
431 3603 474 3668 ad
489 3603 693 3670 undecimam
720 3601 955 3667 revolueionem
974 3601 1148 3667 annualem
1173 3603 1266 3683 quin-

129 3710 290 3778 denarum
306 3712 380 3778 festi
396 3711 655 3796 Epiphaniarum
683 3711 805 3777 domini
828 3713 921 3777 iuxta
946 3711 1180 3777 continenciam
1195 3709 1266 3775 lite·

128 3841 242 3886 rarum
259 3841 392 3886 suarum
408 3821 554 3886 duxisset
578 3819 835 3904 prorogandam3
860 3819 993 3884 tandem
1008 3819 1080 3902 ipsa
1096 3816 1266 3884 undecima

129 3928 332 3994 revelacione
348 3927 482 3995 annuali
507 3927 744 4009 quindenarum
769 3927 842 3992 festi
857 3925 1121 4010 Epiphaniarum
1146 3926 1266 3992 domini

131 4037 353 4120 predictarum
368 4037 402 4101 in
418 4057 503 4117 suno
524 4037 646 4103 domini
662 4036 738 4101 Μῃῃο
755 4031 876 4103 000ῐῃο
893 4033 1014 4100 XLmo
1031 4035 1146 4116 quinto
1162 4041 1266 4099 trans-

131 4155 280 4212 actarum
296 4152 492 4224 occurrente,
509 4143 671 4228 prelibato
682 4143 809 4209 domino
826 4142 1006 4228 Wyllermo
1022 4142 1167 4224 palatino
1183 4149 1266 4211 nutu

131 4253 237 4319 divine
254 4255 387 4337 pietatis
404 4260 479 4320 ante
494 4252 677 4337 predictum
694 4253 870 4318 terminum
886 4252 971 4316 viam
995 4251 1142 4316 universe
1159 4253 1266 4316 carnis

131 4364 286 4446 ingresso,
302 4361 460 4444 nobisque
484 4362 605 4427 honore
620 4359 823 4444 palatinatus
839 4359 966 4442 adepte,
993 4359 1071 4440 quia
1086 4358 1266 4442 prelibatus

131 4471 329 4536 Benedictus
345 4469 574 4536 filiusLeukus
591 4489 700 4534 coram
716 4468 808 4534 nobis
824 4467 1038 4551 personaliter
1053 4468 1267 4550 comparando

131 4579 240 4645 adhuc
255 4581 289 4644 in
305 4587 419 4646 tenera
437 4585 525 4645 etate
550 4579 746 4644 constitutus
771 4578 840 4643 iore
866 4582 1072 4660 apparuerat,
1098 4578 1167 4660 ipse
1192 4597 1267 4642 vero

133 4689 253 4756 Petrus
278 4690 381 4755 frater
406 4689 548 4754 eiusdem
574 4687 725 4754 similiter
740 4689 773 4751 in
790 4695 903 4752 tenera
922 4693 1007 4751 etate
1024 4687 1164 4750 existens
1181 4685 1267 4750 ultra
1367 4695 1368 4703 ’
