3188 5470
704 586 888 631 succurunt
907 573 1121 631 ovsrlrvrlu.

873 916 945 977 147.

350 1089 607 1176 1349.mdj.18.
635 1091 681 1156 Aa
698 1095 769 1178 apri
795 1093 954 1177 lca'ptalan
981 1092 1054 1156 elb'tt
1080 1115 1119 1156 oz
1144 1116 1200 1177 οφ]
1226 1095 1258 1156 e's
1284 1095 1477 1176 upycrrozcn

345 1201 568 1288 oomzctse'qbb'l
584 1206 773 1266 ezvirmozott
784 1199 890 1266 Obelei
907 1199 1074 1285 Ponprdcz
1081 1200 1163 1283 fici,
1179 1202 1212 1264 6⁸
1228 1199 1338 1284 Izee'pi
1356 1200 1473 1263 latoria

338 1309 417 1390 fici,
443 1309 593 1393 Zemple'o
631 1311 813 1397 odrmegyei
847 1311 897 1374 dai
928 1312 959 1374 c'e
991 1319 1119 1373 azerzett
1153 1308 1362 1373 birtckailroa
1398 1329 1478 1390 meg·

823 1419 1000 1484 oeztoznuk.

458 1648 466 1662 .
483 1645 489 1660 .
506 1595 682 1679 capitulum
709 1598 840 1663 ecclesie
866 1596 1037 1682 Agriensis
1054 1645 1060 1659 .
1077 1646 1084 1660 .
1101 1596 1143 1662 ad
1158 1596 1384 1662 universorum
1400 1595 1478 1660 noti-

349 1704 429 1767 ciam
448 1755 454 1769 .
472 1753 477 1767 .
494 1703 639 1769 volumus
656 1707 832 1788 pervenire,
849 1706 936 1789 quod
951 1705 1108 1771 Ladislao
1118 1705 1289 1772 Dominicc
1300 1709 1333 1768 et
1342 1702 1478 1769 Nicolac

348 1811 426 1877 filiis
452 1813 624 1896 Pongracii
650 1812 690 1877 de
708 1813 828 1898 (lbeley
854 1835 992 1879 unacum
1017 1814 1119 1878 Petro
1143 1812 1269 1878 Jacobo
1294 1817 1327 1876 et
1353 1809 1477 1876 Abram

348 1917 426 1983 filiis
442 1919 519 1984 dicti
535 1918 692 2001 Ladislei,
718 1918 853 1986 Andrea
878 1925 911 1985 et
927 1917 1068 2005 Georgia
1094 1921 1172 1986 filiis
1196 1921 1300 2003 ipsius
1315 1919 1478 1984 Dominici

349 2027 457 2109 pueris
474 2048 513 2092 ex
529 2049 602 2110 una,
619 2034 652 2093 et
668 2028 820 2094 dobaune
848 2050 886 2094 ac
902 2028 1027 2094 Jacobo
1051 2028 1130 2094 filiis
1155 2026 1313 2114 Stephani
1338 2027 1380 2092 de
1405 2025 1478 2110 Isep

348 2139 441 2218 parte
451 2133 493 2199 ab
502 2133 609 2200 altera
633 2156 741 2202 coram
750 2135 842 2201 nobis
852 2136 1067 2220 personaliter
1083 2136 1276 2214 constitutis,
1285 2155 1345 2219 per
1354 2134 1478 2200 eosdem

350 2243 540 2309 Ladisleum
565 2243 772 2310 Dominicum
797 2251 830 2309 et
855 2243 1029 2310 Nicolaum
1058 2251 1127 2309 tam
1152 2265 1211 2330 pro
1237 2264 1271 2308 se
1298 2263 1398 2323 cluam
1422 2263 1478 2325 pro

350 2350 470 2416 eisdem
494 2351 602 2434 pueris
628 2353 827 2436 propositum
851 2353 977 2417 exstitit
1002 2406 1033 2420 ..
1060 2353 1146 2435 quod
1171 2353 1248 2417 licet
1272 2351 1336 2436 ipsi
1361 2371 1420 2434 pro
1444 2369 1479 2412 eo

352 2461 429 2543 quie
445 2480 517 2524 cum
534 2460 696 2525 annotetis
712 2460 790 2526 filiis
807 2459 963 2544 Stephani
989 2481 1009 2524 a
1034 2461 1146 2545 primis
1172 2458 1434 2544 progenitoribus
1450 2463 1480 2520 et

351 2565 629 2649 predecessoribus
646 2568 713 2654 suis
739 2567 781 2632 ad
805 2567 1019 2651 plurimorum
1044 2569 1284 2653 regnicolarum
1310 2567 1428 2632 scitum
1444 2585 1479 2628 ac
1578 2565 1579 2610 l

350 2675 566 2758 cognicioncm
591 2675 624 2739 in
650 2696 715 2740 una
739 2675 846 2740 forent
870 2677 1124 2759 possessioneria
1155 2676 1321 2750 divisione,
1353 2673 1478 2740 racione

351 2774 453 2865 ipsius
469 2781 634 2847 divisionis
651 2787 763 2847 contra
789 2783 916 2848 eosdem
941 2783 1027 2850 filios
1054 2783 1215 2868 Stephani
1239 2783 1331 2848 litem
1356 2801 1479 2846 movere

350 2891 500 2973 ipsosque
517 2887 558 2954 ad
574 2911 703 2956 oausam
719 2891 884 2956 attrahere
904 2897 937 2956 et
952 2891 1041 2958 sicin
1051 2891 1208 2957 universis
1224 2887 1479 2974 possessionibus

351 3005 384 3063 et
394 2998 597 3081 porcionibus
607 3001 868 3082 possessionariis
879 2999 1015 3064 ubilibet
1024 2998 1237 3064 existentibus
1248 3005 1280 3064 et
1291 3017 1480 3079 quocunque

351 3107 479 3172 nomine
494 3109 642 3174 vocitetis
655 3113 776 3174 rectam
787 3115 819 3173 et
828 3108 976 3190 equalem
993 3107 1182 3174 divisionem
1191 3106 1298 3172 facere
1308 3105 1482 3172 voluissent

351 3222 384 3281 et
399 3215 528 3294 hebere,
555 3222 663 3281 tamen
681 3217 757 3297 quia
772 3217 869 3282 iidem
886 3217 946 3282 filii
966 3216 1125 3300 Stephani
1150 3217 1243 3281 iuxta
1259 3214 1434 3280 arbitrium
1451 3219 1481 3276 et
1577 3281 1578 3286 χ

352 3323 616 3406 composicionem
632 3323 808 3408 proborum
823 3325 964 3390 virorum
981 3325 1200 3408 proximorum
1227 3329 1259 3387 et
1285 3320 1482 3404 comprovin-
1577 3325 1578 3388 l

352 3431 480 3496 cialium
512 3453 643 3496 suorum
674 3452 733 3516 pro
763 3431 982 3517 adeqnacione
1008 3438 1040 3496 et
1065 3430 1288 3515 supplemento
1313 3433 1482 3514 pretaxate

352 3539 602 3622 possessionarie
619 3541 783 3608 divisionis
809 3564 907 3607 unam
924 3542 1157 3625 possessionem
1172 3561 1282 3604 eorum
1299 3536 1482 3623 Kyscheley

353 3654 499 3713 vocatam
515 3647 727 3732 integraliter,
744 3655 777 3714 et
802 3655 905 3713 totam
930 3649 1114 3731 porcionem
1142 3649 1286 3732 ipsorum
1313 3646 1482 3731 possessio

353 3758 478 3822 nariam
503 3757 536 3822 in
562 3757 760 3841 possessione
785 3755 885 3840 Myrk
910 3763 1097 3839 nuncupato
1122 3757 1156 3820 in
1172 3757 1326 3821 comitatu
1343 3753 1484 3836 Zempli·

353 3865 465 3950 nyeusi
499 3870 537 3930 ut
562 3864 681 3930 dicitur
709 3865 858 3930 existenti
883 3864 1036 3942 habitam,
1062 3885 1135 3929 cum
1160 3863 1318 3928 universis
1338 3914 1344 3928 .
1364 3861 1484 3944 .perti·

352 3973 473 4040 nenciis
491 3973 698 4039 earumdem.
716 4023 722 4037 .
739 3973 817 4057 ipsis
834 3977 990 4037 eteorum
1016 3970 1188 4037 heredibus
1212 3977 1370 4055 perpetuo
1385 3969 1485 4052 possi·

353 4083 474 4148 dandas
491 4083 711 4162 contulissent,
727 4083 798 4148 ideo
808 4082 870 4166 ipsi
880 4103 977 4165 super
992 4079 1156 4165 premissis
1172 4079 1298 4145 duabus
1313 4077 1486 4162 possessio

354 4191 448 4256 nibus
465 4191 648 4278 Kyscheley
664 4196 696 4255 et
708 4189 806 4274 Myrlr
816 4210 875 4273 pro
885 4188 1103 4273 adequacione
1118 4187 1220 4272 ipsius
1236 4185 1486 4271 possessionerie

355 4299 519 4365 divisionis
559 4319 622 4382 quo
653 4319 752 4382 supra
783 4299 868 4364 datis
900 4295 1096 4363 sufficienter
1128 4295 1280 4376 contenti,
1314 4299 1487 4360 annotatos

355 4407 441 4472 filios
458 4405 617 4491 Stephani
634 4413 666 4472 et
682 4399 825 4490 ipsorum
849 4407 984 4473 heredes
1001 4407 1034 4472 in
1050 4406 1191 4472 dominio
1207 4404 1347 4470 aliarum
1364 4424 1488 4486 posses-
1575 4411 1576 4422 ¹

355 4515 481 4578 sionum
507 4535 648 4592 suarum,
674 4521 785 4598 utpote
810 4514 981 4598 Berethey‚
1012 4513 1191 4598 Noglazon‚
1222 4511 1400 4598 Kyslazon‚
1425 4513 1489 4579 Bu·

356 4619 469 4698 ronch,
485 4621 582 4700 Loslr,
598 4621 734 4705 Wyuar,
759 4621 844 4704 Isep,
870 4619 1043 4698 Souslruth
1068 4619 1191 4698 Bersel
1216 4619 1401 4706 Medyazou
1427 4619 1489 4686 alio
1575 4721 1576 4724 Ἴ

356 4729 483 4796 nomine
507 4727 762 4796 Bertalamtelke
793 4733 908 4794 vocata
933 4733 965 4793 et
991 4728 1140 4814 porcione
1171 4727 1433 4813 possessionaria
1458 4729 1490 4792 in
1575 4729 1576 4788 l
