3188 5470
543 480 637 543 1349.
653 497 722 542 tut.
739 479 791 541 24.

630 769 702 830 173.

106 938 198 999 1349.
207 932 271 1019 jol
288 935 340 995 24.
359 928 498 994 Aoadai
512 927 666 1014 kdptodaa
682 927 753 992 elb'tt
768 925 890 1008 Prilfio
899 925 1018 1004 Jakab,
1030 925 1142 992 Korada
1152 937 1234 992 need

105 1045 187 1110 Pila
212 1040 394 1126 vdrrneyyei
412 1037 548 1102 director
567 1037 722 1101 Erzsddet·
737 1033 950 1120 kirdlyne‘calc
975 1038 1045 1099 azdz
1071 1035 1234 1100 cedrlcdert

610 1143 727 1229 elodp’a.

210 1311 399 1396 Capitulum
415 1308 576 1378 Budeusis
602 1305 781 1371 ecclesie..
799 1303 840 1368 ad
865 1304 1086 1368 universorum
1104 1355 1110 1368 .
1129 1307 1252 1382 .1roti·‚

104 1426 181 1488 eiam
198 1469 205 1485 .
224 1419 394 1486 ‚volumus
418 1415 593 1502 pervenire,
623 1412 710 1497 quod
735 1411 863 1478 Jacobo
888 1411 955 1476 filio
976 1410 1071 1476 Pauli
1097 1413 1232 1479 condam

104 1528 298 1614 carpentarii
323 1525 443 1591 domini
468 1524 554 1606 regis
579 1519 793 1606 personaliter
817 1520 858 1584 ab
885 1541 958 1599 una,
984 1525 1016 1584 et
1040 1519 1139 1586 nobili
1165 1523 1233 1588 viro

104 1639 258 1721 magistro
279 1633 413 1700 Andrea
437 1631 505 1697 filio
529 1629 673 1716 Kylyani
698 1628 875 1695 castellano
891 1627 930 1692 de
946 1627 1092 1713 Tbyhon
1116 1631 1184 1694 rice
1201 1637 1233 1695 et

104 1746 228 1812 nomine
246 1794 252 1807 .
271 1795 277 1808 .
294 1741 468 1808 Elisabeth
485 1793 491 1804 .
508 1792 514 1804 .
531 1740 640 1823 regine
657 1790 663 1802 .
681 1787 687 1800 .
703 1742 798 1820 parte
823 1734 865 1800 ab
890 1735 994 1801 altera
1018 1757 1126 1802 coram
1143 1737 1233 1802 nobis

104 1853 294 1934 constitutis,
311 1849 520 1936 pereundam
537 1846 696 1912 Jacobum
713 1845 815 1910 filium
832 1844 927 1908 Pauli
948 1846 1143 1930 carpentarii
1161 1867 1232 1910 con·

104 1961 220 2026 l'essum
230 1959 358 2024 exstitit
375 2007 379 2017 .
397 2006 404 2020 .
421 1956 584 2040 quodipse
596 1953 758 2038 quandam
769 1953 1102 2034 possessiouemsuanr
1113 1953 1233 2018 Kande

104 2075 256 2139 vocatam.
267 2068 300 2131 in
312 2067 467 2130 comitatu
478 2063 642 2128 Pilisieusi
658 2061 858 2137 existentem,
875 2060 1009 2125 condam
1024 2083 1097 2143 per.
1109 2061 1232 2127 .Kar0·
1261 2059 1265 2066 ’

105 2178 170 2242 lum
180 2196 290 2259 regem
302 2225 308 2239 .
321 2221 328 2236 .
339 2171 563 2257 prenominato
579 2169 684 2234 Paulo
700 2169 904 2252 carpentario
920 2169 1007 2252 patri
1019 2191 1087 2252 suo,
1097 2172 1232 2254 prosuis

107 2285 251 2352 fidelibus
263 2281 423 2350 serviciis.
436 2278 614 2362 .rigoribus
626 2299 757 2344 suarum
775 2277 943 2342 literarum
953 2276 1232 2344 eficacissimarum

106 2397 136 2459 in
146 2395 230 2460 filios
241 2392 382 2456 filiorum
399 2393 695 2470 suorumperpetuo
711 2387 781 2452 iure
799 2437 804 2449 .
822 2434 828 2448 .
845 2385 1006 2462 collatam,
1017 2391 1233 2470 etatempore

105 2501 287 2570 collacionis
303 2497 445 2563 eiusdem
455 2517 512 2580 per
529 2495 665 2560 eundem
682 2501 807 2578 patrem
824 2516 916 2558 suum
927 2501 959 2559 et
969 2515 1232 2578 perconsequens

104 2631 157 2694 per
183 2609 290 2693 ipsum
316 2614 349 2672 et
374 2605 508 2670 fratrem
534 2625 627 2668 suum
653 2624 755 2686 usque
786 2623 870 2667 nuuc
895 2623 1075 2686 possessam
1102 2653 1131 2667 ..
1159 2627 1231 2670 cum

106 2716 251 2782 omnibus
278 2717 367 2780 suis.
385 2765 390 2777 .
408 2711 638 2796 pertinenciis.
656 2761 661 2774 .
678 2717 711 2776 et
735 2711 807 2776 aliis
840 2709 1037 2792 quibuslibet
1061 2710 1184 2776 iuribus
1201 2719 1233 2776 et

104 2823 315 2908 proventibus,
331 2821 474 2902 undique
490 2819 531 2884 ad
547 2819 680 2884 eandem
697 2818 737 2883 de
752 2819 822 2882 iu're
833 2826 865 2884 et
875 2820 944 2883 sine
960 2818 1136 2902 preiudioio
1152 2819 1232 2884 iuris

103 2933 196 2998 alieni
221 2929 442 3016 spectantibus
468 2978 498 2992 ..
524 2927 583 2992 sub
608 2927 674 2992 suis
699 2929 795 2992 certis
820 2927 913 2991 metis
939 2933 972 2992 et
995 2927 1147 3010 antiquis,
1173 2928 1232 2994 sub

104 3039 216 3124 quibus
233 3043 305 3124 ipsa
321 3037 478 3121 possessio
502 3037 544 3100 ab
569 3036 703 3118 antiquo
728 3035 853 3100 exstitit
876 3053 1046 3120 possessa.
1064 3085 1070 3099 .
1086 3035 1232 3118 predicte

103 3149 226 3212 domine
242 3145 394 3212 Elisabet
410 3145 519 3227 regine
541 3193 572 3208 ..
598 3142 852 3208 irrevocabiliter
876 3164 935 3226 pro
961 3148 1089 3208 centum
1113 3146 1231 3212 marcis

106 3257 243 3339 compoti
267 3255 429 3320 Budensis
455 3303 485 3317 ..
510 3253 727 3317 vendidisset.
744 3303 751 3317 .
768 3251 1013 3336 possidendam
1036 3251 1160 3320 nullum
1181 3255 1231 3319 ius

101 3363 255 3428 dominii.
273 3414 279 3426 .
302 3361 363 3426 sibi
379 3361 430 3426 vel
446 3362 512 3426 suis
530 3359 764 3425 successoribus
783 3360 823 3425 de
843 3361 956 3425 eadem
972 3363 1172 3444 possessione
1200 3413 1231 3429 ..

101 3471 301 3545 reservando,
317 3468 373 3533 sed
391 3473 495 3533 tetum
511 3469 561 3533 ius
577 3473 610 3531 et
625 3467 802 3532 dominium
829 3467 971 3533 eiusdem
988 3469 1022 3533 in
1037 3474 1231 3552 potestatem

101 3577 242 3662 predicte
267 3577 395 3642 domine
422 3577 532 3658 regine
557 3577 627 3639 iure
653 3577 824 3658 perennali
844 3575 1085 3658 transferend03
1109 3599 1231 3644 assum-

100 3685 214 3750 mendo
230 3685 438 3750 nihilominus
454 3683 589 3748 eandem
605 3683 767 3748 dominam
784 3685 929 3767 reginam
945 3684 987 3750 ab
1000 3685 1148 3754 omnibus
1164 3688 1231 3753 suis

100 3795 294 3876 cognatiset
314 3794 491 3878 proximis.
510 3812 596 3856 .non
621 3797 730 3857 tamen
758 3792 798 3856 ab
823 3791 906 3874 aliis,
932 3795 1060 3859 racione
1086 3795 1230 3878 predicte

99 3902 309 3985 possessionis
325 3903 386 3986 per
400 3902 506 3984 ipsum
521 3900 650 3964 vendite
675 3907 707 3965 et
732 3900 916 3984 specialiter
942 3902 1070 3967 racione
1096 3903 1181 3969 dotis
1198 3911 1231 3968 et

100 4031 209 4074 rernm
225 4007 511 4094 parorphanalium
536 4029 576 4072 ac
592 4013 708 4090 quarte
723 4007 832 4074 filialis
845 4008 884 4073 de
901 4010 1013 4077 eadem
1030 4012 1230 4096 possessione

99 4119 195 4182 iuxta
209 4118 299 4200 regni
320 4116 580 4182 consvetudinem
606 4117 773 4200 provenire
799 4117 990 4183 debenoium
1008 4169 1014 4183 .
1033 4170 1039 4183 .
1057 4121 1229 4187 molestare

98 4225 280 4292 volentibus
297 4275 304 4290 .
322 4277 328 4288 .
346 4223 518 4308 expedire.
536 4273 542 4288 .
560 4231 592 4289 et
617 4245 726 4290 omnes
751 4225 865 4290 literas
891 4248 966 4292 suas
983 4276 988 4288 .
1007 4229 1229 4314 superfacto

98 4335 203 4416 ipsius
217 4331 424 4416 possessionis
439 4317 558 4396 Kande
575 4339 686 4398 vocate
711 4332 840 4398 habitas
866 4334 907 4399 ad
926 4357 1042 4402 manus
1058 4337 1159 4420 ipsius
1176 4337 1231 4402 dc·

98 4441 189 4504 mine
204 4440 309 4523 regine
324 4440 529 4522 assignasset
555 4445 587 4504 et
604 4460 813 4522 quascunque
839 4451 1034 4509 reservasset
1049 4451 1081 4510 et
1097 4445 1229 4512 ubicun-

98 4567 166 4627 que
184 4555 215 4612 et
230 4548 314 4632 apud
331 4567 553 4632 quemcunque
569 4555 684 4627 essent,
700 4548 829 4616 frivolas
846 4551 1039 4617 reddidisset
1056 4602 1062 4616 .
1079 4603 1085 4618 .
1103 4553 1229 4620 Datum

96 4655 133 4721 iu
151 4654 259 4740 vigilia
274 4657 347 4722 festi
363 4655 448 4722 beati
465 4657 490 4722 J
491 4657 582 4724 acobi
609 4657 755 4743 apostoli,
782 4681 866 4724 anno
892 4659 1013 4726 domiui
1030 4662 1081 4728 Μο
1106 4659 1226 4732 000ΜΟ
