3226 5462
692 526 877 572 curensem
893 509 1108 570 orniurrls.

892 783 921 844 9.

346 941 440 1007 1347.
456 953 550 1006 onrrrt.
569 943 597 1005 1.
615 939 662 1006 Ae
679 943 746 1028 cyri
769 941 925 1028 lodptalon
950 939 1022 1005 elon
1039 939 1126 1004 Doti
1140 939 1249 1024 Dorop
1265 939 1317 1020 fic
1334 939 1473 1004 Ldr·incz

334 1050 388 1132 fio
404 1051 525 1130 Istodn,
543 1051 650 1116 Ddzso
665 1049 898 1131 eddorfioiuol
912 1049 1046 1126 liberet,
1062 1051 1093 1112 e's
1115 1049 1227 1134 poldr
1235 1055 1316 1112 need
1326 1047 1471 1113 Seobolcs

343 1159 523 1245 odrmepyer'
536 1181 552 1221 s
575 1157 788 1223 libr-Sceneos
796 1165 876 1220 neco
887 1151 1181 1244 Bihcrodrmepyei
1196 1155 1372 1221 birtokolout
1387 1165 1475 1220 dicen

675 1265 838 1332 mdrkdert
855 1265 983 1329 autnon
998 1265 1149 1350 dtenpodi.

451 1427 521 1494 Nos
537 1426 716 1514 capitulum
741 1426 874 1494 ecclesie
898 1423 1070 1511 Agriensis
1095 1407 1315 1511 significamus
1332 1479 1338 1493 .
1354 1477 1361 1492 .
1379 1428 1468 1511 quod

211 1610 213 1618 s
320 1537 322 1542 ’
344 1539 502 1622 magistro
518 1535 685 1622 Stephano
696 1535 948 1604 filichaurencii
963 1534 1323 1622 filiiDoroghdeDoby
1334 1557 1475 1603 unacum

346 1645 482 1729 Dorogh
498 1643 565 1711 filio
581 1666 641 1711 suo
657 1666 716 1728 pro
732 1666 766 1710 se
783 1651 815 1710 et
830 1666 889 1728 pro
911 1645 1012 1710 Petro
1037 1649 1074 1708 nt
1099 1643 1249 1711 dicebant
1273 1643 1477 1710 adolescente

343 1754 448 1826 altero
464 1753 531 1819 filio
547 1760 580 1848 et
594 1753 696 1819 fratre
712 1753 857 1838 ipsorum
874 1805 880 1818 .
898 1804 903 1817 .
921 1773 959 1818 ex
976 1774 1050 1832 una,
1066 1758 1098 1819 et
1113 1754 1269 1837 magistro
1288 1751 1393 1820 Paulo
1410 1751 1478 1818 filio

348 1865 512 1946 qnondam
535 1866 647 1932 Douso
677 1866 816 1950 paletini
847 1865 995 1931 similiter·
1027 1885 1086 1948 pro
1111 1885 1144 1929 se
1173 1869 1206 1929 ct
1229 1883 1288 1947 pro
1319 1863 1478 1948 magistro

347 1975 373 2040 J
374 1973 473 2042 acobo
489 1974 593 2041 fratre
609 1994 667 2041 suo
683 1975 811 2041 uterino
828 2022 835 2039 .
853 2023 859 2036 .
875 1979 969 2056 parte
985 1971 1025 2038 ab
1041 1973 1146 2038 altera
1170 1992 1280 2038 coram
1299 1971 1391 2038 nobis
1407 1993 1479 2055 per·

349 2083 504 2150 sonaliter
519 2084 712 2163 constitutis,
727 2103 785 2166 per
802 2083 929 2149 eosdem
944 2083 1137 2166 magistrum
1148 2079 1349 2164 Stephanum
1367 2085 1400 2146 et
1409 2079 1477 2146 Do-

349 2193 430 2279 rogh
438 2192 541 2259 fflium
557 2213 674 2258 suurn.
715 2193 916 2277 propositum
935 2191 1081 2258 exstitit.
1099 2240 1106 2256 .
1132 2189 1220 2272 quod
1238 2189 1315 2256 licet
1323 2209 1363 2256 ex
1372 2191 1480 2256 causis

348 2302 482 2368 diversis
498 2321 561 2384 que
577 2303 662 2366 inter
672 2301 759 2384 ipsos
777 2301 988 2384 contigissent
1004 2298 1211 2381 usquemodo,
1228 2299 1479 2382 specialiterque
1516 2306 1518 2310 ’

350 2413 479 2480 racione
495 2411 704 2496 possessionis
720 2410 840 2495 Teglas
856 2415 967 2476 vocate
983 2415 1016 2475 et
1040 2409 1200 2492 porcionis
1226 2409 1480 2492 posscssionarie

351 2520 549 2586 Turscmson
565 2523 750 2602 nuncupate
760 2539 780 2584 c
789 2516 901 2584 multis
910 2515 1110 2600 temporibus
1126 2517 1296 2584 retroactis
1311 2517 1481 2598 hucusque

349 2629 390 2696 lis
406 2635 440 2694 et
454 2628 619 2695 contencio
633 2633 722 2693 mota
736 2625 850 2694 luisset
864 2627 949 2694 inter
959 2627 1045 2710 ipsos
1061 2633 1093 2692 et
1108 2633 1229 2707 exorta,
1240 2632 1272 2693 et
1286 2648 1346 2710 pro
1362 2625 1482 2709 quibus

350 2739 452 2806 eciam
468 2737 529 2822 ipsi
545 2738 579 2802 in
594 2736 762 2820 presencia
778 2785 784 2800 .
801 2785 808 2799 .
824 2733 954 2802 Nicolei
972 2787 978 2800 .
997 2785 1002 2798 .
1019 2735 1158 2818 palatini
1183 2733 1311 2800 diucius
1327 2735 1361 2801 in
1378 2755 1480 2802 causa

350 2847 597 2934 processissent3
618 2843 751 2910 tandem
765 2849 873 2910 tamen
899 2851 937 2910 ut
960 2845 1064 2910 omnis
1079 2842 1146 2910 litis
1162 2893 1169 2908 .
1186 2893 1193 2907 .
1209 2844 1347 2910 materis
1362 2843 1402 2908 de
1417 2863 1484 2908 me·

352 2956 405 3021 dio
421 2955 564 3040 ipsorum
589 2941 745 3020 radicitus
770 2951 961 3017 evelleretur
978 3001 984 3016 .
1002 3003 1008 3017 .
1025 2953 1256 3018 interveniente
1281 2951 1383 3018 eciam
1399 2951 1485 3018 ordi·

353 3065 487 3132 nacione
504 3115 510 3127 .
528 3111 534 3126 .
550 3061 726 3147 proborum
748 3062 894 3128 uirorum
918 3060 1078 3127 nobilium
1104 3063 1324 3145 proximorum
1349 3069 1382 3128 et
1398 3083 1483 3128 com-

353 3170 599 3259 provincialium
616 3191 758 3248 anorum,
783 3169 893 3236 taliter
908 3171 993 3236 inter
1017 3189 1052 3235 se
1079 3170 1351 3236 concordassent.
1369 3219 1376 3234 .
1393 3169 1483 3252 qnod

353 3281 491 3367 predicti
516 3279 664 3362 magistri
696 3277 881 3362 Stephanus
906 3285 939 3346 et
960 3278 1095 3363 Dorogh
1120 3301 1158 3345 ec
1182 3279 1302 3351 Petrus
1334 3278 1393 3345 filii
1418 3279 1480 3358 sui,

354 3387 533 3476 predictam
543 3387 775 3470 possessionem
785 3387 904 3471 Teglas
914 3387 1048 3453 totalem
1058 3388 1091 3452 in
1102 3389 1258 3455 comitatu
1274 3387 1313 3452 de
1329 3386 1485 3465 Zabolch,

355 3503 608 3577 annotatumque
622 3495 806 3579 porcionem
822 3495 1107 3578 possessioncriam
1125 3495 1323 3562 Tursamson
1340 3496 1374 3560 in
1389 3497 1487 3562 comi·

355 3612 427 3673 tatu
441 3603 626 3671 Bihoriensi
643 3604 825 3684 existentes,
851 3623 914 3685 que
940 3602 1070 3685 quidem
1095 3603 1204 3686 percio
1229 3602 1426 3670 Tursamson
1444 3602 1487 3668 ab

356 3717 432 3782 olim
447 3715 605 3782 hactenus
630 3713 718 3796 apud
743 3735 858 3778 manus
882 3712 1143 3797 predecessorum
1168 3711 1353 3778 eorumdem
1367 3711 1487 3778 Jaoobi

357 3831 389 3890 et
405 3821 502 3890 Pauli
518 3823 748 3906 magistrorum
763 3828 797 3888 et
811 3842 870 3906 per
885 3841 1083 3903 consequens
1099 3819 1159 3888 sub
1184 3821 1324 3887 dominio
1341 3822 1487 3905 ipsorum
1589 3903 1592 3912 Α

360 3933 472 4001 habite
497 3932 705 3998 exstitisset.
733 3981 738 3995 .
765 3951 823 4013 per
847 3929 975 3997 eosdem
1000 3929 1097 3996 salvis
1122 3929 1247 3997 iuribus
1272 3929 1427 3997 Oorrardi
1453 3936 1488 3996 et

357 4041 466 4109 Keled
482 4040 622 4106 filiorum
638 4037 768 4105 Nicolai
797 4037 856 4104 filii
874 4037 1016 4104 eiusdem
1032 4037 1167 4122 Dorogh
1182 4039 1215 4102 in
1232 4037 1344 4104 eadem
1360 4059 1488 4122 perma·
1520 4050 1526 4066 ·

361 4149 522 4229 uentibus,
537 4169 611 4214 cum
636 4147 784 4213 omnibus
800 4197 807 4210 .
825 4195 831 4211 .
849 4147 1056 4230 pertinenciis
1071 4146 1266 4226 earumdem,
1283 4147 1371 4212 omni
1386 4145 1438 4211 liti
1454 4151 1490 4211 et

361 4258 484 4328 accioni
504 4258 648 4341 ipsorum
665 4305 690 4320 ..
706 4257 802 4348 prius
812 4257 1048 4335 renunciantes,
1064 4256 1263 4322 remisissent
1278 4253 1490 4336 reliquissent

359 4377 393 4436 et
407 4388 539 4452 prorsus
555 4389 593 4434 cc
618 4388 676 4452 per
700 4367 808 4431 omnic
831 4371 1104 4451 perpetuassent.
1121 4413 1128 4428 .
1144 4364 1298 4448 pretectis
1314 4363 1339 4429 J
1341 4362 1439 4430 acobo
1456 4369 1490 4429 et

271 4555 274 4562 ¹
359 4475 463 4544 Paulo
479 4477 642 4561 magistris
667 4497 705 4541 cc
729 4495 840 4541 eorum
865 4473 1036 4540 heredibus
1061 4471 1271 4557 possidendus
1287 4523 1294 4536 .
1310 4523 1316 4536 .
1333 4470 1392 4538 tuli
1408 4470 1490 4537 obli·

366 4589 498 4672 gecione
513 4586 705 4668 interposite
721 4635 727 4649 .
745 4633 751 4647 .
769 4583 856 4665 quod
880 4585 908 4648 si
933 4584 996 4666 ipsi
1013 4631 1019 4646 .
1036 4631 1043 4646 .
1059 4587 1253 4647 memoratos
1278 4580 1304 4646 J
1305 4579 1440 4647 acobum
1455 4588 1491 4648 et

360 4694 502 4765 Paulum
526 4695 697 4779 magistros
722 4715 760 4759 ec
785 4695 927 4780 ipsorum
953 4691 1086 4757 heredes
1112 4712 1131 4758 c
1156 4690 1242 4756 dicto
1257 4690 1356 4756 Petro
1373 4687 1439 4754 filio
1456 4695 1491 4755 et
