3192 5466
324 493 386 553 186
519 473 525 480 ’
674 497 1093 555 auroononronuhuvrls.

295 760 296 764 Ἰ
318 675 439 752 quarta
455 670 601 752 proxima
618 676 692 734 avite
709 676 837 736 octavas
853 671 940 737 beati
958 671 1115 737 Stanizlai
1132 674 1275 738 martiris
1294 675 1358 738 iam
1375 695 1447 757 pro-

314 779 400 842 ximo
415 779 590 861 preteritis,
608 779 821 863 personaliter
847 781 1039 866 accessimus
1064 782 1097 845 in
1122 781 1231 846 villam
1248 780 1399 846 Nadasld
1415 787 1448 846 et

314 885 431 951 ibidem
457 885 626 951 officialem
652 908 724 952 cnm
750 887 907 953 universis
933 889 1158 972 iohagionibus
1184 911 1239 954 seu
1265 889 1447 974 hospitibus

313 995 431 1060 ibidem
457 1001 490 1060 et
515 995 587 1060 aliis
612 997 865 1078 possessionibus
886 997 951 1062 suis
968 999 1171 1064 convocando
1188 999 1230 1063 ad
1246 1000 1447 1083 presenciam

314 1103 429 1168 nobilis
446 1104 582 1182 domine,
605 1111 638 1170 et
654 1111 798 1170 vestrum
823 1113 1016 1190 preceptum
1028 1129 1099 1172 cum
1116 1109 1221 1172 tocius
1237 1107 1313 1172 facti
1331 1108 1448 1172 seriem

313 1212 416 1276 cidem
442 1213 646 1278 recitavimus
672 1214 849 1297 moniendo,
874 1223 907 1280 et
922 1216 1027 1298 ipsam
1053 1217 1192 1280 nobilem
1218 1217 1381 1280 dominam
1399 1219 1448 1282 vel

312 1343 404 1385 snum
419 1329 661 1405 procuratorem
671 1323 713 1387 ad
723 1323 819 1388 vestri
832 1324 1033 1408 presenciam
1049 1325 1239 1398 vocavimus,
1250 1330 1285 1388 nt
1298 1325 1337 1389 de
1350 1325 1445 1391 victis

310 1428 460 1512 birsagiis
475 1429 588 1513 viginti
605 1430 728 1496 duabus
744 1433 861 1497 marcis
878 1431 916 1497 de
933 1433 1046 1498 vestris
1063 1432 1187 1498 illicibus
1197 1432 1354 1516 partibus,
1367 1439 1401 1498 et
1411 1435 1444 1498 in

314 1538 414 1602 tercia
431 1544 523 1622 [istrie
540 1561 598 1604 suo
614 1540 798 1605 adversario
821 1542 1028 1620 satisfacturi,
1048 1549 1081 1607 ct
1097 1543 1215 1608 eisdem
1231 1564 1289 1627 pro
1306 1541 1446 1606 termino

312 1667 423 1710 coram
453 1647 542 1712 vobis
567 1649 774 1732 comparendi
799 1657 928 1716 octavas
953 1651 1161 1716 Pentecostcs
1197 1643 1443 1734 assignavimus.

313 1757 436 1822 Datum
456 1757 490 1820 in
516 1757 655 1837 nnezke,
678 1757 760 1823 feria
786 1765 905 1841 quarta
930 1761 1077 1843 proxima
1101 1765 1177 1824 ante
1201 1766 1331 1824 octavas
1360 1758 1457 1836 beati

315 1864 472 1930 Stanizlai
488 1867 642 1947 martiris,
658 1891 743 1933 anno
760 1869 881 1933 domini
898 1870 949 1935 Μ0
973 1867 1071 1934 0000
1095 1869 1199 1934 XL¹¹¹⁰
1215 1873 1337 1934 octavo.

422 2031 574 2095 Hatlapjsin
589 2032 680 2094 pecsdt
693 2033 870 2095 nyoruaiva13
890 2033 1021 2096 e1·edetije
1043 2049 1075 2082 az
1089 2047 1157 2082 orsz.
1172 2033 1201 2082 lt.
1216 2031 1316 2084 kincst.
1330 2039 1398 2084 oszt.
1413 2034 1443 2082 N.

315 2120 347 2170 R.
362 2118 395 2168 A.
413 2125 489 2170 1537.
503 2127 543 2171 lv.
557 2121 623 2186 dipl.
637 2127 704 2172 oszt.
720 2127 797 2174 3988.
817 2123 916 2172 szli:
937 2123 1045 2174 Koraos
1058 2124 1092 2172 N.

826 2268 833 2274 -
844 2269 957 2276 η...-

854 2418 906 2480 92.

315 2574 408 2636 1348.
434 2572 544 2648 Tarda,
570 2579 643 2658 curly.
665 2578 715 2639 14.
749 2577 859 2638 [slavia
875 2573 997 2660 orvlclvsi
1012 2573 1110 2658 rujda
1124 2575 1257 2654 vctasc'tjo
1273 2596 1311 2636 uz
1328 2573 1445 2658 erde'lyi

310 2680 485 2766 lociptolnat
509 2683 588 2766 hogis
612 2707 633 2744 a
657 2685 778 2748 luzsoai
801 2683 940 2745 corricselc
957 2683 1121 2746 Pahvthlca
1136 2683 1167 2744 c's
1184 2679 1350 2744 litteratae
1369 2689 1440 2743 nord

581 2789 744 2855 hirlolru‘ba
767 2791 833 2854 Wsi
850 2790 987 2853 Iovinlvlt
1004 2791 1125 2852 ils-:lassa
1142 2789 1183 2853 be.

417 2952 606 3036 ..capitulo
636 2954 768 3019 ecclesie
799 2953 1037 3029 Transsilvane
1074 2951 1258 3035 Stephanus
1295 2951 1436 3036 voyvoda

311 3059 560 3126 Transsilvanns
586 3068 619 3126 et
643 3083 748 3128 comes
763 3062 802 3127 de
819 3061 934 3126 Zonuk
952 3113 958 3125 .
975 3113 981 3124 .
998 3081 1071 3126 cum
1086 3059 1221 3125 Iwanlza
1247 3059 1333 3126 filius
1361 3061 1439 3128 Gre-

311 3167 393 3249 gorii
424 3167 463 3232 dc
493 3169 553 3232 Ws
585 3169 782 3252 superiorem
812 3168 1018 3233 medietatem
1044 3167 1255 3250 possessionis
1279 3167 1441 3233 Palathha

313 3282 423 3340 vocate
447 3282 479 3340 et
508 3277 670 3358 quandam
696 3277 927 3361 possessionem
953 3298 1009 3341 seu
1035 3283 1156 3341 terram
1181 3275 1372 3359 Mykatelhe
1388 3297 1439 3340 no-

311 3386 477 3466 minatam,
503 3391 538 3450 ut
555 3385 587 3448 in
604 3385 771 3468 privilegio
787 3386 881 3450 Petri
906 3385 1114 3469 vicevoyvode
1140 3385 1243 3448 nostri
1259 3385 1293 3448 in
1309 3405 1437 3467 congre·

310 3493 441 3575 gecione
458 3498 568 3558 nostra
578 3493 721 3576 generali
737 3493 940 3558 universitati
957 3492 1113 3557 nobilium
1123 3493 1227 3576 partis
1239 3491 1437 3556 Transsilva-

310 3601 371 3679 uie,
387 3601 420 3664 in
438 3601 607 3682 quindenis
623 3601 698 3665 festi
714 3601 800 3666 beati
813 3601 946 3685 Georgii
962 3601 1105 3666 martiris
1119 3599 1248 3683 publica
1264 3599 1438 3682 proclama-

309 3708 400 3772 cione
424 3708 510 3774 facta
534 3709 663 3775 Thorde
697 3709 860 3776 celebrata
884 3709 975 3773 nobis
1009 3709 1153 3773 exhibito
1177 3707 1315 3772 vidimus
1342 3707 1436 3772 conti-

310 3817 388 3898 neri,
412 3838 432 3881 a
447 3817 584 3882 Kiliano
610 3817 740 3884 Simone
765 3817 926 3884 Michaele
951 3817 1105 3882 Johanne
1130 3823 1163 3880 et
1186 3815 1344 3881 Ladislao
1368 3813 1439 3880 filiis

314 3925 486 3990 Michaelis
512 3924 571 3990 filii
598 3926 744 4010 Semyen,
770 3925 936 4010 Stephano
952 3925 1135 3990 Laurencio
1151 3931 1183 3989 et
1198 3923 1354 3988 Michaeli
1369 3923 1440 3988 liliis

311 4033 469 4118 Stephani
486 4035 565 4099 dicti
577 4035 652 4117 'Pap
678 4033 841 4099 nobilibus
857 4034 896 4098 de
913 4035 1057 4112 Thusrrn,
1069 4033 1180 4099 ordine
1199 4032 1371 4098 iudiciario
1390 4053 1439 4096 oo-

309 4144 396 4207 mine
412 4143 462 4207 sni
482 4143 562 4207 iuris
587 4138 783 4221 hereditarii,
807 4144 841 4206 in
866 4144 1033 4227 presencia
1058 4143 1160 4226 ipsios
1186 4141 1277 4206 Petri
1304 4141 1439 4224 ricevoy·

309 4251 389 4315 vode
408 4251 511 4316 nostri
536 4250 756 4334 reoptinuerit,
781 4254 813 4314 et
828 4250 934 4333 ipsum
961 4249 1166 4333 privilegium
1183 4248 1274 4313 Petri
1301 4247 1438 4331 vicevoy·

310 4357 390 4423 vode
400 4357 502 4422 nostri
513 4356 705 4421 sentenciale
714 4357 748 4419 in
758 4356 871 4420 eadem
882 4363 992 4422 nostra
1011 4349 1268 4440 congregacione
1281 4357 1439 4420 mediante

311 4473 422 4531 nostro
438 4465 608 4548 privilegio
635 4463 821 4528 roboratum
839 4464 1009 4542 exstiterit,
1032 4464 1211 4530 amiciciam
1237 4463 1438 4529 discrecionis

311 4580 415 4640 vestre
441 4571 643 4656 presentibus
669 4571 856 4654 petimus..
875 4579 1035 4655 qnatenus
1059 4573 1199 4637 mittatis
1215 4572 1378 4637 hominem
1392 4593 1438 4635 ve·

311 4690 414 4750 strum
430 4701 489 4767 pro
507 4679 712 4745 testimonio.
730 4729 737 4744 .
755 4701 818 4764 quo
843 4685 991 4764 presente
1008 4680 1132 4746 Paulus
1157 4681 1283 4765 crispus
1303 4681 1438 4747 famulus
