3180 5470
333 496 397 558 442
687 509 873 558 aurnunonr
890 497 1105 556 onulurnlu.

334 681 367 739 et
391 674 537 740 valerent
565 671 778 754 requirere..
803 678 921 738 extunc
946 671 1090 756 predicte
1112 673 1329 756 possessiones
1346 670 1464 738 eisdem

334 783 503 866 communi,
529 789 562 848 et
582 783 826 868 privilegiorum
852 783 1051 850 diversorum
1068 783 1218 863 iudicum,
1249 783 1465 868 capitulorum

334 898 367 956 et
383 899 606 972 conventuum,
623 913 752 958 cursum
769 899 803 957 et
826 914 1010 977 processum
1029 913 1201 960 causarum
1218 913 1317 978 super
1332 891 1465 972 requisi·

332 1003 421 1068 cione
453 1001 673 1086 predictarum
710 1001 947 1085 possessionum
976 1008 1186 1068 motarum..
1219 1001 1466 1076 continencium,

333 1109 448 1193 quibus
459 1131 517 1192 per
533 1109 678 1174 ordinem
695 1109 847 1176 discussis
858 1117 890 1175 et
904 1112 1054 1194 perlectis
1071 1111 1198 1192 seriose,
1209 1111 1242 1176 in
1253 1109 1376 1176 eisdem
1387 1127 1465 1174 oom-

213 1293 221 1314 ο
333 1219 468 1302 perisset
485 1218 665 1302 predictum
681 1217 854 1284 Nicolaum
865 1220 1068 1303 supradictas
1080 1219 1298 1305 possessiones
1315 1217 1462 1302 Haripan

334 1328 434 1394 Kezw
458 1327 591 1394 Reohke
618 1334 650 1392 et
674 1326 801 1412 Appati
827 1335 956 1393 vocatas
973 1329 1013 1393 de
1037 1329 1190 1412 predictis
1215 1315 1292 1393 filiis
1319 1325 1463 1409 magistri

334 1435 442 1500 Deseu
459 1435 643 1500 earumdem
668 1435 903 1520 possessionum
926 1435 1156 1520 detentoribus,
1173 1435 1284 1501 ordine
1300 1432 1466 1500 iudiciario

334 1567 392 1628 per
407 1545 551 1628 prolixas
567 1565 739 1609 causarum
750 1545 956 1611 exeoueiones
968 1545 1094 1610 nemine
1110 1521 1284 1610 adiuvante
1303 1594 1309 1607 .
1328 1595 1334 1607 .
1352 1541 1465 1625 reopti·

335 1653 451 1732 nuisse,
462 1659 494 1717 et
510 1653 715 1736 postmodum
731 1652 770 1716 de
785 1653 901 1718 relicta
911 1651 1038 1717 Mathei
1049 1652 1088 1716 de
1098 1653 1187 1736 Fyur
1198 1651 1351 1717 solvendo
1363 1650 1465 1716 dotem

336 1769 368 1825 et
378 1781 429 1825 res
439 1761 693 1845 parorpbanales
710 1762 915 1846 expedivisse,
926 1760 1089 1844 quandam
1104 1761 1206 1825 eciam
1221 1759 1420 1844 particulam
1430 1760 1465 1825 de

335 1871 535 1954 possessione
556 1869 713 1954 Haripan,
739 1869 816 1935 filiis
842 1867 933 1934 Galli
959 1869 1119 1952 quondam
1140 1869 1268 1952 pignori
1285 1867 1465 1951 obligatam,

336 2000 394 2063 pro
411 1979 554 2062 quinque
579 1978 696 2042 mareis
721 1976 900 2043 redemisse.
933 1977 1027 2044 Unde
1051 1977 1197 2062 prefatus
1226 1977 1385 2060 magister
1401 1975 1465 2044 Vil-

335 2088 455 2152 lermus
473 2109 545 2152 cum
562 2086 717 2169 magistro
735 2084 907 2151 Dominico
923 2087 1105 2152 vicecomite
1122 2105 1189 2162 suo,
1205 2083 1391 2168 Pangracio
1405 2083 1466 2148 filio

337 2194 505 2279 Stephani,
530 2192 718 2260 Alexandro
743 2193 810 2258 filio
835 2192 966 2272 Ohelen,
990 2192 1126 2259 Andrea
1153 2193 1221 2258 filio
1252 2191 1413 2276 Zemelrey
1437 2199 1466 2256 et

336 2304 436 2368 Petro
452 2301 518 2367 filio
534 2301 633 2368 Mark
648 2307 788 2385 quatuor
804 2299 964 2366 iudicibus
975 2300 1133 2366 nobilium
1149 2301 1188 2366 de
1208 2300 1356 2385 predicto
1371 2299 1462 2364 comi·

336 2417 417 2489 tatu,
450 2412 628 2494 ceterisque
659 2410 819 2476 nobilibus
852 2431 916 2475 runa
933 2431 1005 2475 cnm
1031 2409 1187 2494 magistro
1212 2409 1373 2478 Villermo
1391 2407 1466 2472 assi-

337 2519 496 2596 dentibus,
511 2519 587 2584 visis
603 2519 749 2584 omnibus
775 2518 929 2602 predictis
954 2517 1058 2584 literis
1075 2526 1107 2584 et
1131 2517 1351 2602 perordinem
1368 2518 1466 2600 perle-

337 2629 405 2706 ctis,
422 2628 661 2693 considerantes
678 2627 880 2711 supradictas
900 2628 1115 2708 possessiones
1132 2625 1270 2692 Nicolao
1281 2632 1316 2690 et
1326 2623 1351 2691 J
1352 2625 1467 2690 ohanni

338 2735 508 2801 antedictis
525 2735 669 2818 legitime
684 2735 905 2814 devolvendas,
922 2742 1057 2819 excepta
1082 2737 1182 2800 tercia
1207 2740 1302 2819 parte
1323 2734 1468 2818 porcione

337 2843 486 2908 videlicet
502 2843 638 2927 predicti
655 2841 771 2908 Oonme
796 2845 838 2909 ad
862 2864 977 2909 manus
1001 2843 1143 2909 eiusdem
1159 2844 1308 2926 magistri
1323 2841 1468 2910 Villermi

337 2953 480 3036 legitime
495 2951 656 3030 deuolute,
672 2952 844 3021 iudicando
860 2952 1062 3032 decrevisset,
1079 2961 1117 3017 ut
1136 2953 1283 3038 predicte
1300 2950 1466 3035 possessio

339 3082 395 3126 nes
412 3083 483 3126 cum
500 3059 645 3125 omnibus
662 3061 857 3126 utilitatibus
882 3066 915 3126 et
939 3061 1111 3126 territoriis
1136 3059 1333 3136 earumdem,
1358 3060 1389 3123 in
1405 3063 1468 3122 tres

337 3175 447 3254 partes
463 3168 681 3234 dividerentur
697 3169 874 3253 coequales,
890 3169 1015 3235 duabus
1031 3168 1180 3254 partibus
1201 3167 1357 3251 predictis
1376 3165 1470 3231 Nico·

338 3283 391 3346 lao
408 3285 441 3344 et
456 3277 602 3345 Jobanni
633 3280 800 3359 devolutis,
826 3281 927 3345 tercia
951 3300 1025 3344 vero
1050 3283 1144 3364 parte
1170 3299 1228 3362 pro
1245 3277 1359 3342 eodem
1375 3275 1470 3358 magi·

340 3395 407 3454 stro
419 3389 579 3458 Villermo
594 3395 788 3468 remanente,
805 3390 862 3454 tali
876 3389 977 3468 modo,
995 3389 1081 3472 quod
1097 3387 1232 3454 eandem
1247 3387 1386 3453 terciam
1401 3406 1469 3470 par-

340 3506 406 3562 tem
431 3497 614 3582 porcionem
639 3497 786 3563 videlieet
810 3497 948 3581 predicti
973 3499 1090 3566 Ocame
1115 3497 1156 3562 de
1182 3495 1294 3561 eodem
1319 3493 1470 3578 magistro

340 3606 513 3672 Willermo
529 3605 624 3670 velud
640 3604 679 3670 de
695 3605 808 3686 iudice,
824 3607 916 3672 iuxta
926 3606 1166 3672 estimacionem
1177 3605 1270 3687 regni
1280 3601 1469 3686 condignam

340 3716 476 3799 predicti
486 3713 640 3782 Nicolaus
657 3720 690 3778 et
705 3713 874 3780 ‹lohannes
893 3713 1152 3798 quandocunque
1172 3713 1352 3777 voluissent
1363 3710 1472 3792 velpe

340 3824 488 3907 tuissent,
499 3823 711 3889 communiter
723 3821 901 3888 redimendi
916 3821 1106 3888 habuissent
1117 3818 1306 3886 facultatem
1318 3843 1326 3900 3
1341 3819 1402 3884 hoc
1411 3837 1472 3881 non

341 3932 616 4020 pretermittendo,
632 3930 718 4015 quod
733 3929 895 4014 predictus
921 3928 946 3995 J
948 3930 1090 3996 ohannes
1105 3926 1193 3994 filius
1207 3925 1320 4006 Isaalr,
1339 3923 1473 3991 Nicolao

342 4042 537 4126 supradicto,
577 4040 811 4127 dimidietatem
855 4039 997 4104 omnium
1039 4059 1172 4104 suarum
1212 4055 1473 4120 expensarum..

341 4149 512 4216 restituere
539 4153 712 4213 teneretur.
728 4148 770 4212 In
786 4147 921 4212 alterius
947 4167 1021 4211 vero
1047 4145 1189 4211 eiusdem
1215 4143 1367 4227 magistri
1392 4137 1475 4205 Wil-

341 4259 435 4324 lermi
449 4257 544 4322 litere
560 4263 671 4321 tenore
687 4255 875 4333 habebatur,
900 4254 986 4337 quod
1011 4252 1095 4318 idem
1112 4252 1267 4336 magister
1282 4249 1475 4316 Willermus

343 4389 448 4434 comes
465 4365 504 4430 de
515 4363 636 4448 Scepus
653 4369 685 4430 et
701 4363 740 4428 de
756 4363 894 4448 Wyuar,
921 4361 1018 4428 simul
1034 4384 1106 4428 oum
1130 4359 1289 4444 magistro
1304 4356 1475 4424 Dominieo

344 4475 526 4543 vicecomite
558 4495 614 4540 suo
631 4479 663 4538 et
679 4479 819 4556 quatuor
839 4471 997 4538 iudicibus
1018 4469 1175 4535 nobilium
1191 4467 1333 4553 predicti
1349 4467 1477 4533 comita·

344 4590 396 4649 tus
413 4579 648 4658 Gumuriensis,
665 4579 706 4644 ad
722 4581 819 4646 facies
835 4580 1055 4664 predictarum
1074 4578 1315 4664 possessionum
1325 4577 1477 4660 Haripan

346 4691 540 4778 superiorem
558 4695 590 4755 et
606 4688 797 4767 inferiorem,
813 4687 921 4768 Kena,
938 4686 1071 4754 Rechke
1089 4693 1122 4753 et
1138 4683 1264 4773 Appati
1290 4691 1477 4752 vocatarum
