3180 5466
559 561 785 622 1352.Jnn.9.
1173 565 1235 624 539

100 738 224 802 ciosum
240 743 273 801 et
288 743 464 818 acceptum,
480 737 588 802 volens
605 737 709 803 dietus
725 791 732 804 .
750 792 755 803 .
781 739 960 806 Lodovieus
977 762 1033 804 rex
1050 741 1151 806 eidem
1164 763 1234 824 pre·

100 846 273 911 missorum
290 846 410 910 intuitu
440 846 528 927 regio
553 867 720 912 occurrere
746 848 906 926 donativo,
932 849 1097 916 universas
1113 870 1235 932 posses-

100 957 209 1020 siones
226 961 259 1020 et
275 955 544 1038 possessionarias
561 957 726 1038 porciones
744 959 928 1023 eorumdem
939 958 1074 1022 nondam
1090 957 1237 1041 Philippi

100 1068 132 1127 et
164 1061 257 1127 Petri
282 1060 421 1127 filiorum
447 1061 568 1138 Keneu
594 1063 758 1128 homiuum
785 1063 852 1128 sine
876 1065 993 1128 herede
1011 1065 1237 1130 deoedeuoium

100 1171 225 1254 ubique
243 1171 424 1252 existentes,
441 1172 607 1253 signanter
630 1168 736 1236 Gezth
763 1179 795 1236 et
821 1171 923 1258 Paldy
940 1179 1070 1238 vocatas
1086 1175 1120 1238 in
1136 1175 1234 1240 Poso-

100 1280 218 1356 mensi,
235 1301 273 1344 ao
288 1279 421 1363 Kyurth
439 1279 636 1346 nominatam
653 1280 686 1344 in
702 1279 862 1344 Nitriensi
880 1280 1085 1346 eomitatibus
1103 1281 1237 1346 existen-

100 1399 158 1468 tes
177 1408 242 1470 que
258 1389 336 1470 ipsis
361 1387 435 1454 filiis
461 1388 583 1468 Keuez,
609 1389 703 1453 sicuti
730 1389 938 1471 premittitur,
965 1389 1033 1456 sine
1049 1390 1167 1454 herede
1184 1389 1237 1453 de·

101 1498 234 1578 iuuetis,
246 1517 284 1560 ex
295 1495 475 1580 approbata
490 1497 582 1578 regni
600 1497 648 1560 sui
666 1497 892 1562 oonsvetudine
903 1497 1050 1561 manibus
1062 1497 1127 1562 suis
1138 1499 1235 1581 regiis

100 1604 303 1670 exstitissent
328 1601 472 1685 legitime
497 1603 652 1679 deuolute,
679 1603 783 1668 eidem
799 1604 945 1669 Johanni
971 1605 1057 1670 dioto
1073 1605 1234 1684 Beneuen,

101 1715 182 1778 item
198 1713 345 1790 Nicolao‚
361 1711 493 1778 Andree
509 1718 542 1776 et
558 1713 693 1778 Matheo
719 1712 874 1778 fratribus
898 1715 963 1779 suis
980 1715 1115 1780 uterinis
1131 1722 1163 1780 et
1180 1737 1236 1800 per·

100 1843 154 1885 eos
171 1821 318 1905 ipsorum
334 1819 506 1884 heredibus
523 1871 529 1884 .
548 1869 554 1881 .
578 1841 649 1884 eum
666 1821 814 1884 omnibns
838 1842 948 1886 earnm
966 1871 995 1885 ..
1019 1823 1236 1906 pertinenciis,

100 1979 105 1991 .
123 1979 129 1992 .
158 1927 220 1992 sub
246 1928 312 1992 suis
338 1929 421 1991 veris
447 1929 540 1992 metis
557 1934 589 1992 et
606 1927 758 2010 antiquis,
775 1950 812 1992 eo
828 1929 905 2006 iure,
927 1951 988 2012 quo
1006 1931 1046 1994 ad
1064 1951 1155 1994 snam
1173 1933 1236 1996 eol·

98 2038 260 2102 lanionem
276 2037 518 2119 pertinuissent,
534 2057 614 2101 nove
624 2059 680 2102 sue
691 2037 874 2102 eollaoionis
891 2039 986 2102 titulo
997 2039 1094 2104 salvis
1110 2035 1244 2104 iuribus'

100 2145 238 2210 alienis.
258 2194 264 2208 .
289 2144 463 2210 donasset.
483 2197 488 2209 .
513 2152 670 2228 perpetuo
688 2195 717 2209 ..
740 2146 957 2229 possidendas.

210 2291 359 2356 Zsigmond
383 2290 530 2354 kirtlynalr
556 2296 631 2342 1405.
655 2296 708 2341 oet.
735 2292 835 2342 taken
858 2293 918 2342 kelt
940 2293 1091 2356 latetetebol,
1106 2294 1236 2356 melynek

99 2381 233 2446 eredetije
259 2396 376 2448 megvan
402 2396 433 2429 uz
457 2396 526 2429 orsz.
549 2383 580 2430 lt.
603 2381 702 2432 kincst.
730 2386 797 2431 oszt.
812 2383 926 2432 Monial.
942 2383 1053 2432 Tirnav.
1073 2389 1111 2432 ll.
1127 2388 1150 2432 2.
1165 2381 1231 2446 dipl.

99 2477 169 2520 oszt.
185 2475 264 2520 9104.
285 2470 366 2520 Kozli
378 2485 384 2518 :
398 2469 506 2519 Kovtos
520 2470 553 2519 N.

633 2727 706 2790 331.

101 2869 198 2930 1352.
207 2873 285 2954 jau.
303 2867 332 2930 9.
352 2865 380 2930 A
397 2867 681 2932 leolozamoaostori
697 2879 829 2932 convent
850 2869 920 2931 aton
938 2869 1089 2932 Moruolu'
1107 2870 1232 2946 Lete-en,

102 2975 247 3039 Hasducl
262 2983 343 3038 uun
360 2975 497 3039 Doboku
514 2981 696 3062 edronepyei
712 2977 998 3060 birtolecinulrfele‘t
1015 2981 1046 3042 ds
1063 3002 1083 3042 e
1101 2976 1234 3041 Szamos

103 3087 195 3145 trizen
216 3107 272 3170 epy
289 3084 432 3163 meimet,
443 3081 550 3148 Arrun
562 3083 749 3148 Mileldsuuls
767 3090 797 3149 e's
814 3085 968 3148 Salomon
979 3087 1100 3164 finiunt*
1116 3085 1235 3150 Jdnos-

529 3193 593 3254 nale
611 3193 802 3278 elzdloposit.

209 3334 280 3402 Nos
312 3343 487 3402 conventus
513 3339 698 3403 monasterii
720 3339 851 3404 eoelesie
882 3339 975 3404 beate
1006 3341 1112 3405 Marie
1139 3339 1234 3423 virgi·

97 3445 151 3508 nis
176 3443 217 3508 de
243 3444 531 3511 Olusmonostra..
564 3445 824 3528 significamus..
852 3447 938 3529 quod
971 3447 1158 3512 aooedentes
1194 3448 1235 3512 ad

97 3557 245 3616 nostram
278 3555 479 3635 presenciam
511 3555 722 3636 personaliter
765 3555 951 3638 Stephanus
989 3554 1075 3620 filius
1109 3558 1234 3622 Johan·

98 3662 151 3724 nis
168 3659 209 3722 de
236 3659 374 3725 Mornoh
400 3660 442 3726 ab
468 3683 540 3738 uua,
566 3668 658 3745 parte
684 3684 757 3726 vero
774 3685 812 3726 ex
830 3663 934 3728 altera
954 3663 1108 3729 Nioolans
1125 3663 1231 3728 dietus

98 3757 206 3832 Arrun
238 3789 297 3850 pro
328 3787 361 3832 se
393 3776 427 3832 et
457 3769 558 3834 fratre
590 3791 647 3834 suo
678 3769 830 3839 Johanue
862 3770 927 3835 filio
951 3771 1142 3852 Salamonis,
1175 3793 1233 3855 per

100 3874 240 3938 eundem
272 3873 474 3958 Stephanum
509 3877 708 3961 propositum
735 3879 888 3942 extitit..
926 3878 1011 3961 quod
1044 3880 1234 3961 urgentibus

99 3984 168 4048 suis
208 3982 357 4065 plurimis
395 3985 648 4064 necessitatibus,
681 3993 801 4052 rectam
845 3985 1076 4052 dimidietatem
1109 3994 1235 4071 partem

98 4093 134 4155 in
166 4093 367 4176 possessione
399 4093 536 4158 Hasdad
562 4101 676 4159 vooata
708 4096 740 4158 in
772 4097 926 4160 comitatu
956 4096 994 4159 de
1011 4095 1149 4160 Doboka
1169 4097 1234 4160 exi-

101 4205 254 4282 stentem,
270 4201 341 4264 iure
358 4201 599 4280 hereditariam,
615 4225 688 4268 eum
701 4203 847 4268 omnibus
864 4253 870 4266 .
888 4253 894 4268 .
918 4204 1136 4285 pertinenciis,
1148 4205 1229 4269 soili-

103 4315 155 4374 oet
172 4330 246 4374 oum
262 4309 370 4374 media
386 4317 479 4393 parte
494 4311 669 4376 molendini
686 4333 783 4395 super
799 4311 929 4378 fluvium
949 4311 1071 4377 Zomus
1088 4314 1184 4379 situm
1202 4319 1235 4378 et

101 4416 211 4482 media
228 4422 322 4499 parte
337 4418 467 4502 pisoine,
484 4417 620 4486 Nioolao
638 4427 670 4484 et
686 4419 711 4485 J
712 4421 830 4486 ohanni
843 4420 1023 4498 antedictis,
1041 4420 1127 4485 odie
1144 4421 1235 4486 data·

100 4550 174 4592 rum
192 4529 393 4610 presencium
409 4528 494 4594 infra
510 4531 743 4595 revolueionem
753 4531 861 4595 decom
878 4551 1044 4606 annorum,
1055 4553 1113 4614 pro
1125 4529 1234 4594 deoem

102 4635 223 4702 mareis
240 4636 376 4719 argenti,
393 4637 572 4717 quamlibet
596 4659 739 4703 maroam
765 4640 952 4721 octuaginta
971 4641 1090 4721 grossis
1107 4660 1234 4722 eompu-

100 4744 211 4823 taudo,
228 4744 354 4827 pignori
380 4743 600 4827 obligasset..
624 4745 690 4811 tali·
715 4753 823 4812 tamen
850 4747 1033 4812 condicione
1064 4747 1234 4828 mediante,
