3226 5462
366 531 409 592 24
714 545 900 590 suuousosr
917 530 1131 589 ouuluuria.

364 710 467 760 resorbi
480 711 561 775 pedig
571 709 642 759 Dobi
664 709 757 775 Dorog
770 711 806 759 lia
819 697 936 759 berinez
959 709 995 758 fia
1018 708 1113 758 Istvan
1135 707 1163 758 es
1188 707 1277 758 ennek
1300 707 1503 772 fiaiD01·oges

365 801 456 866 Peter,
478 802 540 850 Dob
561 800 640 850 Dada
672 800 783 852 Tametsi
805 799 832 849 es
853 799 1023 858 ‚Tursamson
1044 799 1175 850 birtolrok
1198 801 1343 850 felosztisa
1363 801 1504 867 dolgaban

365 891 569 958 megsgyeztek.
580 892 614 942 N.
624 891 659 942 Β.
672 889 705 942 Α.
718 895 794 942 1508.
808 895 851 942 49.
864 890 931 954 dipl.
945 893 1012 938 oszt.
1027 893 1105 940 3889.
1119 889 1219 940 Kezli:
1240 891 1351 940 Kovaes
1360 893 1395 942 N.

862 1036 991 1043 ..ὴ-.-

914 1146 963 1207 10.

370 1289 464 1353 1347.
491 1287 599 1367 Budo,
625 1297 718 1352 marc.
744 1289 774 1350 2.
801 1285 828 1349 I.
855 1285 951 1372 Lojos
976 1287 1084 1373 kira‘ly
1109 1312 1130 1352 a
1156 1287 1291 1374 Soruopy
1318 1290 1504 1373 odrmeqyei

369 1395 459 1484 Gyoq
497 1403 577 1461 nevit
617 1395 757 1460 birtoloou
797 1395 1020 1481 meptelepltlblc
1046 1397 1153 1481 joqoit
1182 1397 1215 1458 c's
1247 1395 1508 1483 betelezettseqoit

846 1503 1029 1590 meysaabjo.

477 1650 660 1716 Lurdovicus
677 1698 683 1714 .
701 1701 707 1714 .
725 1669 826 1714 rex..
844 1647 1086 1732 significamus.
1104 1699 1110 1712 .
1137 1649 1223 1732 quoi
1249 1669 1323 1714 cum
1348 1670 1406 1716 uos
1434 1672 1509 1736 pos-

370 1761 543 1826 sessionem
567 1764 711 1824 nostram
737 1755 855 1840 Gyogh
885 1763 1032 1823 vocatam
1063 1759 1096 1824 in
1129 1757 1285 1824 comitatu
1318 1756 1507 1842 simigiensi

371 1869 569 1947 existentem,
584 1867 775 1952 populosam
792 1865 917 1932 efficere
934 1871 967 1930 et
982 1866 1191 1932 multitudine
1208 1867 1402 1952 populorum
1417 1867 1510 1932 deco·

371 1997 445 2044 rare
460 1976 674 2056 intendamus,
690 1976 838 2042 volumus
863 1975 950 2059 quod
967 1977 1153 2057 quicunque
1177 1975 1278 2041 libere
1306 1976 1506 2043 condicionis

372 2087 517 2153 homines
534 2085 575 2150 ad
600 2085 704 2169 ipsam
730 2085 962 2169 possessionem
985 2089 1132 2149 ,nostram
1158 2105 1255 2150 eausa
1281 2085 1501 2152 commorandi

372 2194 481 2260 venire
506 2195 682 2273 voluerint,
706 2191 807 2259 libere
831 2193 963 2258 veniant
988 2197 1022 2258 et
1046 2213 1158 2258 secure
1183 2199 1421 2259 commorentur
1447 2194 1509 2258 sub

374 2309 485 2368 nostra
500 2303 703 2386 proteccione
715 2305 748 2366 et
757 2301 862 2366 tutela
872 2299 1012 2384 speciali,
1024 2305 1165 2382 quatuor
1180 2321 1339 2366 annorum
1354 2299 1508 2367 libertate

374 2411 581 2495 infrascripta
597 2433 617 2476 a
632 2410 685 2475 die
700 2409 856 2476 adventus
881 2411 1025 2494 ipsorum
1041 2408 1175 2493 pacifice
1192 2415 1224 2474 et
1241 2411 1349 2491 quiete
1375 2410 1509 2476 fruituri

374 2521 409 2586 in
425 2519 556 2600 eadem;
580 2520 753 2586 transactis
768 2524 877 2584 autem
893 2519 972 2602 ipsis
990 2523 1131 2600 quatuor
1147 2521 1250 2599 aunis,
1266 2540 1331 2584 non
1347 2519 1420 2603 plus
1447 2521 1514 2585 nisi

375 2635 497 2714 septem
522 2649 649 2714 grossos
664 2649 731 2712 per
755 2627 851 2692 unius
885 2627 963 2692 anni
988 2628 1143 2693 circulum
1170 2649 1229 2710 pro
1255 2627 1372 2694 debitis
1392 2649 1506 2694 eorum

375 2738 453 2804 dare
469 2744 502 2804 et
516 2737 647 2820 solvere,
673 2758 711 2802 ac
735 2736 839 2802 tribus
870 2734 982 2801 diebus
1014 2736 1105 2801 nobis
1130 2736 1279 2802 laborare
1311 2743 1510 2820 teneantnr;

375 2845 522 2911 volumus
548 2847 659 2926 eciam,
685 2845 780 2910 utin
804 2844 904 2910 nullis
928 2845 1007 2910 locis
1033 2843 1231 2910 tributorum
1247 2867 1268 2911 a
1283 2845 1510 2930 iobagionibus

275 2958 277 2962 ’
377 2976 434 3022 seu
449 2955 579 3038 populis
596 2953 637 3019 ad
653 2954 774 3020 dictam
789 2954 1022 3038 possessionem
1041 2959 1185 3020 nostram
1201 2956 1310 3020 venire
1326 2953 1509 3020 volentibus

377 3063 536 3131 tributum
552 3061 684 3144 aliquod
700 3062 858 3145 exigatur.
874 3061 983 3146 Igitur
993 3061 1139 3127 volumus
1156 3067 1189 3126 et
1204 3063 1361 3130 universis
1376 3063 1515 3147 prelatis

378 3171 554 3239 baronibus
570 3169 742 3237 comitibus
757 3169 941 3236 castellanis
965 3169 1129 3236 nobilibus
1156 3176 1189 3236 et
1214 3171 1288 3236 aliis
1315 3171 1512 3254 quibuslicet

378 3280 562 3348 hominibus
572 3279 758 3366 iobagiones
768 3278 960 3346 habentibus
969 3277 1070 3345 firmis
1086 3279 1201 3344 damus
1211 3281 1244 3345 in
1254 3282 1422 3364 preceptis,
1430 3301 1514 3362 qua-

380 3398 474 3456 tenus
490 3389 676 3473 iobagiones
691 3393 813 3453 vestros
823 3387 865 3452 ad
875 3388 995 3454 dictam
1005 3388 1237 3472 possessionem
1253 3394 1397 3454 nostram
1413 3411 1516 3456 causa

381 3497 600 3565 commorandi
616 3499 725 3564 venire
741 3496 894 3576 volentes,
918 3495 1032 3562 habita
1048 3495 1184 3563 licencia
1202 3499 1352 3580 iustoque
1369 3501 1515 3584 terragio

382 3613 416 3673 et
431 3606 549 3674 debitis
568 3606 752 3692 persolutis,
777 3603 901 3688 absque
926 3605 1038 3688 aliquo
1054 3605 1283 3690 impedimento
1299 3607 1400 3672 libere
1423 3606 1514 3673 abire

382 3717 589 3802 permittatis,
612 3735 671 3782 nec
696 3714 730 3779 in
755 3715 834 3781 locis
859 3713 1054 3780 tributorum
1079 3720 1259 3780 vestrorum
1284 3737 1304 3780 a
1328 3715 1455 3800 populis
1471 3717 1515 3781 ad

383 3826 502 3894 dictam
518 3826 750 3911 possessionem
775 3829 918 3890 nostram
943 3823 1052 3889 venire
1076 3823 1257 3890 volentibus
1283 3823 1441 3890 tributum
1456 3823 1515 3890 ali·

386 3936 473 4018 quod
496 3936 643 4020 exigatis,
668 3936 719 4000 vel
744 3935 829 4018 exigi
847 3933 991 4014 faciatis3
1024 3953 1116 3999 secus
1142 3955 1205 3999 non
1230 3934 1359 4000 facturi.
1383 3932 1431 3999 Et
1454 3934 1515 3999 hec

384 4045 531 4110 volumus
555 4045 588 4108 in
613 4043 692 4108 foris
717 4047 750 4107 et
774 4041 853 4108 locis
878 4040 1015 4125 publicis
1046 4041 1155 4124 palam
1180 4041 1288 4107 facere
1311 4041 1516 4125 proclamari.

384 4152 511 4219 Datum
526 4151 629 4234 Bude,
640 4149 723 4215 feria
732 4153 823 4214 sexta
832 4149 979 4233 proxima
988 4155 1061 4234 post
1081 4148 1273 4214 dominicam
1284 4148 1515 4232 Reminiscere,

385 4281 470 4326 anno
486 4259 607 4327 domini
622 4256 798 4323 Millesimo
814 4255 912 4326 000ο
936 4255 1041 4322 ΧΙιΙῃο
1058 4258 1204 4344 septimo.

494 4384 646 4450 Hatlapjau
660 4400 677 4434 a
689 4383 791 4449 kirtlyi
804 4399 877 4451 nagy
887 4384 979 4448 pecstt
991 4386 1159 4451 nyomaival‚
1171 4386 1253 4452 ahoi,
1268 4399 1323 4450 ugy
1337 4386 1408 4435 uriut
1421 4399 1453 4434 az
1467 4385 1517 4433 ok-

385 4478 457 4528 19νὲ1
469 4478 545 4527 belslt
564 4475 622 4530 also
645 4475 737 4526 azeleu
759 4491 774 4525 e
796 4477 898 4526 szavak
920 4476 1102 4526 olvoshattk:
1122 4476 1236 4526 Relacio
1255 4476 1329 4527 Beke
1342 4475 1451 4526 comitis
1466 4475 1516 4524 ud·

386 4569 570 4618 varnicorum.
593 4565 732 4630 Eredetije
742 4582 774 4616 az
788 4581 857 4616 orez.
876 4568 908 4617 lt.
931 4567 1031 4616 kinost.
1054 4571 1121 4616 oszt.
1143 4567 1258 4617 Monial.
1280 4568 1314 4616 V.
1332 4567 1401 4618 Buri.
1417 4570 1458 4615 27.
1475 4570 1518 4615 12.

388 4657 454 4721 dipl.
467 4663 534 4707 oszt.
550 4661 627 4708 3890.
642 4656 742 4706 Kezli:
764 4655 872 4705 Kovacs
887 4657 921 4705 N.

872 4781 1032 4790 ----—-...
