3188 5476
609 495 702 556 1352.
721 512 794 554 arn.
814 496 863 556 24.

699 781 771 842 358.

161 943 259 1004 1352.
278 942 386 1021 Bada,
404 966 475 1028 apr.
501 943 554 1004 24.
581 942 692 1004 [storin
709 942 829 1028 szepcsi
844 945 874 1004 e's
890 945 999 1004 srirosi
1023 942 1152 1027 beroaeq
1178 965 1199 1004 α
1223 942 1293 1003 ber·

160 1055 301 1136 carycdqe
333 1051 389 1113 ala
420 1051 543 1112 tartozo'
573 1059 672 1114 bassae
703 1049 945 1134 bottisdpolcaok
980 1049 1182 1135 aaeqboppjo,
1213 1049 1295 1135 boqy

160 1159 365 1222 Lam-aocbac'
389 1159 500 1224 Jatal»
517 1158 608 1238 ‚ficit
640 1157 741 1242 addip
766 1160 832 1244 reip
857 1157 1094 1244 kiskoraedgulc
1120 1167 1197 1238 tort,
1224 1181 1291 1221 aen-

295 1267 360 1353 qolc
376 1267 423 1328 et(
436 1289 503 1350 merl
520 1289 556 1328 ne
572 1265 710 1344 irlezze'lc,
727 1289 742 1328 s
760 1265 933 1350 itqpeilcben
952 1288 987 1326 ne
1004 1266 1161 1350 a‘tefdjeaelc.

273 1427 458 1510 Stephanus
484 1427 547 1490 dux
573 1427 624 1491 dei
651 1427 761 1508 gracia
776 1433 862 1490 terre
880 1426 1100 1510 Soepusiensis
1124 1433 1158 1490 et
1182 1427 1221 1492 de
1238 1425 1296 1493 Sa·

158 1555 217 1598 rus
242 1584 248 1598 .
265 1586 271 1599 .
294 1535 451 1600 universis
468 1536 601 1618 prelatis
617 1534 791 1600 baronibus
808 1535 980 1599 comitibus
1004 1535 1189 1600 castellanis
1206 1535 1296 1600 nobi-

160 1643 249 1707 libus
266 1643 467 1720 officialibus‚
492 1665 549 1708 nec
566 1664 628 1708 non
646 1641 829 1707 civitatibus
846 1649 879 1707 et
894 1643 1004 1708 liberis
1021 1643 1105 1708 villis
1122 1665 1295 1726 eorumque

157 1751 343 1816 rectoribus
363 1752 523 1817 iudicibus
549 1759 582 1816 et
606 1751 730 1828 villicis
755 1751 1013 1835 generaliterque
1040 1751 1187 1816 omnibus
1213 1751 1294 1815 indi-

157 1858 252 1930 ,cibus
269 1865 303 1922 et
317 1860 502 1924 iusticiariis
519 1881 557 1924 ac
573 1881 684 1925 eorum
700 1861 782 1923 vices
800 1859 985 1942 gerentibus
1003 1859 1061 1924 sub
1077 1881 1135 1924 suo
1152 1859 1294 1924 dominio
1370 1927 1372 1932 ,

158 1987 217 2030 seu
234 1966 353 2030 ducatu
377 2016 404 2031 ..
430 1966 639 2031 existentibus
664 2019 692 2030 ..
716 1965 797 2031 Cum
823 1989 881 2032 nos
904 1967 1044 2032 Paulum
1061 1973 1094 2031 et
1110 1967 1294 2032 Johannem

157 2073 242 2137 lilios
259 2073 377 2138 ‹l'aeobi
393 2073 451 2137 filii
468 2073 492 2138 J
493 2074 629 2138 ohannis
646 2073 685 2138 de
701 2073 890 2140 Lamnooha
901 2095 1016 2156 pueros
1033 2075 1065 2138 in
1083 2080 1195 2138 tenera
1207 2081 1294 2139 etate

160 2181 363 2259 constitutos,
388 2181 427 2245 de
444 2181 642 2264 benignitate
669 2181 785 2260 ducali,
810 2183 914 2246 medio
939 2189 1083 2266 tempore
1102 2181 1202 2246 donec
1217 2183 1294 2264 legi·

158 2290 276 2352 timam
292 2287 498 2372 pervenirent
513 2289 554 2352 ad
570 2293 697 2365 etatem,
724 2296 760 2353 ut
784 2312 844 2372 pro
861 2311 894 2354 se
911 2291 988 2372 ipsis
1004 2292 1038 2354 in
1055 2291 1159 2354 causis
1185 2311 1294 2354 eorum

157 2395 292 2460 valeant
317 2397 519 2480 respondere,
545 2396 723 2462 aiudioatu
749 2403 781 2460 et
806 2397 1027 2462 iurisdicoione
1046 2403 1156 2462 vestra
1172 2417 1294 2461 exeme-

158 2507 271 2585 rimus,
296 2503 446 2570 fidelitati
471 2511 576 2570 vestre
601 2505 736 2568 firmiter
762 2505 965 2588 precipiendo
988 2505 1188 2586 mandamus,
1215 2525 1294 2587 qua·

158 2617 254 2675 tenus
272 2611 374 2677 dictos
391 2612 530 2678 Paulum
556 2619 589 2677 et
613 2611 638 2676 J
640 2613 799 2677 ohannem
823 2610 906 2676 filios
925 2611 951 2676 J
951 2611 1042 2677 acobi
1057 2611 1116 2676 filii
1131 2612 1156 2676 J
1158 2613 1293 2676 ohannis

157 2740 278 2802 pueros
294 2720 328 2784 in
345 2726 457 2786 tenera
474 2727 559 2785 etate
584 2721 784 2799 constitutos,
809 2721 915 2784 medio
931 2725 1076 2803 tempore
1100 2721 1200 2786 donec
1216 2720 1293 2802 legi-

158 2827 275 2892 timam
292 2829 497 2911 pervenirent
513 2829 554 2892 ad
570 2833 698 2902 etatem,
725 2835 760 2892 ut
785 2849 843 2911 pro
860 2849 893 2892 se
911 2829 989 2911 ipsis
1004 2829 1037 2892 in
1053 2829 1158 2894 causis
1182 2849 1293 2892 eorum

161 2937 296 3000 valeant
321 2938 522 3020 respondere,
549 2957 646 3018 super
662 2935 825 3018 aliquibus
850 2935 956 3000 causis
973 2944 1005 3001 et
1017 2959 1190 3002 causarum
1215 2938 1293 3000 arti·

159 3043 253 3120 culis,
270 3050 337 3108 tam
354 3043 474 3110 scilicet
490 3045 595 3109 causis
615 3045 710 3108 motis
727 3065 824 3126 quam
842 3045 1014 3121 movendis,
1031 3047 1172 3129 exceptis
1189 3046 1292 3109 causis

157 3157 304 3235 tempore
320 3153 424 3235 patris
441 3153 581 3234 ipsorum
606 3152 746 3216 iniciatis
771 3158 804 3215 et
828 3152 917 3216 novis
942 3152 1177 3235 possessionum
1203 3174 1293 3217 oceu-

158 3258 359 3341 pacionibus‚
376 3260 518 3326 iudicare
535 3261 585 3323 vel
605 3265 710 3323 vestro
727 3264 836 3323 astare
852 3259 1042 3342 compellere
1058 3259 1212 3324 iudicatui
1229 3280 1292 3322 non

158 3367 309 3432 audeatis
325 3375 356 3433 et
372 3389 436 3432 non
453 3368 688 3452 presumatis,
713 3368 798 3432 siout
823 3373 967 3432 nostram
993 3369 1135 3450 graciam
1152 3365 1293 3450 graviter

158 3473 322 3540 offendere
337 3477 572 3559 pertimescitis.
598 3475 722 3539 Datum
747 3475 848 3552 Bude,
874 3475 906 3538 in
933 3476 1014 3540 festo
1039 3476 1141 3540 sancti
1158 3471 1293 3555 Georgii

159 3583 316 3664 martiris,
326 3601 411 3648 anno
421 3585 542 3648 domini
552 3583 727 3648 Millesimo
737 3581 856 3648 COOm⁰
867 3584 1134 3666 quinquagesimo
1144 3581 1292 3646 seeundo.

269 3743 421 3806 Hatlspjien
452 3747 555 3809 gydrds
581 3743 673 3807 pecstt
698 3744 865 3808 nyomaival,
888 3759 904 3792 a
929 3743 1021 3806 pecstt
1054 3745 1125 3793 alatt
1151 3759 1165 3792 e
1191 3743 1292 3793 szsvak

158 3831 343 3881 olvashatok:
378 3833 549 3883 »commissio
575 3833 680 3882 domini
705 3833 782 3882 ducis
809 3834 921 3896 propria
946 3839 975 3882 et
999 3833 1101 3883 relacio
1127 3834 1233 3883 Nicolsi
1259 3833 1292 3880 de

157 3922 281 3985 Kubly«.
295 3923 434 3986 Eredetije
447 3939 479 3973 aa
493 3938 562 3972 orsz.
576 3926 607 3972 lt.
622 3923 720 3972 kinost.
735 3929 802 3972 oszt.
824 3925 857 3972 N.
880 3927 913 3974 R.
937 3925 970 3972 Α.
995 3929 1072 3974 1537.
1087 3929 1128 3972 5¹2.
1142 3923 1207 3984 dipl.
1223 3927 1291 3971 oszt.

158 4018 239 4062 4276.
253 4014 351 4064 Kozli:
367 4015 474 4064 Kovdcs
487 4016 520 4063 N.
