3138 5462
313 462 378 523 170
664 477 850 522 nnrounoni
867 464 1081 524 ouulnrrls.

305 643 389 724 dicte
405 639 655 723 posscssionaiie
672 640 939 705 reambulaeionis
956 646 990 704 ct
1006 642 1196 708 statncionis
1215 644 1331 707 scriem
1349 693 1355 707 .
1374 692 1381 705 .
1398 643 1438 706 ad

306 749 427 813 dictum
438 748 626 831 vigesimum
646 749 818 812 secundum
830 749 914 813 diem
931 748 1004 814 festi
1016 749 1102 814 beati
1119 749 1291 816 Michaelis
1302 752 1440 816 archan·

306 856 369 940 geli
379 862 489 939 partes
499 857 533 920 in
544 855 648 920 literis
659 858 773 921 vestris
783 856 875 921 nobis
891 864 1057 941 reportare
1067 842 1260 936 debuissent,
1271 859 1440 925 discussio·

305 981 367 1047 que
378 971 541 1048 reportate
553 965 646 1030 seriei
656 966 885 1048 premissorum
895 965 1361 1051 quibusdamprorogacionum
1368 991 1439 1034 can-

305 1074 381 1139 telis
399 1073 697 1158 supervenientibus
708 1073 749 1138 ad
765 1079 930 1158 presentes
941 1081 1070 1140 octavas
1080 1075 1143 1144 diei
1160 1074 1313 1141 Oinerum
1330 1098 1439 1161 prore·

306 1188 383 1265 gata
400 1182 587 1261 exstitisset,
597 1183 666 1264 ipso
677 1181 833 1264 siquidem
851 1182 987 1246 termino
1003 1190 1198 1262 occurrente,
1214 1181 1353 1250 Nicolao
1369 1183 1439 1248 lite·

305 1297 377 1356 rato
388 1313 446 1374 pro
457 1291 527 1375 ipso
543 1292 698 1373 magistro
714 1291 814 1354 Petro
830 1343 836 1355 .
853 1340 860 1354 .
877 1312 985 1356 coram
995 1291 1086 1355 nobis
1112 1298 1248 1370 astante,
1274 1292 1439 1376 predictus

305 1399 460 1466 Nicotaus
471 1399 556 1464 filius
567 1399 665 1483 Myle
675 1399 716 1463 ad
726 1403 869 1464 nostram
885 1400 1098 1482 personaliter
1114 1401 1294 1466 accedendo
1311 1421 1439 1485 presen-

304 1511 396 1588 ciam,
407 1507 517 1574 literas
527 1513 651 1573 vestras
661 1509 748 1591 regie
759 1508 926 1572 serenitati
936 1509 1109 1590 rescriptas
1121 1508 1221 1584 nobis,
1234 1509 1437 1594 presentavit

305 1619 513 1694 continentes,
524 1617 610 1700 iluod
622 1638 674 1682 vos
684 1595 820 1699 receptis
838 1617 1003 1698 premissis
1015 1615 1118 1686 literis
1139 1619 1266 1695 nostris,
1282 1639 1357 1682 cum
1369 1639 1437 1701 pre·

305 1723 1438 1806 dictoPetrofilioKahashomineregieexcellenciehatremEkardum

305 1857 405 1900 unum
421 1853 459 1898 ex
474 1833 562 1898 vobis
579 1833 620 1899 ad
631 1834 787 1916 premissa
802 1831 991 1915 exequenda
1001 1833 1251 1916 protestimonie
1264 1832 1438 1897 duxissetis

305 1941 596 2020 transmittendum,
608 1942 663 2025 qui
674 1942 802 2006 demum
819 1991 825 2005 .
842 1991 848 2004 .
866 1940 1052 2006 retulissent
1068 1962 1104 2005 eo
1114 1941 1216 2020 modo,
1227 1941 1312 2024 quod
1327 1941 1390 2023 ipsi
1406 1941 1438 2004 in

306 2050 457 2136 predictis
475 2050 643 2133 quindenis
659 2051 733 2116 festi
759 2049 846 2114 beati
871 2047 1041 2113 Michaelis
1057 2049 1244 2132 archangeli
1264 2049 1305 2114 ad
1325 2049 1438 2114 faciem

306 2159 391 2222 dicte
402 2158 583 2223 medietatis
599 2157 808 2240 possessionis
825 2155 958 2240 Wysalu
983 2158 1048 2222 alio
1064 2158 1191 2222 nomine
1216 2158 1299 2242 Poty
1320 2163 1438 2237 veeste,

307 2266 461 2332 ambabus
480 2265 628 2348 partibus
646 2265 850 2349 presentibus
866 2267 1081 2344 accessissent,
1101 2269 1282 2332 convocatis
1297 2265 1438 2350 legitimo

307 2375 418 2440 vicinis
429 2381 461 2439 ct
471 2375 696 2440 commetaneis
707 2375 863 2440 universis
874 2381 906 2438 et
915 2375 994 2456 ipsis
1004 2373 1438 2458 presentibussnpradictam

306 2483 514 2548 medietatem
523 2482 874 2567 possessionisWyfaln
884 2481 1169 2565 olionominePoty
1177 2483 1438 2566 recaptivassent,

307 2598 339 2654 et
354 2611 412 2674 per
428 2596 549 2654 veteres
567 2596 669 2655 metas
686 2598 718 2654 et
734 2612 831 2656 novas
849 2581 1115 2670 reambulasscnt,
1134 2591 1435 2672 rcarnbnlatumqne

307 2719 379 2762 curn
394 2699 456 2780 ipsi
473 2696 612 2764 Nicolao
628 2697 696 2762 filio
708 2697 807 2782 Myke
818 2698 879 2763 sub
890 2701 987 2764 certis
998 2700 1092 2764 metis
1109 2705 1252 2766 statuere
1263 2700 1438 2764 voluissent

308 2828 345 2870 eo
361 2807 430 2870 iure
455 2827 518 2889 quo
535 2805 576 2870 ad
602 2808 705 2890 ipsum
733 2807 954 2872 dinosceretur
979 2808 1141 2890 pertinere
1167 2815 1321 2891 perpetuo
1338 2807 1437 2891 possi-

306 2913 453 2994 dendam,
476 2913 606 2978 tandem
623 2912 772 2978 Andreas
788 2913 872 2980 filius
888 2915 1003 2980 Lanch
1019 2916 1158 2982 famulus
1175 2916 1323 3000 magistri
1343 2917 1434 2980 Petri

307 3022 525 3106 procuratoris
536 3021 655 3100 domini
667 3021 849 3107 Guyllerrni
859 3023 1033 3089 cardinalis
1050 3075 1056 3088 .
1072 3074 1078 3088 .
1094 3025 1308 3108 personaliter
1318 3024 1437 3088 ibidem

308 3131 452 3211 astando,
469 3131 502 3194 in
518 3131 698 3196 statucione
722 3133 962 3196 mensuracione
979 3139 1011 3197 et
1026 3133 1231 3198 estimacione
1256 3132 1438 3216 supradicte

308 3239 490 3303 medietatis
507 3239 714 3322 possessionis
730 3238 865 3324 Wyfalu
891 3241 954 3304 alio
981 3242 1107 3304 nomine
1123 3241 1206 3325 Poty
1221 3245 1342 3314 vocate,
1366 3261 1437 3304 con-

308 3345 464 3411 tradictor
489 3346 684 3428 exstitisset,
708 3347 792 3412 unde
817 3339 900 3430 quia¹
918 3356 1109 3432 procurator
1135 3349 1273 3432 predicti
1288 3348 1434 3431 magistri

309 3455 400 3520 Petri
417 3454 620 3520 medietatem
638 3455 721 3520 dicte
737 3456 945 3538 possessionis
961 3456 1096 3540 Wyfalu
1121 3457 1185 3521 alio
1211 3457 1338 3520 nomine
1354 3457 1438 3539 Poty

310 3569 428 3645 vocate,
452 3585 550 3646 quam
574 3565 701 3627 nomine
727 3564 806 3629 iuris
832 3566 908 3630 dicti
934 3563 1062 3628 Nicolai
1078 3563 1135 3629 filii
1152 3565 1250 3649 Mykc
1277 3566 1368 3628 iuxta
1384 3585 1437 3627 no·

310 3678 411 3737 stram
427 3671 627 3736 iudiciariam
644 3673 897 3737 commissionem
921 3672 1064 3756 legitime
1080 3671 1437 3757 debebatrecaptirari,

310 3786 451 3862 tempere
468 3780 731 3862 recaptivacionis
748 3780 889 3844 eiusdem
906 3787 1094 3864 postergato
1111 3787 1219 3845 nostro
1236 3781 1361 3857 iudicio,
1377 3802 1435 3844 nec

310 3910 496 3952 mensurare
512 3909 570 3953 nce
596 3888 696 3952 eciam
722 3891 874 3953 estimare
899 3889 1082 3973 permisisse
1107 3909 1146 3952 ex
1171 3888 1253 3952 serie
1279 3887 1437 3952 dictarum

309 3997 478 4062 literarum
509 4004 689 4062 vestrarum
721 3995 952 4082 reperiebatur,
983 3995 1055 4059 ideo
1086 3995 1222 4060 eundem
1247 3997 1437 4078 magistrum

310 4105 444 4170 Petrum
460 4128 518 4188 pro
533 4107 690 4188 premissa
715 4106 859 4171 indebita
884 4103 1103 4188 prohibicione
1128 4103 1257 4166 racione
1279 4123 1342 4168 non
1368 4123 1437 4186 per·

310 4214 470 4280 missionis
486 4215 738 4279 mensuracionis
749 4220 782 4278 et
798 4212 1013 4278 estimacionis
1030 4211 1280 4296 possessionarie
1297 4208 1319 4293 (.
1336 4263 1341 4276 .
1359 4260 1365 4274 .
1382 4209 1437 4294 .)te

310 4329 424 4387 contra
449 4323 763 4388 consuetudinarium
794 4317 962 4402 modum(
963 4367 1209 4382 ...........
1212 4315 1378 4402 >natarum
1404 4321 1435 4383 in

310 4429 446 4494 termino
471 4410 702 4512 reportaoionis
728 4431 821 4495 seriei
837 4427 1041 4512 infrascripte
1067 4433 1142 4490 ante
1166 4427 1235 4492 litis
1259 4427 1434 4509 ingressum

309 4537 519 4621 persolvendo
529 4539 698 4620 aggravari
715 4539 958 4615 committentes,
975 4535 1217 4618 predictamque
1233 4535 1436 4599 medietatem

309 4643 393 4709 dicte
408 4645 618 4729 possessionis
634 4645 767 4729 Wylaln
784 4645 848 4710 alie
864 4646 991 4709 nomine
1016 4644 1098 4726 Poty
1117 4649 1228 4708 vocate
1253 4643 1435 4708 iterator-e·
