3226 5462
379 437 419 504 1e
513 412 517 422 „
735 447 921 502 nuroovoru
938 432 1150 499 ouuiur'riu.

377 619 455 686 dicti
472 620 531 686 lilii
547 618 680 702 Georgii
697 623 731 682 et
755 639 865 682 eorum
890 639 1088 683 successores
1113 615 1236 696 absque
1261 615 1347 680 dieto
1372 609 1512 679 Nicolao

378 730 445 794 filio
461 728 580 795 Briccii
599 734 631 792 et
647 727 722 791 filiis
739 727 871 793 Leukus
881 724 1103 790 coheredibus
1119 726 1264 810 ipsorum
1279 724 1513 807 magistrorum

376 836 538 902 Johannis
558 841 591 900 et
615 834 743 900 Nicolai
760 855 799 898 ac
813 832 953 898 filiorum
970 831 1112 914 Leukus,
1128 833 1269 916 propriis
1285 853 1396 898 eorum
1421 831 1513 896 labo-

377 944 469 1010 ribus
502 950 535 1008 et
566 943 724 1026 expensis,
754 939 919 1024 vigoribus
950 939 1110 1006 dictorum
1142 943 1432 1004 instrumentorum
1464 939 1512 1002 eis

377 1053 529 1117 datorum
546 1055 772 1116 conservarent
791 1047 952 1126 eomodo,
968 1047 1054 1129 quod
1070 1049 1096 1112 ei
1113 1047 1147 1112 in
1172 1048 1231 1112 lite
1248 1039 1512 1130 dictapossessio

376 1160 547 1246 Zanynlaw
572 1181 592 1225 a
616 1159 710 1224 dictis
736 1157 812 1222 filiis
844 1155 980 1240 Georgii
1010 1157 1165 1240 temporis
1189 1158 1223 1222 in
1248 1177 1399 1240 processu
1424 1157 1513 1220 iusto

375 1268 546 1334 iudiciario
562 1268 672 1333 ordine
682 1287 740 1350 per
752 1267 936 1348 quempiam
950 1266 1161 1350 optineretur,
1177 1271 1210 1331 et
1222 1266 1332 1350 vigore
1348 1265 1512 1332 dictorum

375 1377 665 1442 instrumentorum
685 1375 723 1438 in
748 1373 834 1439 facto
864 1375 967 1456 ipsius
998 1375 1208 1456 possessionis
1234 1373 1405 1460 Zanynlaw
1435 1395 1511 1438 con·

375 1485 534 1550 factorum
550 1481 721 1566 prescripti
737 1481 797 1546 filii
817 1478 952 1564 Georgii
978 1502 1167 1546 conservare
1192 1489 1224 1546 et
1249 1480 1420 1546 defendere
1444 1501 1511 1544 non

328 1594 330 1604 ⁴
374 1595 528 1672 valerent,
555 1598 671 1658 extunc
696 1591 782 1656 dicta
813 1591 922 1674 porcio
953 1589 1138 1656 eorumdem
1170 1590 1311 1655 filiorum
1331 1589 1451 1654 Bricoii
1477 1596 1512 1652 et

377 1703 511 1769 Leukos
527 1703 561 1768 in
578 1709 735 1768 annotata
750 1701 950 1768 dimidietate
975 1701 1186 1782 possessionis
1205 1701 1290 1766 Lete
1305 1720 1364 1782 per
1379 1719 1512 1781 presen-

337 1809 339 1812 ’
376 1821 442 1880 tem
458 1813 644 1879 divisionem
661 1813 706 1877 eis
723 1812 882 1890 devoluta,
907 1812 985 1894 ipsis
1002 1809 1078 1875 filiis
1095 1807 1230 1894 Georgii
1256 1815 1289 1875 et
1313 1830 1423 1874 eorum
1440 1829 1511 1872 suc-

375 1919 554 1988 cessoribus
585 1919 807 1985 devolveretur
837 1939 897 2002 pro
927 1919 1128 2000 possessione
1155 1917 1327 2002 Zanyzlew
1352 1922 1511 1983 annotata

375 2035 533 2113 perpetuo
548 2029 750 2112 possidenda.
768 2028 888 2095 Omnes
904 2034 1015 2094 autem
1031 2027 1094 2093 alie
1112 2028 1366 2110 possessionarie
1380 2026 1510 2091 divisio-

379 2160 437 2205 nes
453 2138 539 2204 inter
554 2160 608 2204 eos
623 2138 707 2206 facte
727 2145 759 2204 et
773 2139 893 2218 habite,
917 2137 1120 2204 irrevocabili
1144 2138 1324 2204 stabilitate
1349 2142 1510 2221 perpetuo

380 2249 604 2330 perdurarent
643 2250 727 2314 Item
759 2249 969 2332 possessionis
1003 2248 1117 2314 Korul
1147 2255 1258 2314 vocate
1288 2249 1322 2313 in
1352 2253 1510 2327 annotato

374 2360 533 2424 comitatu
563 2358 804 2424 Zathmariensi
835 2359 921 2424 circa
952 2359 1050 2424 aliam
1090 2359 1323 2442 possessionem
1358 2357 1511 2423 similiter

374 2467 489 2534 Korwl
506 2475 728 2552 nuncupatam
745 2489 764 2532 a
779 2474 873 2551 parte
888 2467 1092 2533 meridionali
1117 2467 1294 2546 existentis,
1314 2487 1413 2548 quam
1428 2465 1510 2531 dicti

373 2574 433 2639 lilii
449 2574 572 2642 Briccii
597 2575 837 2641 aserenissimo
863 2575 1025 2657 quondam
1052 2575 1199 2658 principe
1225 2575 1353 2640 domino
1378 2573 1508 2642 Karolo

372 2683 498 2765 pridem
523 2703 599 2767 rege
625 2684 797 2768 Hungarie
822 2683 942 2749 illustri
967 2682 1098 2748 domino
1122 2689 1232 2749 nostro
1248 2681 1506 2764 acquisivissent,

373 2797 411 2855 ut
426 2790 587 2870 dixerunt,
604 2793 667 2858 due
683 2797 793 2875 partes
803 2792 882 2876 ipsis
892 2793 1058 2876 magistris
1075 2793 1099 2857 J
1101 2792 1221 2858 ohanni
1231 2798 1264 2858 et
1274 2791 1412 2857 Nicolac
1427 2789 1507 2854 filiis

371 2900 502 2981 Briccii‚
527 2899 704 2966 Benedicto
729 2907 763 2964 et
787 2901 885 2966 Petro
910 2900 986 2965 filiis
1008 2900 1142 2966 Lenkus
1167 2901 1378 2978 devenissent,
1402 2897 1507 2964 tercia

370 3029 445 3074 vero
462 3030 539 3092 pars
553 3009 648 3075 dictis
659 3008 734 3074 filiis
744 3007 878 3094 Georgii
889 3010 1037 3076 cessisset
1054 3009 1205 3074 similiter
1220 3009 1255 3074 in
1270 3007 1355 3074 filios
1371 3028 1505 3072 suorum

371 3116 512 3183 filiorum
537 3117 738 3183 etheredum
763 3139 821 3201 per
844 3117 978 3182 heredes
1003 3123 1159 3200 perpetuo
1184 3116 1386 3200 possidenda.
1409 3112 1504 3198 Quas

374 3226 506 3308 quidem
516 3227 732 3310 possessiones
748 3231 781 3290 et
796 3227 1065 3310 possessionerias
1075 3228 1242 3310 porciones
1253 3227 1286 3291 in
1296 3224 1504 3309 presentibus

372 3334 563 3400 nominatim
588 3333 778 3416 declaratas,
794 3333 945 3416 prelibati
969 3333 1028 3398 filii
1054 3331 1189 3418 Georgii
1214 3356 1273 3418 pro
1298 3333 1445 3417 plenaria
1469 3340 1506 3397 et

372 3441 555 3506 omnimoda
571 3441 726 3506 divisione
741 3443 775 3506 in
792 3463 867 3506 suas
883 3443 1051 3524 porciones
1066 3443 1259 3525 recipientes
1283 3447 1505 3524 acceptarunt,

372 3549 419 3613 nil
435 3549 524 3626 iuris,
551 3550 598 3614 nil
622 3551 840 3632 proprietatis,
865 3549 1011 3631 nihilque
1036 3551 1217 3631 queseionis
1242 3549 1292 3615 vel
1317 3549 1414 3633 litigii
1438 3549 1503 3631 ipsi

372 3655 431 3721 filii
457 3654 591 3741 Georgii
617 3657 745 3722 sibimet
768 3657 848 3740 ipsis
873 3657 922 3722 vel
949 3677 1059 3724 eorum
1084 3657 1256 3724 heredibus
1273 3706 1279 3722 .
1296 3707 1303 3722 .
1319 3656 1415 3722 titulo
1431 3677 1502 3738 pre-

370 3763 467 3830 misse
482 3767 731 3848 possessionarie
748 3765 913 3849 divisionis
930 3768 963 3832 in
979 3767 1096 3832 ceteris
1114 3765 1368 3856 possessionibus
1388 3765 1501 3847 quovis

370 3872 498 3938 nomine
523 3874 679 3953 vocitatis,
703 3873 753 3939 vel
779 3873 997 3956 qualicunque
1022 3875 1119 3941 titulo
1144 3873 1266 3940 habitis
1291 3881 1326 3939 et
1349 3873 1500 3956 optentis,

371 3981 458 4046 intra
473 3982 626 4047 terminos
643 3983 733 4066 regni
743 3981 914 4066 Hungarie
931 3982 1148 4065 qualicunque
1163 3983 1259 4048 titulo
1275 3983 1362 4066 ipsos
1378 3983 1500 4047 eontin-

371 4088 528 4173 gentibus,
544 4096 642 4172 prout
657 4089 791 4156 inferius
809 4091 990 4174 expressius
1006 4091 1200 4170 declaratur,
1217 4092 1331 4157 amodo
1346 4091 1379 4156 in
1396 4095 1500 4172 poste-

370 4218 443 4261 rum
459 4205 665 4262 reservantes.
691 4197 809 4279 Sieqne
825 4198 875 4263 ius
891 4205 1082 4281 patronatus
1098 4200 1286 4264 monasterii
1306 4200 1449 4281 ipsorum
1465 4199 1500 4262 in

371 4304 492 4369 bonore
516 4305 619 4368 sancti
636 4304 726 4369 Petri
751 4304 891 4387 apostoli
907 4305 941 4369 in
957 4304 1086 4371 Sarwar
1101 4307 1134 4370 in
1160 4307 1316 4371 comitatu
1342 4304 1495 4370 Zathma-

369 4411 469 4476 riensi
494 4413 677 4490 constructi,
708 4418 851 4478 castrum
876 4413 1029 4496 ipsorum,
1055 4415 1201 4479 universe
1228 4415 1444 4496 possessiones
1465 4420 1499 4478 et

372 4521 621 4601 possessionsrie
637 4523 804 4603 porciones
821 4542 930 4586 eorum
957 4541 1149 4602 quocunqne
1166 4524 1295 4588 nomine
1311 4523 1448 4586 vocitata
1466 4528 1500 4585 et

369 4627 455 4724 ¹intra
480 4635 583 4691 metas
608 4630 698 4709 regni
724 4629 897 4711 Hungarie
924 4631 955 4693 in
983 4649 1175 4710 quoeunque
1200 4631 1357 4694 comitatu
1383 4629 1495 4694 habite
