3138 5462
384 503 447 570 114
730 505 1147 567 1116116116111111111.
1170 485 1175 490 ’

380 682 600 767 Hegesomlay
616 682 657 746 ab
674 704 739 748 una
754 689 855 768 parte,
872 689 904 748 et
914 683 1067 748 Mathone
1083 679 1169 746 filius
1180 679 1327 745 Tiburcii
1343 681 1382 746 de
1398 680 1497 744 eadem

383 814 421 858 ex
433 792 537 858 altera
553 813 661 857 coram
677 791 771 856 nobis
788 841 795 855 .
811 841 818 856 .
835 790 999 856 constitut'
1018 840 1025 854 .
1042 841 1048 856 .
1065 797 1141 854 sunt
1157 788 1301 872 confessi,
1318 789 1404 872 quod
1415 813 1499 874 super

385 900 480 966 factis
495 907 666 982 terrarum,
683 901 829 965 videlicet
852 899 989 964 sedecim
1005 899 1118 982 iugera
1135 919 1198 980 que
1223 898 1360 964 condam
1374 899 1496 964 median·

384 1009 470 1074 tibus
487 1007 613 1073 literis.
631 1058 638 1072 .
655 1007 790 1092 capituli
817 1007 1024 1073 Oastriferrei
1049 1006 1215 1074 Salomoni
1240 1005 1307 1071 filio
1326 1006 1457 1072 Dionisii
1471 1015 1499 1072 61

384 1117 490 1180 Paulo
506 1115 573 1180 filio
590 1115 733 1182 eiusdem
750 1138 770 1180 a
785 1116 901 1180 comite
918 1113 1107 1180 Alexandro
1124 1115 1327 1194 devenerant,
1344 1115 1499 1180 6111111616

385 1225 526 1308 quinque
552 1226 665 1306 iugera
689 1230 851 1289 terrarum
876 1245 939 1307 que
964 1231 1039 1289 sunt
1066 1229 1181 1308 suptus
1213 1223 1339 1289 vineam
1370 1224 1499 1288 eiusdem

386 1333 576 1415 Salomonis,
589 1333 651 1416 ipsi
668 1331 842 1411 Salomoni,
852 1333 956 1397 Paulo
971 1331 1037 1398 filio
1048 1354 1106 1398 suo
1116 1332 1166 1396 161
1182 1331 1284 1397 altero
1301 1332 1403 1398 Paulo
1417 1332 1498 1396 fratri

386 1463 444 1506 suo
460 1463 479 1506 a
496 1439 661 1524 Stephano
677 1447 711 1505 et
725 1440 888 1506 Michaele
913 1439 988 1504 filiis
1004 1441 1147 1506 Emerici
1163 1441 1196 1503 in
1213 1439 1430 1506 concambium
1445 1439 1501 1504 lue·
1556 1499 1557 1502 ,

387 1555 461 1614 rant
491 1548 707 1614 mediantibus
738 1549 841 1612 literis
873 1549 1017 1612 eiusdem
1042 1549 1176 1632 capituli
1208 1549 1375 1630 devoluta,
1405 1549 1501 1614 taliter

387 1657 642 1735 concordassent,
668 1657 754 1737 quod
779 1657 856 1740 quia
880 1664 954 1741 post
978 1657 1143 1723 decessum
1169 1658 1311 1722 eiusdem
1337 1658 1503 1723 Salomonis

386 1773 419 1830 61
442 1765 580 1830 aliorum
605 1764 824 1848 predictorum
851 1765 961 1830 eedem
986 1772 1070 1830 terre
1097 1766 1226 1830 racione
1252 1766 1460 1849 proximitatis
1475 1773 1503 1830 61

389 1873 695 1958 consanguineitatis
711 1873 790 1956 ipsis
806 1873 1017 1952 devenissent,
1043 1879 1076 1938 61
1091 1897 1177 1938 1116
1201 1873 1306 1957 litigio
1331 1874 1372 1938 ab
1396 1874 1503 1938 illicitis

290 2013 294 2024 ι
391 1980 612 2046 detentoribus
628 1980 756 2045 auferre
773 1981 961 2058 niterentur,
982 2001 1043 2064 que
1070 1981 1268 2046 sinehabere
1287 1989 1441 2066 poterunt,
1464 1981 1505 2046 di·

388 2088 589 2153 midietatem
605 2087 792 2152 earumdem
803 2087 949 2171 predicto
959 2087 1103 2164 Matheo,
1115 2087 1213 2152 aliam
1223 2110 1298 2153 1616
1310 2089 1501 2154 medietatem

389 2196 562 2261 Dominico
578 2202 611 2260 et
626 2195 794 2260 Demetrio
819 2195 972 2278 predictis
999 2195 1217 2274 collocassent,
1234 2201 1267 2260 et
1283 2197 1369 2262 inter
1384 2219 1415 2262 se
1429 2197 1505 2260 61111-
1557 2249 1558 2270 ,

394 2309 533 2382 nossent,
559 2304 621 2368 hoc
645 2323 805 2385 expresso,
837 2302 923 2386 quod
949 2304 976 2368 si
992 2303 1078 2367 idem
1103 2304 1256 2370 Matheus
1273 2355 1279 2368 .
1298 2355 1304 2368 .
1321 2303 1436 2369 eisdem
1450 2303 1505 2366 Do
1557 2319 1558 2368 3

390 2412 509 2476 minico
525 2418 557 2476 et
573 2409 741 2475 Demetrio
757 2431 814 2475 sex
829 2432 955 2475 marcas
971 2459 999 2474 ..
1017 2411 1138 2476 solvere
1154 2413 1282 2494 poterit,
1298 2419 1412 2476 extunc
1426 2412 1505 2475 illam

391 2519 623 2584 dimidietatem
649 2537 746 2601 quam
770 2518 889 2583 habere
915 2517 1142 2602 dinosceretur,
1167 2518 1303 2586 Matheo
1328 2521 1465 2604 predicto
1479 2527 1505 2582 61

392 2629 457 2692 suis
484 2625 657 2692 heredibus
682 2632 839 2709 perpetuo
871 2625 1096 2709 possidendam
1131 2629 1343 2711 resignarent,
1376 2649 1430 2692 neo
1456 2628 1506 2690 hoc

392 2735 608 2816 pretermisso,
624 2734 709 2817 quod
725 2734 804 2817 ipsis
821 2735 925 2800 causis
936 2735 1147 2817 procedendis
1163 2757 1337 2820 expensam
1354 2757 1446 2817 quam
1462 2736 1507 2798 ha-

392 2841 521 2905 buerint
538 2841 587 2906 161
603 2842 825 2925 expenderint,
841 2843 976 2908 terciam
992 2849 1119 2926 partem
1143 2844 1228 2908 idem
1253 2845 1417 2924 Matheus,
1439 2845 1507 2908 duas

393 2971 467 3013 1616
482 2955 592 3033 partes
607 2948 798 3014 Dominicus
824 2956 857 3014 et
881 2949 1068 3016 Demetrius
1094 2952 1273 3034 supradicti
1289 2952 1367 3016 dare
1382 2951 1422 3016 ad
1437 2952 1503 3015 1111-

394 3077 461 3120 cern
480 3057 692 3138 tenebuntnr;
715 3058 775 3123 hoc
791 3059 894 3124 eciam
910 3079 1071 3142 expresso,
1089 3060 1175 3140 quod
1191 3061 1219 3124 si
1235 3060 1321 3125 idem
1337 3059 1508 3125 Demetrius
1558 3123 1559 3136 ,

393 3165 426 3227 11
443 3165 637 3246 exequendis
654 3167 755 3250 ipsius
771 3163 853 3250 (igy)
870 3167 976 3232 causis
992 3166 1025 3230 in
1042 3167 1160 3233 iudicio
1187 3168 1273 3249 quod
1298 3168 1384 3232 absit
1408 3187 1510 3250 aggra-
1558 3161 1559 3232 ἶ

394 3272 463 3336 vari
495 3273 669 3356 contingat,
701 3273 883 3357 sepedictus
914 3273 1069 3339 Matheus
1100 3276 1235 3340 terciam
1267 3285 1394 3360 partem
1425 3296 1508 3356 quam
1558 3329 1559 3364 3

395 3381 548 3444 assumsit
574 3381 695 3445 solvere
708 3382 900 3464 ·tenebitur;
925 3383 1092 3466 completis
1109 3391 1217 3449 autem
1244 3392 1277 3450 61
1301 3383 1510 3449 determinatis

396 3486 474 3570 ipsis
491 3487 604 3567 causis,
621 3489 729 3554 omnia
744 3490 960 3554 instrumenta
976 3492 1003 3554 si
1020 3511 1084 3571 qua
1101 3493 1134 3556 in
1149 3492 1243 3557 factis
1269 3513 1438 3557 causarum
1454 3511 1511 3574 pre·

396 3594 555 3658 dictarum
571 3595 752 3678 habuerint,
778 3597 881 3662 eidem
906 3599 1042 3664 Matheo
1058 3597 1136 3663 dare
1153 3606 1186 3664 61
1202 3600 1347 3666 conferre
1372 3599 1511 3665 tenebun-

396 3708 457 3765 tur.
491 3701 615 3768 Datum
641 3705 675 3768 in
700 3705 781 3770 sesto
811 3705 900 3771 beati
925 3706 1098 3772 Laurencii
1123 3709 1273 3792 martiris,
1297 3731 1382 3773 anno
1406 3705 1512 3774 domini

397 3807 449 3872 M⁰
473 3807 592 3877 Occu
609 3811 714 3878 XL¹²¹⁰
730 3814 875 3896 septime.

507 3955 660 4018 Hatlapjan
678 3958 769 4020 penset
782 3959 941 4021 nyomaival
953 3960 1093 4024 ,eredetije
1104 3962 1301 4026 Keszthelyen‚
1314 3977 1331 4010 a
1344 3961 1510 4024 gerannus

400 4057 435 4089 cs.
451 4042 587 4108 lttraban,
602 4061 618 4093 a
635 4047 768 4096 »Familia
782 4047 909 4110 Ujkohas·
925 4052 1098 4114 csouragban.
1114 4051 1153 4099 Aa
1168 4052 1353 4100 elcuohuabau
1366 4065 1400 4098 az
1419 4051 1512 4098 evezam

399 4131 515 4182 hibasan
531 4136 774 4187 1117-1611161611
