3180 5470
368 579 434 639 434
735 592 913 636 ossounom
931 576 1134 634 onulsrrlin.

368 754 539 820 evidenter.
556 752 680 816 Datum
692 749 803 833 Agrie,
816 752 848 814 in
858 751 909 814 die
920 751 1082 828 Oinernm,
1093 771 1178 814 anno
1188 745 1309 813 domini
1321 743 1395 809 M¹¹¹⁰
1404 746 1488 814 (200⁰

371 863 639 948 quinquagesimo
656 861 769 944 primo.

373 1023 392 1050 1·
477 1007 629 1071 Hdtlapjcin
652 1007 699 1056 ket
722 1005 814 1070 pecset
838 1005 1040 1068 tdredekeirel;
1064 1003 1195 1068 credetije
1217 1018 1249 1053 az
1275 1017 1345 1052 orsz.
1359 1001 1487 1051 ltkiocu.

371 1105 439 1150 oszt.
453 1101 487 1149 N.
501 1102 534 1150 R.
548 1101 581 1149 Α.
598 1103 674 1148 1537.
689 1103 732 1149 42.
746 1097 813 1162 dipl.
829 1103 896 1147 oszt.
910 1102 989 1148 4177.
1009 1095 1108 1146 Kczti:
1123 1097 1232 1146 Kovaos
1245 1097 1279 1145 N.

900 1472 974 1531 270.

374 1645 467 1706 1351.
485 1651 576 1704 creari.
596 1640 645 1703 10.
674 1638 702 1702 A
720 1637 822 1700 lelesza'
836 1647 964 1700 celaverit
989 1635 1059 1700 ella
1076 1635 1181 1700 Szc'csi
1191 1634 1361 1716 Ldszlcific
1391 1635 1492 1699 Tenuis

371 1747 658 1832 hermachoapdval
683 1745 906 1830 mepcslce't'azilc,
922 1746 1001 1830 hopy
1017 1767 1080 1806 scm
1098 1750 1125 1810 ὅ.
1143 1767 1207 1808 sem
1223 1745 1363 1808 teste-emi
1379 1742 1492 1828 Milolp

373 1861 404 1923 e's
431 1857 554 1934 Ldszlo',
570 1879 590 1918 a
616 1853 741 1938 Laiuyac'
760 1851 871 1917 Jacob
894 1853 925 1915 c‘s
951 1853 1133 1915 Beuchcoch
1151 1851 1218 1932 fici
1243 1851 1324 1916 ciltal
1342 1851 1494 1938 parroszolt

462 1961 734 2028 hatulmaslcodcist
748 1961 858 2046 Lduya
873 1967 953 2023 accit
973 1959 1113 2024 birlolcou
1131 1959 1160 2023 el
1174 1983 1243 2023 ocra
1259 1959 1407 2024 tanecel.

480 2150 550 2216 Nos
567 2155 740 2216 conventus
767 2147 956 2213 monasterii
975 2153 1085 2212 sancte
1102 2148 1207 2212 crucis
1223 2148 1262 2211 de
1279 2147 1376 2212 Lelez
1392 2147 1493 2211 damus

373 2283 432 2346 pro
448 2261 610 2336 memoria,
622 2257 710 2341 quod
727 2277 799 2322 cum
818 2259 908 2320 iuxta
926 2257 1162 2320 continenciam
1177 2254 1365 2322 literarum.
1388 2304 1394 2318 .
1413 2257 1495 2320 comi·

375 2371 417 2434 tis
434 2367 557 2433 Thome
583 2367 696 2430 iudicis
722 2365 832 2428 curie.
859 2411 865 2424 .
898 2362 1039 2428 Thomas
1065 2361 1152 2427 filius
1178 2363 1324 2428 Ladislai
1345 2362 1384 2426 de
1401 2361 1495 2426 Zeech
1574 2375 1575 2434 ζ

377 2481 491 2542 contra
506 2473 532 2538 J
532 2473 668 2539 acohum
694 2471 796 2536 filium
817 2471 842 2537 J
843 2470 935 2536 acohi
952 2470 990 2534 dc
1007 2469 1121 2554 Lonya
1137 2491 1174 2534 ac
1190 2471 1383 2536 Ladislaum
1406 2469 1496 2534 filium

375 2605 476 2664 suum,
505 2579 683 2665 Georgium
708 2585 742 2644 et
765 2578 950 2645 Johannem
983 2578 1066 2644 filios
1098 2577 1289 2644 ¹Benehench
1318 2580 1359 2644 cle
1390 2579 1497 2643 eadem.

374 2693 476 2757 tercio
493 2711 526 2754 se
543 2687 704 2754 nobilibus
721 2687 782 2751 sibi
797 2686 956 2752 similibus
974 2689 1006 2751 in
1022 2687 1143 2751 octaris
1160 2687 1225 2751 diei
1236 2685 1390 2750 Cinerum
1403 2707 1497 2750 corani

375 2798 467 2864 nohis
485 2818 581 2880 super
598 2798 726 2861 accione
744 2795 877 2860 inferius
894 2794 1089 2860 declaranda
1110 2801 1348 2860 sacramentum
1366 2799 1497 2878 prestare

377 2907 549 2976 debuisset,
575 2907 705 2970 tandem
746 2906 824 2987 ipsis
856 2906 975 2970 octavis
1017 2903 1268 2972 occurrentibus.
1294 2922 1497 2986 prememora-

379 3022 433 3080 tus
467 3013 608 3079 Thomas
643 3013 682 3076 de
714 3012 821 3077 Zeech
861 3013 902 3077 ad
935 3017 1079 3076 nostram
1119 3011 1275 3076 veniendo
1301 3012 1499 3094 presenciam.

377 3143 449 3188 cum
476 3117 765 3204 (conius-a)toribus
791 3120 867 3196 suis,
884 3119 1006 3184 scilicet
1022 3120 1122 3184 tercio
1148 3140 1181 3183 se
1205 3115 1379 3194 nobilibus,
1403 3139 1499 3183 corani

376 3227 469 3292 nohis
493 3229 613 3292 iuravit
635 3231 673 3290 ut
698 3225 835 3290 debehat
859 3245 955 3308 super
981 3247 1028 3301 eo,
1044 3225 1130 3306 quod
1156 3226 1224 3308 ipse
1248 3246 1287 3288 ac
1312 3223 1500 3291 Michaelet

377 3335 550 3402 Ladislaus
566 3334 685 3400 fratres
702 3335 752 3398 sui
768 3333 850 3398 scria
874 3339 993 3414 quarta
1017 3336 1165 3416 proxima
1179 3339 1254 3417 post
1279 3331 1399 3398 festum
1424 3335 1502 3398 beati

377 3443 550 3509 Michaelis
565 3441 760 3525 archangeli,
780 3443 872 3506 cuius
889 3462 974 3506 nunc
990 3446 1110 3521 quarta
1124 3441 1328 3523 preteriisset
1353 3441 1503 3508 revolucio

378 3551 535 3629 annualis,
552 3551 594 3616 ad
611 3551 790 3634 predictam
816 3550 1049 3632 possessionem
1066 3549 1179 3631 Lonya
1198 3553 1345 3614 vocatam
1371 3571 1444 3613 curn
1469 3549 1505 3612 sd

378 3681 412 3726 se
427 3658 666 3744 pertinentibus
691 3658 917 3742 potencialiter
939 3680 1003 3724 non
1019 3659 1189 3734 venissent
1206 3676 1264 3722 nec
1291 3658 1373 3722 duos
1400 3676 1507 3739 greges

378 3790 551 3854 porcorum
567 3769 600 3830 iu
617 3768 728 3832 eadem
745 3767 845 3848 recipi
871 3767 1030 3846 fecissent,
1047 3787 1107 3831 nec
1122 3785 1160 3829 ex
1177 3767 1297 3830 eisdem
1314 3764 1464 3830 meliores
1480 3771 1508 3826 et
1573 3755 1574 3794 ³

377 3876 564 3958 pinguiores
594 3897 653 3958 pro
678 3895 712 3938 se
737 3873 884 3957 eligendo
913 3873 956 3938 ad
984 3875 1217 3956 possessionem
1245 3875 1392 3956 ipsorum
1410 3871 1509 3954 Zac-hy

378 3984 585 4067 pepulissent,
602 4004 661 4047 nec
679 3983 780 4046 eciam
799 3987 923 4065 segetes
941 3981 1119 4048 addictam
1145 3983 1381 4064 possessionem
1400 3982 1510 4066 Lonya

379 4093 577 4174 pertinentes
597 4113 656 4174 per
673 4093 822 4174 equacias
848 4092 991 4174 ipsorum
1017 4091 1154 4158 distrahi
1172 4097 1205 4156 et
1220 4089 1399 4156 annihilari
1424 4089 1513 4154 fecis·

381 4207 461 4277 sent,
478 4199 542 4266 imo
560 4203 592 4266 in
608 4201 702 4267 totali
721 4203 874 4268 accione.
900 4253 907 4268 .
939 4201 1098 4268 dictorum
1118 4199 1274 4267 nobilium
1291 4199 1330 4264 de
1347 4199 1463 4282 Lonya
1483 4251 1490 4264 .
1509 4249 1514 4262 .

380 4310 524 4374 insontes
541 4311 704 4374 existant.
731 4361 737 4375 .
770 4315 802 4374 et
818 4308 938 4392 prefati
957 4307 1118 4392 Georgius
1134 4314 1168 4372 et
1182 4307 1208 4374 J
1209 4307 1354 4372 ohannes
1371 4312 1442 4372 tam
1459 4328 1517 4372 sua

380 4437 477 4497 quam
502 4417 652 4500 magistri
668 4415 693 4480 J
694 4415 812 4482 acohus
830 4423 862 4481 et
877 4416 1051 4482 Ladislaus
1067 4416 1153 4482 filius
1169 4415 1312 4481 eiusdem
1337 4415 1518 4498 personali·

381 4531 432 4589 ter
463 4531 692 4608 comparentes,
725 4526 829 4607 ipsum
846 4525 1062 4590 iuramentum
1093 4525 1243 4590 viderunt
1270 4529 1303 4588 et
1332 4525 1519 4590 audierunt

383 4631 507 4696 Datum
523 4634 557 4696 in
573 4634 715 4697 crastino
740 4632 966 4698 iuramentalis
993 4632 1207 4716 deposicionis
1232 4630 1407 4712 antedicta,
1434 4653 1522 4698 anno

382 4737 504 4803 domini
520 4737 573 4802 Μ0
583 4739 759 4807 00001,ΜΟ
776 4739 888 4824 prime.
