3180 5466
357 517 420 578 540
726 539 903 580 ,turiurnonr
921 526 1123 580 ouulnrrn'r..

356 696 441 776 quod
458 697 485 758 si
501 694 585 758 idem
604 682 788 778 Stephanus
799 703 920 760 rectam
933 696 1165 761 dimidietatem
1181 698 1390 780 possessionis
1402 698 1478 762 Has·
1573 709 1574 738 ³

355 805 419 870 dad
444 825 463 868 a
488 802 625 868 Nicolao
651 811 683 868 et
707 803 732 868 J
734 805 859 870 ohanne
885 805 1079 888 supradictis
1105 825 1164 889 pro
1189 813 1284 872 tanta
1300 807 1476 889 quantitate

355 913 489 994 pecunie
505 913 662 977 redimere
673 915 793 996 poterit
809 919 841 977 ot
857 914 986 992 valebit
999 913 1094 978 iidem
1112 914 1267 980 Nicolaus
1278 915 1340 980 etl
1346 916 1478 980 ohannes

356 1018 473 1084 debent
490 1026 521 1084 et
537 1025 688 1084 tenentur
705 1023 772 1086 sine
792 1024 879 1086 omni
905 1023 1070 1088 occasione
1096 1023 1270 1106 resignare,
1295 1021 1479 1105 obligamine

356 1128 414 1192 tali
432 1127 591 1211 imposito,
609 1129 694 1212 quod
711 1130 738 1194 si
753 1131 787 1194 in
804 1130 925 1213 profixo
941 1131 1079 1196 termino
1094 1131 1177 1195 idem
1203 1130 1390 1214 Stephanus
1404 1128 1479 1196 filius
1574 1163 1575 1184 r

356 1237 381 1302 J
383 1238 519 1303 ohannis
536 1243 659 1302 rectam
675 1239 910 1305 dimidietatem
926 1239 1136 1324 possessionis
1153 1239 1313 1304 redimere
1330 1239 1427 1304 nollet
1436 1240 1480 1302 rel

356 1367 419 1410 non
436 1352 572 1427 curaret
599 1369 671 1444 cum
696 1347 794 1431 duplo
820 1349 941 1413 solvere
963 1355 1177 1414 teneretur..
1202 1347 1327 1414 Datum
1351 1347 1480 1412 secunda

357 1453 438 1518 feria
462 1455 609 1539 proximo
634 1460 706 1538 poet
731 1456 848 1522 festum
871 1455 1057 1542 Epiphanie
1083 1457 1213 1538 domini,
1241 1477 1325 1522 anno
1349 1455 1480 1521 eiusdem

357 1561 409 1626 M⁰
437 1561 558 1630 GOGm⁰
584 1566 650 1630 Lm⁰
671 1563 819 1631 secundo,

464 1726 618 1790 Hdtlapjdn
632 1729 723 1793 peccet
736 1730 914 1794 nyomaivsl;
934 1728 1064 1792 eredetije
1081 1730 1143 1780 all.
1156 1731 1352 1780 Muzeumban.

887 2023 960 2084 332.

359 2163 608 2246 1352.jun.11.
635 2159 875 2248 Apc'cencmcdi
901 2173 1032 2226 convent
1057 2164 1127 2227 eldtt
1144 2161 1291 2248 Srepher,
1316 2162 1481 2224 Pdescdros

359 2269 482 2354 birn‘jc,
499 2294 519 2332 (ι
543 2269 676 2334 Vdrkun
695 2279 775 2333 nevit
783 2271 916 2355 faluddl
938 2276 1012 2356 jo'ud
1029 2270 1147 2356 solpdn
1164 2271 1278 2333 lenirem
1292 2277 1406 2356 pnszta
1423 2291 1483 2330 urir-

359 2379 421 2442 lorn
454 2378 565 2464 helye't,
611 2380 707 2466 Napi]
740 2380 886 2444 Kelemen
921 2379 1030 2459 ficioal
1066 2377 1277 2466 Gcrpelylyel,
1310 2403 1366 2464 epp
1397 2379 1483 2438 re'te'rl

850 2490 1002 2553 closerdli.

467 2649 536 2714 Nos
561 2657 733 2717 conventus
758 2653 946 2718 monasterii
981 2651 1205 2716 Waradiensis
1231 2649 1383 2714 memorie
1410 2667 1484 2712 com·

360 2758 548 2824 mendamus
565 2809 594 2823 ..
619 2761 703 2844 quod
728 2761 910 2826 constitutis
936 2781 1044 2826 coram
1070 2759 1162 2824 nobis
1186 2758 1401 2842 personaliter
1426 2775 1485 2819 ms-

360 2867 461 2947 gistro
478 2863 647 2950 Sreyberio
663 2869 730 2934 cive
747 2891 785 2934 ac
801 2869 905 2934 iudice
924 2869 1063 2934 civitatis
1080 2865 1433 2952 Quinqueecclesiensis
1444 2862 1481 2926 ab
1578 2891 1579 2964 ἦ

361 2995 426 3038 una
443 2981 544 3057 parte,
561 2976 639 3040 item
656 2974 816 3060 Gregorio
833 2976 898 3042 filio
915 2977 1074 3041 Kelemen
1090 2975 1199 3057 magni
1216 2974 1255 3038 de
1272 2971 1487 3039 civitateWn·

361 3082 501 3147 radiensi
518 3082 558 3146 ab
575 3084 688 3163 altera,
698 3087 896 3169 propositum
915 3087 1039 3151 exstitit
1056 3105 1113 3168 per
1130 3083 1257 3149 eosdem
1276 3131 1281 3143 .
1300 3133 1306 3144 .
1332 3081 1417 3165 quod
1433 3079 1487 3162 ipsi

362 3191 394 3254 in
411 3191 663 3274 possessionibus
680 3194 822 3276 ipsorum
834 3194 1048 3276 infrascriptis
1064 3192 1162 3258 talem
1179 3191 1487 3274 permutacionem..

362 3299 447 3362 inter
466 3321 499 3363 se
517 3299 667 3364 fecissent
683 3308 839 3384 perpetuo
859 3302 1096 3366 duraturam..
1121 3298 1208 3381 quod
1234 3297 1321 3362 idem
1342 3297 1488 3380 magister

364 3405 546 3472 Sreiberius
563 3431 661 3474 unum
686 3411 791 3476 locum
818 3411 991 3476 molendini
1017 3409 1056 3474 de
1083 3409 1188 3472 tribus
1203 3407 1281 3472 locis
1301 3407 1489 3472 molendino

363 3537 444 3592 rum,
476 3538 572 3600 super
602 3517 698 3583 fluvio
723 3519 762 3583 de
794 3519 871 3584 nilla
897 3518 1047 3583 Warknn
1079 3515 1225 3594 alluente,
1249 3522 1342 3580 extra
1374 3515 1488 3578 curiam

364 3623 502 3688 aliorum
520 3625 677 3691 dictorum
694 3627 830 3694 duorum
854 3627 1108 3692 molendinorum
1135 3626 1227 3689 iuxta
1242 3644 1397 3707 magnam
1412 3623 1489 3686 riam

363 3751 474 3796 versus
491 3733 598 3798 villam
611 3734 743 3819 Nyuigh
760 3735 986 3819 procedentem
997 3740 1119 3817 aparte
1136 3731 1337 3808 occidentali,
1347 3730 1489 3796 aceolum

364 3861 457 3904 secus
474 3843 644 3925 antiquum
662 3851 803 3908 meatum
820 3863 904 3926 aque
921 3841 1007 3908 Osod
1024 3843 1147 3907 dictum
1163 3842 1196 3907 in
1214 3847 1302 3904 terre
1318 3840 1398 3905 dicti
1415 3836 1489 3904 Gre-

366 3947 446 4030 gorii
463 3971 521 4031 per
537 3951 672 4014 eundem
701 3952 808 4034 precio
834 3957 1021 4035 comparata
1046 3950 1255 4026 adiacentem,
1280 3944 1489 4012 mediantibus

364 4055 544 4122 literalibus
561 4060 782 4124 instrumentis
808 4059 1055 4141 contingentem,
1082 4057 1213 4124 edificiis
1239 4057 1372 4122 omnino
1388 4075 1489 4120 caren-

366 4169 440 4242 tem,
455 4165 558 4230 eidem
575 4164 734 4250 Gregorio
751 4167 818 4231 filio
834 4167 991 4231 Kelemen
1009 4167 1116 4248 magni
1142 4173 1174 4230 et
1190 4187 1248 4248 per
1265 4187 1339 4229 enm
1356 4163 1423 4229 suis
1445 4162 1490 4226 he-

366 4272 496 4338 redibus
513 4323 520 4336 .
537 4325 542 4338 .
568 4275 704 4340 tradidit
720 4297 826 4340 coram
853 4275 943 4340 nobis
960 4276 1028 4339 iure
1045 4281 1199 4358 perpetuo
1216 4323 1223 4336 .
1240 4325 1246 4338 .
1270 4271 1490 4356 possidendum

369 4430 375 4443 .
392 4432 398 4444 .
423 4403 440 4446 e
457 4403 608 4449 converso
624 4389 731 4447 autem
748 4382 833 4448 idem
850 4379 1028 4465 Gregorius
1054 4403 1112 4464 pro
1141 4379 1327 4447 concambio
1344 4379 1423 4446 dicti
1438 4377 1491 4442 loci

372 4491 556 4568 molendini,
573 4490 734 4572 quoddam
750 4491 889 4555 ferretum
916 4513 1009 4556 suum
1036 4492 1068 4556 in
1084 4489 1167 4555 valle
1185 4488 1440 4555 molendinorum
1455 4488 1495 4550 in-

367 4599 417 4662 fra
432 4598 649 4663 molendinum
666 4598 790 4663 Jeklini
808 4597 867 4662 rnfi
879 4599 1038 4675 adiacens,
1049 4597 1171 4662 habens
1188 4597 1307 4660 vicinos
1325 4603 1359 4660 et
1374 4602 1489 4660 conter-

369 4705 503 4772 minales
521 4707 674 4772 fossatum
692 4707 866 4771 molendini
886 4707 918 4770 in
929 4707 1024 4788 vulgo
1037 4706 1136 4787 goeth
1148 4704 1268 4770 dictum
1281 4704 1323 4768 ab
1334 4705 1492 4768 oriente..
