3188 5470
347 448 418 509 Ι320
706 457 892 505 lurconum
908 443 1122 507 ouulurrln.

884 665 957 726 183.

355 806 450 870 1349.
466 815 539 890 sept.
556 805 609 869 25.
626 801 656 868 A
673 805 789 890 azopari
811 803 965 892 lcdptalua
988 804 1059 867 etta
1085 801 1221 869 Csicsert'
1235 803 1353 868 Miltlo'a
1368 805 1401 868 aa
1412 805 1479 885 fiai,

352 913 512 977 Dabrum
536 920 616 977 acuit
640 909 739 976 Saros
762 913 942 999 odrmepyai
965 909 1130 977 hirtoltban
1154 913 1266 978 hdrorn
1290 912 1480 977 aduertallet

645 1019 786 1086 Utamur
791 1020 908 1102 fidrralt
924 1019 1192 1109 ababqoriraaaa.

460 1165 528 1231 Nos
545 1165 723 1248 capitulum
740 1165 873 1232 ecclesie
889 1166 975 1231 beati
988 1165 1128 1230 Martini
1144 1165 1184 1230 de
1200 1165 1322 1250 Scopus
1339 1216 1345 1230 .
1363 1215 1369 1230 .
1387 1167 1480 1250 signi-

354 1272 488 1340 ficamus
505 1326 511 1339 .
529 1325 535 1339 .
551 1274 636 1358 quod
653 1273 753 1340 nobili
768 1274 836 1340 viro
852 1274 1008 1357 magistro
1024 1271 1161 1338 Nicolao
1177 1272 1244 1338 filio
1260 1272 1327 1339 Job
1342 1274 1381 1339 de
1399 1271 1477 1338 Obe-

353 1383 430 1468 cbyr
454 1383 494 1448 de
519 1384 676 1448 comitatu
701 1381 911 1447 Zemliniensi
935 1403 994 1465 pro
1019 1403 1053 1446 se
1078 1389 1111 1446 et
1127 1431 1157 1447 ..
1181 1401 1239 1463 pro
1265 1379 1432 1464 Stephano
1451 1388 1480 1444 et

352 1490 457 1555 Paulo
474 1489 550 1554 filiis
567 1491 634 1554 suis
651 1489 692 1556 ab
709 1512 781 1568 una,
805 1509 843 1554 ac
867 1489 1022 1556 Ladislao
1047 1487 1112 1553 filio
1137 1488 1248 1572 Egidii
1265 1487 1324 1553 filii
1340 1486 1479 1554 Chamon

351 1619 410 1682 pro
426 1598 537 1662 eodem
553 1597 670 1680 lllgidio
687 1603 780 1682 patre
796 1618 853 1662 suo
873 1603 966 1681 parte
982 1595 1023 1661 ab
1040 1596 1153 1675 altera,
1179 1617 1288 1661 coram
1303 1597 1396 1662 nobis
1413 1619 1479 1681 per·

354 1706 509 1772 sonaliter
534 1705 727 1784 constitutis,
752 1725 809 1789 per
835 1705 972 1770 eundem
997 1706 1189 1790 magistrum
1213 1705 1385 1772 Nicolaum
1411 1727 1479 1771 con·

351 1813 470 1878 sessum
487 1814 615 1878 extitit.
633 1865 640 1878 .
658 1813 743 1895 quod
759 1820 826 1880 tres
842 1813 999 1880 sessiones
1016 1834 1071 1878 seu
1086 1815 1193 1880 curias
1219 1814 1258 1878 de
1283 1816 1478 1898 possessione

351 1941 410 1984 sna
425 1919 591 1984 Dubrawa
605 1925 718 1985 vocata
733 1919 768 1984 in
784 1922 939 1986 comitatu
953 1919 1054 1986 Serus
1070 1922 1245 2000 adiacente,
1262 1925 1296 1988 in
1305 1923 1368 1989 fine
1381 1925 1478 2008 ipsius

353 2033 481 2111 aparte
506 2027 652 2093 meridiei
677 2029 711 2094 in
737 2027 823 2094 linea
852 2050 873 2093 a
904 2035 997 2112 parte
1028 2029 1161 2095 orientis
1192 2031 1384 2110 adiacentes,
1409 2055 1478 2097 cum

352 2134 498 2200 omnibus
515 2185 522 2200 .
539 2188 546 2200 .
562 2137 769 2220 pertinenciis
795 2137 861 2201 suis
878 2186 907 2202 ..
934 2137 1079 2220 predicto
1105 2138 1224 2222 Egidio
1248 2137 1315 2204 filio
1340 2137 1479 2206 Ohamaa

353 2265 411 2326 pro
443 2243 625 2325 quindecim
651 2245 769 2310 marcis
801 2265 985 2328 grossorum
1016 2245 1222 2311 denariorum
1252 2249 1377 2312 numeri
1403 2245 1477 2313 Oas-

352 2353 452 2416 sensis
478 2401 484 2416 .
510 2402 517 2416 .
543 2359 575 2420 et
598 2375 656 2436 pro
672 2353 834 2420 solucione
859 2353 1072 2436 quorumdam
1103 2353 1295 2420 iudiciorum
1325 2356 1479 2438 gravami-

351 2482 429 2526 num
453 2481 491 2525 ao
513 2460 710 2528 liberacione
726 2463 840 2544 eapitis
865 2463 924 2544 sui,
949 2463 983 2525 in
1002 2461 1147 2545 proxime
1172 2464 1336 2545 preteritis
1361 2465 1478 2528 octaris

260 2579 264 2590 '
351 2567 424 2633 festi
454 2567 646 2634 Natiuitatis
678 2571 812 2653 virginis
844 2570 991 2653 gloriose,
1014 2570 1143 2634 domino
1168 2571 1314 2652 palatino
1340 2571 1424 2636 datis
1449 2579 1479 2634 et

310 2696 314 2704 ·
350 2677 533 2759 assignatis,
556 2677 738 2760 aproximo
764 2683 897 2742 venturo
922 2676 1004 2742 festo
1029 2678 1133 2742 sancti
1157 2677 1330 2743 Michaelis
1347 2679 1480 2745 areban-

351 2785 435 2868 geli,
471 2785 513 2848 ad
548 2785 695 2866 quintam
729 2785 963 2850 revolutionem
998 2783 1140 2848 eiusdem
1173 2784 1248 2850 festi
1284 2788 1389 2851 sancti
1417 2787 1480 2852 Mi-

351 2893 471 2957 chaelis
502 2892 688 2975 archangeli
717 2892 757 2957 de
790 2892 1000 2975 permissione
1035 2893 1253 2974 proximorum
1287 2899 1320 2958 et
1344 2893 1480 2959 fratrum

352 3022 482 3066 suorum
507 3002 635 3084 pignori
659 3002 771 3066 taliter
795 3001 992 3082 obligasset.
1010 3051 1016 3064 .
1034 2999 1120 3080 quod
1144 2999 1230 3064 idem
1254 3000 1401 3084 Egidius,
1423 3009 1486 3092 aut

321 3093 325 3105 ¹
350 3109 421 3192 ipso
436 3109 475 3173 de
491 3109 597 3173 madio
613 3108 740 3174 sublato
756 3106 916 3184 Andreas,
927 3113 1042 3189 etpost
1058 3127 1112 3171 eos
1128 3107 1180 3172 cui
1196 3107 1236 3172 de
1252 3107 1322 3172 iure
1336 3108 1478 3188 debatur,

350 3217 435 3281 infra
460 3216 580 3282 dictam
605 3217 752 3300 quintam
778 3215 1011 3281 revolucionem
1036 3215 1141 3280 dictas
1167 3217 1275 3282 curias
1299 3223 1417 3298 tenere,
1445 3225 1477 3281 et

348 3325 505 3390 utilitates
530 3332 588 3390 aut
614 3325 829 3408 possessiones
854 3324 896 3388 ad
920 3325 1007 3407 ipsas
1031 3325 1229 3407 pertinentes
1245 3325 1417 3408 possidere,
1444 3333 1477 3390 et

350 3433 474 3498 fructus
491 3454 600 3498 eorum
616 3435 781 3516 percipere
801 3433 924 3515 possint
948 3431 1049 3496 libere
1065 3437 1098 3496 et
1114 3433 1231 3514 quiete,
1257 3438 1289 3497 et
1314 3433 1398 3517 quod
1414 3454 1476 3497 non

350 3541 412 3604 nisi
428 3541 462 3604 in
477 3541 566 3606 diota
582 3541 697 3623 quinta
712 3540 915 3608 revoluoione
940 3541 1065 3623 possint
1090 3541 1187 3606 iidem
1212 3543 1367 3624 magister
1382 3540 1479 3606 Nico-

350 3647 420 3712 laus
437 3653 469 3711 et
484 3647 543 3712 filii
560 3649 609 3713 sui
625 3647 783 3713 redimere
800 3648 928 3714 easdem
944 3669 1003 3731 pro
1019 3648 1157 3731 pecunia
1182 3655 1353 3731 prenotata
1371 3669 1479 3714 coram

349 3756 455 3836 nobis3
480 3759 612 3841 insuper
627 3757 712 3822 idem
737 3755 1049 3839 magisterNicolaus
1066 3757 1226 3834 assumsit,
1252 3756 1386 3821 eundem
1400 3755 1481 3838 Egi·

350 3863 447 3943 dinm,
463 3863 631 3930 Andream
647 3865 750 3930 filium
776 3887 878 3942 suum,
903 3865 1026 3930 autad
1052 3885 1147 3948 quem
1173 3863 1280 3947 ipsum
1309 3865 1423 3948 pignus
1440 3864 1479 3928 dc

349 3973 419 4038 iure
435 3973 628 4052 devolvetur,
652 3973 738 4038 infra
753 3979 881 4057 tempus
907 3973 1118 4038 redemcionis
1135 3971 1175 4036 ab
1192 3971 1341 4042 omnibus
1356 3971 1480 4054 impeti-

349 4079 472 4145 toribus
497 4131 527 4146 ..
552 4081 703 4165 expedire
728 4088 760 4146 et
785 4082 818 4146 in
844 4081 955 4146 eodem
987 4100 1184 4160 conservare,
1209 4079 1296 4162 quod
1321 4079 1349 4143 si
1374 4077 1480 4143 facere

349 4188 450 4255 nollet
475 4195 533 4255 aut
567 4210 631 4253 non
656 4189 765 4272 possit,
797 4194 913 4254 extunc
942 4188 1063 4253 dictam
1095 4177 1263 4272 pecuniam
1296 4186 1479 4269 quindecim

348 4317 540 4379 marcarum,
556 4315 629 4361 cum
644 4297 743 4381 duplo
759 4297 869 4380 ipsius,
889 4317 997 4362 coram
1022 4296 1135 4376 iudice,
1161 4294 1202 4360 ad
1227 4293 1319 4360 cuins
1344 4316 1478 4360 examen

349 4405 381 4468 in
399 4425 529 4472 causam
544 4410 668 4470 tractus
693 4405 799 4484 fuerit,
825 4405 893 4488 ipse
910 4411 967 4470 aut
992 4403 1050 4469 filii
1076 4405 1126 4470 sui
1153 4404 1187 4467 in
1213 4403 1317 4486 primo
1342 4403 1482 4467 termino

349 4511 471 4596 absque
487 4513 573 4578 omni
589 4513 882 4597 procrastinacione
899 4513 1021 4578 solvere
1039 4563 1044 4577 .
1062 4563 1068 4578 .
1085 4517 1258 4579 teneantur
1285 4511 1401 4595 Egidio
1422 4519 1482 4576 ant

349 4619 491 4701 Andree,
507 4619 556 4684 vel
573 4619 689 4704 quibus
705 4619 874 4686 debebitur
890 4621 929 4686 de
945 4621 1032 4702 iure3
1057 4627 1089 4686 et
1114 4620 1322 4688 nihilominus
1338 4621 1364 4684 si
1380 4615 1481 4684 iidem
