<?xml version="1.0" encoding="UTF-8"?>
<!DOCTYPE html PUBLIC "-//W3C//DTD XHTML 1.0 Transitional//EN"
    "http://www.w3.org/TR/xhtml1/DTD/xhtml1-transitional.dtd">
<html xmlns="http://www.w3.org/1999/xhtml" xml:lang="en" lang="en">
 <head>
  <title>
</title>
<meta http-equiv="Content-Type" content="text/html;charset=utf-8" />
  <meta name='ocr-system' content='tesseract 3.04.00' />
  <meta name='ocr-capabilities' content='ocr_page ocr_carea ocr_par ocr_line ocrx_word'/>
</head>
<body>
  <div class='ocr_page' id='page_1' title='image "./codexdiplomatic06nagygoog_0594.png"; bbox 0 0 3188 5476; ppageno 0'>
   <div class='ocr_carea' id='block_1_1' title="bbox 581 608 1262 677">
    <p class='ocr_par' dir='ltr' id='par_1_1' title="bbox 581 608 1262 677">
     <span class='ocr_line' id='line_1_1' title="bbox 581 608 1262 677; baseline 0.012 -8"><span class='ocrx_word' id='word_1_1' title='bbox 581 611 834 672; x_wconf 70' lang='lat' dir='ltr'><strong>1352.ann.26.</strong></span> <span class='ocrx_word' id='word_1_2' title='bbox 1198 608 1262 677; x_wconf 80' lang='lat'><strong>579</strong></span> 
     </span>
    </p>
   </div>
   <div class='ocr_carea' id='block_1_2' title="bbox 656 791 729 852">
    <p class='ocr_par' dir='ltr' id='par_1_2' title="bbox 656 791 729 852">
     <span class='ocr_line' id='line_1_2' title="bbox 656 791 729 852; baseline 0.027 -4"><span class='ocrx_word' id='word_1_3' title='bbox 656 791 729 852; x_wconf 87' lang='lat'><strong>360.</strong></span> 
     </span>
    </p>
   </div>
   <div class='ocr_carea' id='block_1_3' title="bbox 118 945 1261 1466">
    <p class='ocr_par' dir='ltr' id='par_1_3' title="bbox 118 945 1261 1466">
     <span class='ocr_line' id='line_1_3' title="bbox 127 945 1261 1037; baseline 0.007 -29"><span class='ocrx_word' id='word_1_4' title='bbox 127 949 223 1008; x_wconf 80' lang='lat'><strong><em>1352.</em></strong></span> <span class='ocrx_word' id='word_1_5' title='bbox 242 971 314 1033; x_wconf 82' lang='lat' dir='ltr'><strong>apr.</strong></span> <span class='ocrx_word' id='word_1_6' title='bbox 331 949 384 1009; x_wconf 77' lang='lat'><strong>26.</strong></span> <span class='ocrx_word' id='word_1_7' title='bbox 401 945 448 1009; x_wconf 77' lang='lat' dir='ltr'><strong>Aa</strong></span> <span class='ocrx_word' id='word_1_8' title='bbox 465 954 533 1032; x_wconf 70' lang='lat' dir='ltr'><strong>apri</strong></span> <span class='ocrx_word' id='word_1_9' title='bbox 557 949 716 1033; x_wconf 77' lang='lat' dir='ltr'><strong>lcc&#39;ptalao</strong></span> <span class='ocrx_word' id='word_1_10' title='bbox 744 950 815 1010; x_wconf 68' lang='lat' dir='ltr'><strong>elec</strong></span> <span class='ocrx_word' id='word_1_11' title='bbox 841 949 966 1036; x_wconf 75' lang='lat' dir='ltr'><strong>Balchy</strong></span> <span class='ocrx_word' id='word_1_12' title='bbox 993 951 1098 1014; x_wconf 85' lang='lat' dir='ltr'><strong>De&#39;ncs</strong></span> <span class='ocrx_word' id='word_1_13' title='bbox 1114 953 1261 1037; x_wconf 76' lang='lat' dir='ltr'><strong>uriokctjc</strong></span> 
     </span>
     <span class='ocr_line' id='line_1_4' title="bbox 124 1055 1261 1146; baseline 0.004 -30"><span class='ocrx_word' id='word_1_14' title='bbox 124 1055 240 1118; x_wconf 79' lang='lat' dir='ltr'><strong>Zadar</strong></span> <span class='ocrx_word' id='word_1_15' title='bbox 258 1057 382 1134; x_wconf 70' lang='lat' dir='ltr'><strong>letania,</strong></span> <span class='ocrx_word' id='word_1_16' title='bbox 399 1056 434 1118; x_wconf 75' lang='lat' dir='ltr'><strong>tt</strong></span> <span class='ocrx_word' id='word_1_17' title='bbox 455 1057 627 1120; x_wconf 80' lang='lat' dir='ltr'><strong>deiilkntc‘</strong></span> <span class='ocrx_word' id='word_1_18' title='bbox 644 1057 809 1119; x_wconf 81' lang='lat' dir='ltr'><strong>Marlrard</strong></span> <span class='ocrx_word' id='word_1_19' title='bbox 817 1057 869 1136; x_wconf 80' lang='lat' dir='ltr'><strong>fio</strong></span> <span class='ocrx_word' id='word_1_20' title='bbox 889 1058 1027 1122; x_wconf 79' lang='lat' dir='ltr'><strong>Ld&#39;riucz</strong></span> <span class='ocrx_word' id='word_1_21' title='bbox 1052 1059 1261 1146; x_wconf 65' lang='lat' dir='ltr'><strong>cnokahupdt</strong></span> 
     </span>
     <span class='ocr_line' id='line_1_5' title="bbox 128 1163 1260 1254; baseline 0.005 -30"><span class='ocrx_word' id='word_1_22' title='bbox 128 1164 250 1226; x_wconf 65' lang='lat' dir='ltr'><strong>Htafdet</strong></span> <span class='ocrx_word' id='word_1_23' title='bbox 261 1164 290 1227; x_wconf 88' lang='lat' dir='ltr'><em>J</em></span> <span class='ocrx_word' id='word_1_24' title='bbox 288 1165 371 1226; x_wconf 65' lang='lat' dir='ltr'><strong>«alred</strong></span> <span class='ocrx_word' id='word_1_25' title='bbox 389 1165 520 1246; x_wconf 72' lang='lat' dir='ltr'><strong>leu‘nrso&#39;t</strong></span> <span class='ocrx_word' id='word_1_26' title='bbox 531 1163 643 1226; x_wconf 78' lang='lat' dir='ltr'><strong>Anrnr&#39;t</strong></span> <span class='ocrx_word' id='word_1_27' title='bbox 653 1167 857 1228; x_wconf 61' lang='lat' dir='ltr'><strong>Intereat-rste</strong></span> <span class='ocrx_word' id='word_1_28' title='bbox 875 1168 1047 1250; x_wconf 67' lang='lat' dir='ltr'><strong>eljeppeztc,</strong></span> <span class='ocrx_word' id='word_1_29' title='bbox 1058 1171 1167 1254; x_wconf 74' lang='lat' dir='ltr'><strong>mapc&#39;t</strong></span> <span class='ocrx_word' id='word_1_30' title='bbox 1178 1191 1260 1231; x_wconf 84' lang='lat' dir='ltr'><strong>arra</strong></span> 
     </span>
     <span class='ocr_line' id='line_1_6' title="bbox 120 1271 1259 1359; baseline 0.004 -27"><span class='ocrx_word' id='word_1_31' title='bbox 120 1272 266 1352; x_wconf 63' lang='lat' dir='ltr'><strong>turelozr&#39;,</strong></span> <span class='ocrx_word' id='word_1_32' title='bbox 291 1275 372 1358; x_wconf 64' lang='lat' dir='ltr'><strong>dogm</strong></span> <span class='ocrx_word' id='word_1_33' title='bbox 398 1273 417 1336; x_wconf 67' lang='grc' dir='ltr'><strong>(ι’</strong></span> <span class='ocrx_word' id='word_1_34' title='bbox 446 1274 561 1356; x_wconf 69' lang='lat' dir='ltr'><strong>nrjrfcel</strong></span> <span class='ocrx_word' id='word_1_35' title='bbox 587 1274 675 1336; x_wconf 71' lang='lat' dir='ltr'><strong>‹rrlott</strong></span> <span class='ocrx_word' id='word_1_36' title='bbox 694 1271 828 1356; x_wconf 67' lang='lat' dir='ltr'><strong>Szinpr&#39;r</strong></span> <span class='ocrx_word' id='word_1_37' title='bbox 858 1282 935 1335; x_wconf 75' lang='lat' dir='ltr'><strong>rrevlt</strong></span> <span class='ocrx_word' id='word_1_38' title='bbox 962 1273 1109 1359; x_wconf 70' lang='lat' dir='ltr'><strong>Zemplda</strong></span> <span class='ocrx_word' id='word_1_39' title='bbox 1136 1281 1259 1338; x_wconf 68' lang='lat' dir='ltr'><strong>crieme-</strong></span> 
     </span>
     <span class='ocr_line' id='line_1_7' title="bbox 118 1381 1258 1466; baseline 0 -24"><span class='ocrx_word' id='word_1_40' title='bbox 118 1381 1258 1466; x_wconf 50' lang='lat' dir='ltr'><strong>gmdffimffmuzmmedamssnmpfflstfflhdmeQmemmi</strong></span> 
     </span>
    </p>
   </div>
   <div class='ocr_carea' id='block_1_4' title="bbox 617 1491 763 1552">
    <p class='ocr_par' dir='ltr' id='par_1_4' title="bbox 617 1491 763 1552">
     <span class='ocr_line' id='line_1_8' title="bbox 617 1491 763 1552; baseline -0.007 -1"><span class='ocrx_word' id='word_1_41' title='bbox 617 1491 763 1552; x_wconf 77' lang='lat' dir='ltr'><strong>tortozilr.</strong></span> 
     </span>
    </p>
   </div>
   <div class='ocr_carea' id='block_1_5' title="bbox 101 1649 1259 4757">
    <p class='ocr_par' dir='ltr' id='par_1_5' title="bbox 101 1649 1259 4757">
     <span class='ocr_line' id='line_1_9' title="bbox 232 1649 1259 1737; baseline 0.003 -22"><span class='ocrx_word' id='word_1_42' title='bbox 232 1649 301 1715; x_wconf 89' lang='lat' dir='ltr'><strong>Nos</strong></span> <span class='ocrx_word' id='word_1_43' title='bbox 327 1651 501 1735; x_wconf 88' lang='lat' dir='ltr'><strong>capitulum</strong></span> <span class='ocrx_word' id='word_1_44' title='bbox 529 1653 660 1716; x_wconf 76' lang='lat' dir='ltr'>ecclesie</span> <span class='ocrx_word' id='word_1_45' title='bbox 688 1651 857 1734; x_wconf 82' lang='lat' dir='ltr'><strong>Agriensis</strong></span> <span class='ocrx_word' id='word_1_46' title='bbox 882 1653 1099 1734; x_wconf 87' lang='lat' dir='ltr'><strong>significamus</strong></span> <span class='ocrx_word' id='word_1_47' title='bbox 1117 1705 1147 1718; x_wconf 91' lang='lat'><strong>..</strong></span> <span class='ocrx_word' id='word_1_48' title='bbox 1173 1655 1259 1737; x_wconf 92' lang='lat' dir='ltr'><strong>quod</strong></span> 
     </span>
     <span class='ocr_line' id='line_1_10' title="bbox 120 1758 1257 1842; baseline 0.004 -20"><span class='ocrx_word' id='word_1_49' title='bbox 120 1759 280 1840; x_wconf 85' lang='lat' dir='ltr'><strong>magistro</strong></span> <span class='ocrx_word' id='word_1_50' title='bbox 297 1758 463 1842; x_wconf 87' lang='lat' dir='ltr'><strong>Stephano</strong></span> <span class='ocrx_word' id='word_1_51' title='bbox 479 1761 564 1826; x_wconf 90' lang='lat' dir='ltr'><strong>dicto</strong></span> <span class='ocrx_word' id='word_1_52' title='bbox 581 1761 693 1825; x_wconf 85' lang='lat' dir='ltr'><strong>Zudar</strong></span> <span class='ocrx_word' id='word_1_53' title='bbox 709 1759 776 1825; x_wconf 92' lang='lat' dir='ltr'><strong>filio</strong></span> <span class='ocrx_word' id='word_1_54' title='bbox 792 1759 952 1826; x_wconf 90' lang='lat' dir='ltr'><strong>Dominici</strong></span> <span class='ocrx_word' id='word_1_55' title='bbox 979 1761 1038 1826; x_wconf 88' lang='lat' dir='ltr'><strong>filii</strong></span> <span class='ocrx_word' id='word_1_56' title='bbox 1054 1761 1194 1828; x_wconf 89' lang='lat' dir='ltr'><strong>Dionisii</strong></span> <span class='ocrx_word' id='word_1_57' title='bbox 1218 1763 1257 1827; x_wconf 92' lang='lat' dir='ltr'><strong>de</strong></span> 
     </span>
     <span class='ocr_line' id='line_1_11' title="bbox 119 1867 1258 1953; baseline 0.002 -21"><span class='ocrx_word' id='word_1_58' title='bbox 119 1869 250 1952; x_wconf 86' lang='lat' dir='ltr'><strong>Bulchy</strong></span> <span class='ocrx_word' id='word_1_59' title='bbox 267 1875 299 1933; x_wconf 88' lang='lat' dir='ltr'><strong>et</strong></span> <span class='ocrx_word' id='word_1_60' title='bbox 316 1871 431 1933; x_wconf 81' lang='lat' dir='ltr'><strong>comite</strong></span> <span class='ocrx_word' id='word_1_61' title='bbox 448 1869 609 1934; x_wconf 84' lang='lat' dir='ltr'><strong>Damione</strong></span> <span class='ocrx_word' id='word_1_62' title='bbox 626 1867 692 1932; x_wconf 90' lang='lat' dir='ltr'><strong>filio</strong></span> <span class='ocrx_word' id='word_1_63' title='bbox 718 1867 889 1932; x_wconf 81' lang='lat' dir='ltr'><strong>Michaelis</strong></span> <span class='ocrx_word' id='word_1_64' title='bbox 914 1869 954 1932; x_wconf 93' lang='lat' dir='ltr'><strong>de</strong></span> <span class='ocrx_word' id='word_1_65' title='bbox 981 1869 1066 1953; x_wconf 78' lang='lat' dir='ltr'><strong>Seny</strong></span> <span class='ocrx_word' id='word_1_66' title='bbox 1081 1869 1201 1935; x_wconf 86' lang='lat' dir='ltr'><strong>famulo</strong></span> <span class='ocrx_word' id='word_1_67' title='bbox 1225 1877 1258 1934; x_wconf 89' lang='lat' dir='ltr'><strong>et</strong></span> 
     </span>
     <span class='ocr_line' id='line_1_12' title="bbox 118 1975 1255 2060; baseline 0.003 -21"><span class='ocrx_word' id='word_1_68' title='bbox 118 1983 330 2058; x_wconf 79' lang='lat' dir='ltr'>procuratore</span> <span class='ocrx_word' id='word_1_69' title='bbox 355 1979 503 2060; x_wconf 74' lang='lat' dir='ltr'><strong>magistri</strong></span> <span class='ocrx_word' id='word_1_70' title='bbox 520 1975 693 2040; x_wconf 86' lang='lat' dir='ltr'><strong>Laurencii</strong></span> <span class='ocrx_word' id='word_1_71' title='bbox 710 1975 768 2040; x_wconf 91' lang='lat' dir='ltr'><strong>filii</strong></span> <span class='ocrx_word' id='word_1_72' title='bbox 795 1976 966 2040; x_wconf 82' lang='lat' dir='ltr'><strong>Marhardi</strong></span> <span class='ocrx_word' id='word_1_73' title='bbox 990 1979 1031 2042; x_wconf 91' lang='lat' dir='ltr'><strong>de</strong></span> <span class='ocrx_word' id='word_1_74' title='bbox 1054 1977 1255 2042; x_wconf 88' lang='lat' dir='ltr'><strong>Kubulkuth</strong></span> 
     </span>
     <span class='ocr_line' id='line_1_13' title="bbox 121 2085 1255 2170; baseline 0.002 -22"><span class='ocrx_word' id='word_1_75' title='bbox 121 2107 195 2149; x_wconf 89' lang='lat' dir='ltr'><strong>cnm</strong></span> <span class='ocrx_word' id='word_1_76' title='bbox 229 2087 333 2150; x_wconf 86' lang='lat' dir='ltr'><strong>literis</strong></span> <span class='ocrx_word' id='word_1_77' title='bbox 364 2087 597 2170; x_wconf 75' lang='lat' dir='ltr'><strong>procuratoriis</strong></span> <span class='ocrx_word' id='word_1_78' title='bbox 629 2085 784 2168; x_wconf 88' lang='lat' dir='ltr'><strong>prepositi</strong></span> <span class='ocrx_word' id='word_1_79' title='bbox 816 2091 847 2148; x_wconf 87' lang='lat' dir='ltr'><strong>et</strong></span> <span class='ocrx_word' id='word_1_80' title='bbox 879 2093 1052 2151; x_wconf 85' lang='lat' dir='ltr'><strong>conventus</strong></span> <span class='ocrx_word' id='word_1_81' title='bbox 1085 2087 1124 2152; x_wconf 86' lang='lat' dir='ltr'><strong>de</strong></span> <span class='ocrx_word' id='word_1_82' title='bbox 1149 2086 1255 2150; x_wconf 81' lang='lat' dir='ltr'><strong>Jazou</strong></span> 
     </span>
     <span class='ocr_line' id='line_1_14' title="bbox 122 2193 1256 2278; baseline 0.001 -21"><span class='ocrx_word' id='word_1_83' title='bbox 122 2216 183 2276; x_wconf 93' lang='lat' dir='ltr'><strong>pro</strong></span> <span class='ocrx_word' id='word_1_84' title='bbox 200 2195 313 2258; x_wconf 88' lang='lat' dir='ltr'><strong>eodem</strong></span> <span class='ocrx_word' id='word_1_85' title='bbox 330 2195 457 2258; x_wconf 91' lang='lat' dir='ltr'><strong>domino</strong></span> <span class='ocrx_word' id='word_1_86' title='bbox 475 2217 532 2258; x_wconf 91' lang='lat' dir='ltr'><strong>suo</strong></span> <span class='ocrx_word' id='word_1_87' title='bbox 549 2199 641 2276; x_wconf 87' lang='lat' dir='ltr'><strong>parte</strong></span> <span class='ocrx_word' id='word_1_88' title='bbox 659 2193 700 2258; x_wconf 89' lang='lat' dir='ltr'><strong>ab</strong></span> <span class='ocrx_word' id='word_1_89' title='bbox 717 2194 821 2258; x_wconf 85' lang='lat' dir='ltr'><strong>altera</strong></span> <span class='ocrx_word' id='word_1_90' title='bbox 847 2215 955 2258; x_wconf 87' lang='lat' dir='ltr'><strong>coram</strong></span> <span class='ocrx_word' id='word_1_91' title='bbox 975 2195 1065 2260; x_wconf 90' lang='lat' dir='ltr'><strong>nobis</strong></span> <span class='ocrx_word' id='word_1_92' title='bbox 1081 2196 1256 2278; x_wconf 87' lang='lat' dir='ltr'><strong>personali-</strong></span> 
     </span>
     <span class='ocr_line' id='line_1_15' title="bbox 119 2301 1256 2386; baseline 0.002 -22"><span class='ocrx_word' id='word_1_93' title='bbox 119 2311 171 2366; x_wconf 83' lang='lat' dir='ltr'><strong>ter</strong></span> <span class='ocrx_word' id='word_1_94' title='bbox 187 2303 383 2378; x_wconf 72' lang='lat' dir='ltr'><strong>constitutis</strong></span> <span class='ocrx_word' id='word_1_95' title='bbox 401 2323 457 2384; x_wconf 89' lang='lat' dir='ltr'><strong>per</strong></span> <span class='ocrx_word' id='word_1_96' title='bbox 473 2301 609 2366; x_wconf 83' lang='lat' dir='ltr'><strong>eundem</strong></span> <span class='ocrx_word' id='word_1_97' title='bbox 629 2303 821 2382; x_wconf 83' lang='lat' dir='ltr'><strong>magistrum</strong></span> <span class='ocrx_word' id='word_1_98' title='bbox 840 2301 1039 2384; x_wconf 75' lang='lat' dir='ltr'>Stephanum</span> <span class='ocrx_word' id='word_1_99' title='bbox 1056 2303 1256 2386; x_wconf 89' lang='lat' dir='ltr'><strong>propositum</strong></span> 
     </span>
     <span class='ocr_line' id='line_1_16' title="bbox 116 2411 1257 2493; baseline 0.003 -21"><span class='ocrx_word' id='word_1_100' title='bbox 116 2412 292 2475; x_wconf 85' lang='lat' dir='ltr'><strong>exstitit..</strong></span> <span class='ocrx_word' id='word_1_101' title='bbox 318 2413 404 2490; x_wconf 91' lang='lat' dir='ltr'><strong>qnod</strong></span> <span class='ocrx_word' id='word_1_102' title='bbox 431 2413 508 2493; x_wconf 87' lang='lat' dir='ltr'><strong>quia</strong></span> <span class='ocrx_word' id='word_1_103' title='bbox 539 2412 781 2493; x_wconf 86' lang='lat' dir='ltr'><strong>prenominatus</strong></span> <span class='ocrx_word' id='word_1_104' title='bbox 812 2411 969 2492; x_wconf 82' lang='lat' dir='ltr'><strong>magister</strong></span> <span class='ocrx_word' id='word_1_105' title='bbox 1001 2411 1200 2474; x_wconf 88' lang='lat' dir='ltr'><strong>Laurencius</strong></span> <span class='ocrx_word' id='word_1_106' title='bbox 1225 2419 1257 2475; x_wconf 91' lang='lat' dir='ltr'><strong>et</strong></span> 
     </span>
     <span class='ocr_line' id='line_1_17' title="bbox 115 2517 1255 2600; baseline 0.002 -20"><span class='ocrx_word' id='word_1_107' title='bbox 115 2518 238 2582; x_wconf 87' lang='lat' dir='ltr'><strong>nobilis</strong></span> <span class='ocrx_word' id='word_1_108' title='bbox 255 2519 385 2583; x_wconf 91' lang='lat' dir='ltr'><strong>domina</strong></span> <span class='ocrx_word' id='word_1_109' title='bbox 410 2540 540 2582; x_wconf 88' lang='lat' dir='ltr'><strong>consors</strong></span> <span class='ocrx_word' id='word_1_110' title='bbox 566 2539 625 2582; x_wconf 87' lang='lat' dir='ltr'><strong>sua</strong></span> <span class='ocrx_word' id='word_1_111' title='bbox 650 2518 754 2600; x_wconf 90' lang='lat' dir='ltr'><strong>ipsum</strong></span> <span class='ocrx_word' id='word_1_112' title='bbox 781 2517 889 2582; x_wconf 85' lang='lat' dir='ltr'><strong>divina</strong></span> <span class='ocrx_word' id='word_1_113' title='bbox 906 2517 1016 2599; x_wconf 83' lang='lat' dir='ltr'><strong>gracia</strong></span> <span class='ocrx_word' id='word_1_114' title='bbox 1032 2518 1077 2581; x_wconf 90' lang='lat' dir='ltr'><strong>sic</strong></span> <span class='ocrx_word' id='word_1_115' title='bbox 1093 2525 1255 2582; x_wconf 87' lang='lat' dir='ltr'><strong>annuente</strong></span> 
     </span>
     <span class='ocr_line' id='line_1_18' title="bbox 113 2625 1253 2710; baseline 0.001 -21"><span class='ocrx_word' id='word_1_116' title='bbox 113 2627 148 2690; x_wconf 93' lang='lat' dir='ltr'><strong>in</strong></span> <span class='ocrx_word' id='word_1_117' title='bbox 167 2649 264 2710; x_wconf 83' lang='lat' dir='ltr'><strong>snum</strong></span> <span class='ocrx_word' id='word_1_118' title='bbox 281 2634 452 2710; x_wconf 84' lang='lat' dir='ltr'><strong>cognatum</strong></span> <span class='ocrx_word' id='word_1_119' title='bbox 469 2633 702 2690; x_wconf 85' lang='lat' dir='ltr'><strong>assummentes</strong></span> <span class='ocrx_word' id='word_1_120' title='bbox 719 2633 751 2690; x_wconf 90' lang='lat' dir='ltr'><strong>et</strong></span> <span class='ocrx_word' id='word_1_121' title='bbox 767 2627 909 2708; x_wconf 89' lang='lat' dir='ltr'><strong>ipsorum</strong></span> <span class='ocrx_word' id='word_1_122' title='bbox 932 2625 1084 2689; x_wconf 85' lang='lat' dir='ltr'><strong>heredem</strong></span> <span class='ocrx_word' id='word_1_123' title='bbox 1101 2628 1253 2691; x_wconf 90' lang='lat' dir='ltr'><strong>constitu-</strong></span> 
     </span>
     <span class='ocr_line' id='line_1_19' title="bbox 112 2732 1252 2818; baseline -0.003 -16"><span class='ocrx_word' id='word_1_124' title='bbox 112 2735 403 2818; x_wconf 65' lang='lat' dir='ltr'><strong>entossqnandam</strong></span> <span class='ocrx_word' id='word_1_125' title='bbox 420 2736 576 2817; x_wconf 84' lang='lat' dir='ltr'><strong>virginem</strong></span> <span class='ocrx_word' id='word_1_126' title='bbox 593 2741 625 2798; x_wconf 88' lang='lat' dir='ltr'><strong>at</strong></span> <span class='ocrx_word' id='word_1_127' title='bbox 641 2733 780 2798; x_wconf 89' lang='lat' dir='ltr'><strong>nobilem</strong></span> <span class='ocrx_word' id='word_1_128' title='bbox 805 2732 945 2816; x_wconf 86' lang='lat' dir='ltr'><strong>puellam</strong></span> <span class='ocrx_word' id='word_1_129' title='bbox 975 2739 1105 2816; x_wconf 79' lang='lat' dir='ltr'><strong>neptem</strong></span> <span class='ocrx_word' id='word_1_130' title='bbox 1133 2753 1252 2813; x_wconf 90' lang='lat' dir='ltr'><strong>eorum,</strong></span> 
     </span>
     <span class='ocr_line' id='line_1_20' title="bbox 111 2839 1252 2920; baseline -0.001 -12"><span class='ocrx_word' id='word_1_131' title='bbox 111 2845 218 2910; x_wconf 82' lang='lat' dir='ltr'><strong>liliam</strong></span> <span class='ocrx_word' id='word_1_132' title='bbox 246 2846 369 2910; x_wconf 84' lang='lat' dir='ltr'><strong>scilicet</strong></span> <span class='ocrx_word' id='word_1_133' title='bbox 394 2843 512 2908; x_wconf 83' lang='lat' dir='ltr'><strong>Jacobi</strong></span> <span class='ocrx_word' id='word_1_134' title='bbox 537 2841 594 2908; x_wconf 84' lang='lat' dir='ltr'><strong>filii</strong></span> <span class='ocrx_word' id='word_1_135' title='bbox 620 2843 733 2907; x_wconf 86' lang='lat' dir='ltr'><strong>Deeew</strong></span> <span class='ocrx_word' id='word_1_136' title='bbox 751 2843 790 2905; x_wconf 91' lang='lat' dir='ltr'><strong>de</strong></span> <span class='ocrx_word' id='word_1_137' title='bbox 806 2841 914 2906; x_wconf 86' lang='lat' dir='ltr'><strong>Reede</strong></span> <span class='ocrx_word' id='word_1_138' title='bbox 940 2839 1071 2906; x_wconf 80' lang='lat' dir='ltr'><strong>Annam</strong></span> <span class='ocrx_word' id='word_1_139' title='bbox 1098 2848 1252 2920; x_wconf 88' lang='lat' dir='ltr'><strong>vocatam,</strong></span> 
     </span>
     <span class='ocr_line' id='line_1_21' title="bbox 113 2950 1251 3037; baseline -0.002 -20"><span class='ocrx_word' id='word_1_140' title='bbox 113 2957 217 3020; x_wconf 87' lang='lat' dir='ltr'><strong>simul</strong></span> <span class='ocrx_word' id='word_1_141' title='bbox 235 2977 306 3019; x_wconf 93' lang='lat' dir='ltr'><strong>cum</strong></span> <span class='ocrx_word' id='word_1_142' title='bbox 323 2953 521 3037; x_wconf 78' lang='lat' dir='ltr'><strong>possessione</strong></span> <span class='ocrx_word' id='word_1_143' title='bbox 538 2974 596 3015; x_wconf 86' lang='lat' dir='ltr'><strong>sna</strong></span> <span class='ocrx_word' id='word_1_144' title='bbox 608 2952 729 3036; x_wconf 85' lang='lat' dir='ltr'><strong>Zynier</strong></span> <span class='ocrx_word' id='word_1_145' title='bbox 740 2955 924 3032; x_wconf 83' lang='lat' dir='ltr'><strong>nuncupata</strong></span> <span class='ocrx_word' id='word_1_146' title='bbox 941 2950 974 3013; x_wconf 91' lang='lat' dir='ltr'><strong>in</strong></span> <span class='ocrx_word' id='word_1_147' title='bbox 991 2951 1146 3014; x_wconf 88' lang='lat' dir='ltr'><strong>comitatu</strong></span> <span class='ocrx_word' id='word_1_148' title='bbox 1158 2951 1251 3016; x_wconf 85' lang='lat' dir='ltr'><strong>Zem-</strong></span> 
     </span>
     <span class='ocr_line' id='line_1_22' title="bbox 111 3058 1251 3136; baseline -0.007 -7"><span class='ocrx_word' id='word_1_149' title='bbox 111 3067 247 3130; x_wconf 86' lang='lat' dir='ltr'><strong>liniensi</strong></span> <span class='ocrx_word' id='word_1_150' title='bbox 266 3073 296 3129; x_wconf 85' lang='lat' dir='ltr'><strong>et</strong></span> <span class='ocrx_word' id='word_1_151' title='bbox 312 3064 404 3128; x_wconf 87' lang='lat' dir='ltr'><strong>iuxta</strong></span> <span class='ocrx_word' id='word_1_152' title='bbox 420 3061 552 3126; x_wconf 83' lang='lat' dir='ltr'><strong>fluvium</strong></span> <span class='ocrx_word' id='word_1_153' title='bbox 568 3059 707 3125; x_wconf 87' lang='lat' dir='ltr'><strong>Harnad</strong></span> <span class='ocrx_word' id='word_1_154' title='bbox 732 3068 768 3124; x_wconf 89' lang='lat' dir='ltr'><strong>ut</strong></span> <span class='ocrx_word' id='word_1_155' title='bbox 785 3059 903 3124; x_wconf 91' lang='lat' dir='ltr'><strong>dicitur</strong></span> <span class='ocrx_word' id='word_1_156' title='bbox 919 3058 1077 3136; x_wconf 86' lang='lat' dir='ltr'><strong>existenti,</strong></span> <span class='ocrx_word' id='word_1_157' title='bbox 1094 3079 1165 3122; x_wconf 92' lang='lat' dir='ltr'><strong>cum</strong></span> <span class='ocrx_word' id='word_1_158' title='bbox 1181 3059 1251 3121; x_wconf 90' lang='lat' dir='ltr'><strong>nni-</strong></span> 
     </span>
     <span class='ocr_line' id='line_1_23' title="bbox 111 3165 1252 3252; baseline -0.006 -16"><span class='ocrx_word' id='word_1_159' title='bbox 111 3174 218 3236; x_wconf 86' lang='lat' dir='ltr'><strong>versis</strong></span> <span class='ocrx_word' id='word_1_160' title='bbox 236 3223 267 3235; x_wconf 95' lang='lat'><strong>..</strong></span> <span class='ocrx_word' id='word_1_161' title='bbox 291 3171 496 3252; x_wconf 88' lang='lat' dir='ltr'><strong>pertinenciis</strong></span> <span class='ocrx_word' id='word_1_162' title='bbox 522 3189 560 3232; x_wconf 87' lang='lat' dir='ltr'><strong>ac</strong></span> <span class='ocrx_word' id='word_1_163' title='bbox 585 3167 752 3250; x_wconf 78' lang='lat' dir='ltr'><strong>particulis</strong></span> <span class='ocrx_word' id='word_1_164' title='bbox 778 3173 939 3232; x_wconf 89' lang='lat' dir='ltr'><strong>terrarum</strong></span> <span class='ocrx_word' id='word_1_165' title='bbox 966 3165 1006 3230; x_wconf 86' lang='lat' dir='ltr'><strong>ad</strong></span> <span class='ocrx_word' id='word_1_166' title='bbox 1033 3166 1167 3230; x_wconf 84' lang='lat' dir='ltr'><strong>eandem</strong></span> <span class='ocrx_word' id='word_1_167' title='bbox 1184 3187 1252 3247; x_wconf 88' lang='lat' dir='ltr'><strong>spe-</strong></span> 
     </span>
     <span class='ocr_line' id='line_1_24' title="bbox 111 3272 1252 3360; baseline -0.007 -17"><span class='ocrx_word' id='word_1_168' title='bbox 111 3281 293 3357; x_wconf 81' lang='lat' dir='ltr'><strong>ctantibus,</strong></span> <span class='ocrx_word' id='word_1_169' title='bbox 319 3279 566 3360; x_wconf 75' lang='lat' dir='ltr'><strong>specialiterque</strong></span> <span class='ocrx_word' id='word_1_170' title='bbox 583 3297 653 3340; x_wconf 92' lang='lat' dir='ltr'><strong>cum</strong></span> <span class='ocrx_word' id='word_1_171' title='bbox 671 3277 774 3340; x_wconf 78' lang='lat' dir='ltr'><strong>fiterio</strong></span> <span class='ocrx_word' id='word_1_172' title='bbox 801 3272 1204 3355; x_wconf 83' lang='lat' dir='ltr'><strong>p1·ivilegialibusccndam</strong></span> <span class='ocrx_word' id='word_1_173' title='bbox 1222 3323 1227 3336; x_wconf 93' lang='lat'>.</span> <span class='ocrx_word' id='word_1_174' title='bbox 1245 3323 1252 3336; x_wconf 92' lang='lat'>.</span> 
     </span>
     <span class='ocr_line' id='line_1_25' title="bbox 109 3382 1253 3471; baseline -0.009 -17"><span class='ocrx_word' id='word_1_175' title='bbox 109 3382 1253 3471; x_wconf 36' lang='lat' dir='ltr'><strong>mmmmmmmmmmmmmmmmmmmu</strong></span> 
     </span>
     <span class='ocr_line' id='line_1_26' title="bbox 107 3489 1252 3584; baseline -0.011 -20"><span class='ocrx_word' id='word_1_176' title='bbox 107 3509 209 3584; x_wconf 85' lang='lat' dir='ltr'><strong>parte</strong></span> <span class='ocrx_word' id='word_1_177' title='bbox 227 3499 437 3580; x_wconf 83' lang='lat' dir='ltr'><strong>oquaciarum</strong></span> <span class='ocrx_word' id='word_1_178' title='bbox 454 3513 585 3559; x_wconf 84' lang='lat' dir='ltr'><strong>suarum</strong></span> <span class='ocrx_word' id='word_1_179' title='bbox 601 3492 707 3556; x_wconf 89' lang='lat' dir='ltr'><strong>adhuc</strong></span> <span class='ocrx_word' id='word_1_180' title='bbox 724 3491 861 3572; x_wconf 90' lang='lat' dir='ltr'><strong>simplici</strong></span> <span class='ocrx_word' id='word_1_181' title='bbox 879 3489 941 3553; x_wconf 90' lang='lat' dir='ltr'><strong>fide</strong></span> <span class='ocrx_word' id='word_1_182' title='bbox 969 3489 1139 3564; x_wconf 83' lang='lat' dir='ltr'><strong>mediante,</strong></span> <span class='ocrx_word' id='word_1_183' title='bbox 1156 3494 1252 3570; x_wconf 90' lang='lat' dir='ltr'><strong>prout</strong></span> 
     </span>
     <span class='ocr_line' id='line_1_27' title="bbox 107 3597 1249 3684; baseline -0.012 -12"><span class='ocrx_word' id='word_1_184' title='bbox 107 3612 142 3672; x_wconf 92' lang='lat' dir='ltr'><strong>in</strong></span> <span class='ocrx_word' id='word_1_185' title='bbox 164 3606 288 3670; x_wconf 86' lang='lat' dir='ltr'><strong>talibus</strong></span> <span class='ocrx_word' id='word_1_186' title='bbox 314 3602 594 3684; x_wconf 83' lang='lat' dir='ltr'><strong>antenupcialibus</strong></span> <span class='ocrx_word' id='word_1_187' title='bbox 619 3601 704 3662; x_wconf 89' lang='lat' dir='ltr'><strong>inter</strong></span> <span class='ocrx_word' id='word_1_188' title='bbox 730 3604 878 3682; x_wconf 87' lang='lat' dir='ltr'><strong>parentes</strong></span> <span class='ocrx_word' id='word_1_189' title='bbox 905 3597 1150 3679; x_wconf 81' lang='lat' dir='ltr'><strong>coniugancium</strong></span> <span class='ocrx_word' id='word_1_190' title='bbox 1177 3617 1249 3660; x_wconf 91' lang='lat' dir='ltr'><strong>con-</strong></span> 
     </span>
     <span class='ocr_line' id='line_1_28' title="bbox 107 3704 1251 3792; baseline -0.013 -11"><span class='ocrx_word' id='word_1_191' title='bbox 107 3704 1251 3792; x_wconf 50' lang='lat' dir='ltr'><strong>uwmfflmwmmfflfflmwmmfflmm</strong></span> 
     </span>
     <span class='ocr_line' id='line_1_29' title="bbox 106 3813 1249 3911; baseline -0.015 -21"><span class='ocrx_word' id='word_1_192' title='bbox 106 3830 284 3911; x_wconf 79' lang='lat' dir='ltr'><strong>pretectus</strong></span> <span class='ocrx_word' id='word_1_193' title='bbox 301 3842 405 3884; x_wconf 89' lang='lat' dir='ltr'><strong>comes</strong></span> <span class='ocrx_word' id='word_1_194' title='bbox 422 3819 604 3883; x_wconf 83' lang='lat' dir='ltr'><strong>Damianos</strong></span> <span class='ocrx_word' id='word_1_195' title='bbox 621 3817 813 3879; x_wconf 87' lang='lat' dir='ltr'><strong>auctoritate</strong></span> <span class='ocrx_word' id='word_1_196' title='bbox 825 3813 1049 3896; x_wconf 82' lang='lat' dir='ltr'><strong>procuratorio</strong></span> <span class='ocrx_word' id='word_1_197' title='bbox 1066 3833 1190 3875; x_wconf 82' lang='lat' dir='ltr'><strong>exnunc</strong></span> <span class='ocrx_word' id='word_1_198' title='bbox 1200 3833 1249 3874; x_wconf 94' lang='lat' dir='ltr'><strong>co·</strong></span> 
     </span>
     <span class='ocr_line' id='line_1_30' title="bbox 105 3918 1250 4011; baseline -0.015 -12"><span class='ocrx_word' id='word_1_199' title='bbox 105 3957 185 3999; x_wconf 87' lang='lat' dir='ltr'><strong>ram</strong></span> <span class='ocrx_word' id='word_1_200' title='bbox 212 3930 303 3996; x_wconf 90' lang='lat' dir='ltr'><strong>nobis</strong></span> <span class='ocrx_word' id='word_1_201' title='bbox 329 3931 362 3993; x_wconf 95' lang='lat' dir='ltr'><strong>in</strong></span> <span class='ocrx_word' id='word_1_202' title='bbox 389 3948 527 4011; x_wconf 88' lang='lat' dir='ltr'><strong>persona</strong></span> <span class='ocrx_word' id='word_1_203' title='bbox 552 3924 628 3988; x_wconf 91' lang='lat' dir='ltr'><strong>dicti</strong></span> <span class='ocrx_word' id='word_1_204' title='bbox 657 3924 775 3988; x_wconf 92' lang='lat' dir='ltr'><strong>domini</strong></span> <span class='ocrx_word' id='word_1_205' title='bbox 809 3923 859 3986; x_wconf 86' lang='lat' dir='ltr'><strong>sui</strong></span> <span class='ocrx_word' id='word_1_206' title='bbox 885 3922 1042 4004; x_wconf 89' lang='lat' dir='ltr'><strong>premissa</strong></span> <span class='ocrx_word' id='word_1_207' title='bbox 1058 3970 1089 3984; x_wconf 91' lang='lat'><strong>..</strong></span> <span class='ocrx_word' id='word_1_208' title='bbox 1113 3918 1250 3984; x_wconf 88' lang='lat' dir='ltr'><strong>contulit</strong></span> 
     </span>
     <span class='ocr_line' id='line_1_31' title="bbox 105 4027 1249 4122; baseline -0.016 -14"><span class='ocrx_word' id='word_1_209' title='bbox 105 4043 245 4108; x_wconf 84' lang='lat' dir='ltr'><strong>easdem</strong></span> <span class='ocrx_word' id='word_1_210' title='bbox 271 4037 502 4122; x_wconf 86' lang='lat' dir='ltr'><strong>possessionem</strong></span> <span class='ocrx_word' id='word_1_211' title='bbox 529 4041 561 4098; x_wconf 89' lang='lat' dir='ltr'><strong>ct</strong></span> <span class='ocrx_word' id='word_1_212' title='bbox 586 4034 736 4114; x_wconf 85' lang='lat' dir='ltr'><strong>equncias</strong></span> <span class='ocrx_word' id='word_1_213' title='bbox 762 4036 917 4112; x_wconf 85' lang='lat' dir='ltr'><strong>perpetuo</strong></span> <span class='ocrx_word' id='word_1_214' title='bbox 934 4029 1151 4112; x_wconf 82' lang='lat' dir='ltr'><strong>possidendae,</strong></span> <span class='ocrx_word' id='word_1_215' title='bbox 1177 4027 1249 4092; x_wconf 87' lang='lat' dir='ltr'><strong>ideo</strong></span> 
     </span>
     <span class='ocr_line' id='line_1_32' title="bbox 104 4135 1248 4236; baseline -0.016 -20"><span class='ocrx_word' id='word_1_216' title='bbox 104 4156 183 4236; x_wconf 85' lang='lat' dir='ltr'><strong>ipse</strong></span> <span class='ocrx_word' id='word_1_217' title='bbox 200 4151 262 4214; x_wconf 92' lang='lat' dir='ltr'><strong>hoc</strong></span> <span class='ocrx_word' id='word_1_218' title='bbox 279 4146 499 4211; x_wconf 72' lang='lat' dir='ltr'><strong>:resumsisset</strong></span> <span class='ocrx_word' id='word_1_219' title='bbox 518 4191 523 4205; x_wconf 94' lang='lat'>.</span> <span class='ocrx_word' id='word_1_220' title='bbox 549 4166 565 4206; x_wconf 91' lang='lat' dir='ltr'><strong>e</strong></span> <span class='ocrx_word' id='word_1_221' title='bbox 595 4161 753 4218; x_wconf 85' lang='lat' dir='ltr'><strong>converso,</strong></span> <span class='ocrx_word' id='word_1_222' title='bbox 780 4138 864 4221; x_wconf 89' lang='lat' dir='ltr'><strong>quod</strong></span> <span class='ocrx_word' id='word_1_223' title='bbox 890 4139 916 4200; x_wconf 89' lang='lat' dir='ltr'><strong>si</strong></span> <span class='ocrx_word' id='word_1_224' title='bbox 942 4138 1049 4219; x_wconf 91' lang='lat' dir='ltr'><strong>ipsum</strong></span> <span class='ocrx_word' id='word_1_225' title='bbox 1064 4135 1113 4199; x_wconf 83' lang='lat' dir='ltr'><strong>vel</strong></span> <span class='ocrx_word' id='word_1_226' title='bbox 1130 4135 1248 4200; x_wconf 88' lang='lat' dir='ltr'><strong>dictam</strong></span> 
     </span>
     <span class='ocr_line' id='line_1_33' title="bbox 102 4243 1249 4335; baseline -0.014 -13"><span class='ocrx_word' id='word_1_227' title='bbox 102 4255 316 4324; x_wconf 85' lang='lat' dir='ltr'><strong>domicellam</strong></span> <span class='ocrx_word' id='word_1_228' title='bbox 342 4255 509 4335; x_wconf 86' lang='lat' dir='ltr'><strong>coniugem</strong></span> <span class='ocrx_word' id='word_1_229' title='bbox 536 4272 627 4314; x_wconf 85' lang='lat' dir='ltr'><strong>snam</strong></span> <span class='ocrx_word' id='word_1_230' title='bbox 654 4255 729 4312; x_wconf 85' lang='lat' dir='ltr'><strong>ante</strong></span> <span class='ocrx_word' id='word_1_231' title='bbox 755 4245 917 4310; x_wconf 88' lang='lat' dir='ltr'><strong>carnalem</strong></span> <span class='ocrx_word' id='word_1_232' title='bbox 943 4243 1181 4326; x_wconf 86' lang='lat' dir='ltr'><strong>copulacionem</strong></span> <span class='ocrx_word' id='word_1_233' title='bbox 1199 4243 1249 4306; x_wconf 83' lang='lat' dir='ltr'><strong>vel</strong></span> 
     </span>
     <span class='ocr_line' id='line_1_34' title="bbox 103 4349 1247 4452; baseline -0.013 -24"><span class='ocrx_word' id='word_1_234' title='bbox 103 4375 187 4452; x_wconf 88' lang='lat' dir='ltr'><strong>post</strong></span> <span class='ocrx_word' id='word_1_235' title='bbox 204 4365 323 4429; x_wconf 83' lang='lat' dir='ltr'><strong>dictem</strong></span> <span class='ocrx_word' id='word_1_236' title='bbox 350 4361 512 4426; x_wconf 86' lang='lat' dir='ltr'><strong>carnalem</strong></span> <span class='ocrx_word' id='word_1_237' title='bbox 537 4357 777 4440; x_wconf 86' lang='lat' dir='ltr'><strong>copulacionem</strong></span> <span class='ocrx_word' id='word_1_238' title='bbox 804 4352 926 4434; x_wconf 88' lang='lat' dir='ltr'><strong>absque</strong></span> <span class='ocrx_word' id='word_1_239' title='bbox 950 4351 1105 4416; x_wconf 88' lang='lat' dir='ltr'><strong>heredum</strong></span> <span class='ocrx_word' id='word_1_240' title='bbox 1121 4349 1247 4424; x_wconf 87' lang='lat' dir='ltr'><strong>solacio,</strong></span> 
     </span>
     <span class='ocr_line' id='line_1_35' title="bbox 101 4454 1246 4560; baseline -0.019 -20"><span class='ocrx_word' id='word_1_241' title='bbox 101 4475 200 4560; x_wconf 82' lang='lat' dir='ltr'><strong>quod</strong></span> <span class='ocrx_word' id='word_1_242' title='bbox 219 4473 296 4536; x_wconf 89' lang='lat' dir='ltr'><strong>deus</strong></span> <span class='ocrx_word' id='word_1_243' title='bbox 312 4475 449 4550; x_wconf 75' lang='lat' dir='ltr'><strong>avertat,</strong></span> <span class='ocrx_word' id='word_1_244' title='bbox 474 4466 627 4531; x_wconf 85' lang='lat' dir='ltr'><strong>decedere</strong></span> <span class='ocrx_word' id='word_1_245' title='bbox 644 4464 845 4543; x_wconf 82' lang='lat' dir='ltr'><strong>contingeret</strong></span> <span class='ocrx_word' id='word_1_246' title='bbox 871 4466 988 4524; x_wconf 83' lang='lat' dir='ltr'><strong>extunc</strong></span> <span class='ocrx_word' id='word_1_247' title='bbox 1013 4460 1081 4540; x_wconf 89' lang='lat' dir='ltr'><strong>ipse</strong></span> <span class='ocrx_word' id='word_1_248' title='bbox 1113 4454 1246 4539; x_wconf 87' lang='lat' dir='ltr'><strong>prealle·</strong></span> 
     </span>
     <span class='ocr_line' id='line_1_36' title="bbox 101 4564 1245 4662; baseline -0.023 -13"><span class='ocrx_word' id='word_1_249' title='bbox 101 4564 1245 4662; x_wconf 45' lang='lat' dir='ltr'><strong>gmwmfflmmmfflmmfflwfflmmmmfflmn</strong></span> 
     </span>
     <span class='ocr_line' id='line_1_37' title="bbox 101 4671 1247 4757; baseline -0.022 0"><span class='ocrx_word' id='word_1_250' title='bbox 101 4697 159 4757; x_wconf 86' lang='lat' dir='ltr'><strong>cio</strong></span> <span class='ocrx_word' id='word_1_251' title='bbox 178 4710 289 4754; x_wconf 87' lang='lat' dir='ltr'><strong>socero</strong></span> <span class='ocrx_word' id='word_1_252' title='bbox 306 4694 338 4751; x_wconf 83' lang='lat' dir='ltr'><strong>et</strong></span> <span class='ocrx_word' id='word_1_253' title='bbox 354 4686 473 4750; x_wconf 89' lang='lat' dir='ltr'><strong>domini</strong></span> <span class='ocrx_word' id='word_1_254' title='bbox 492 4683 594 4748; x_wconf 82' lang='lat' dir='ltr'><strong>socrui</strong></span> <span class='ocrx_word' id='word_1_255' title='bbox 614 4681 679 4743; x_wconf 88' lang='lat' dir='ltr'><strong>suis</strong></span> <span class='ocrx_word' id='word_1_256' title='bbox 697 4685 755 4742; x_wconf 88' lang='lat' dir='ltr'><strong>aut</strong></span> <span class='ocrx_word' id='word_1_257' title='bbox 771 4675 926 4740; x_wconf 84' lang='lat' dir='ltr'><strong>fratribus</strong></span> <span class='ocrx_word' id='word_1_258' title='bbox 937 4674 984 4736; x_wconf 84' lang='lat' dir='ltr'><strong>vel</strong></span> <span class='ocrx_word' id='word_1_259' title='bbox 1002 4671 1247 4753; x_wconf 80' lang='lat' dir='ltr'><strong>consanguineis</strong></span> 
     </span>
    </p>
   </div>
   <div class='ocr_carea' id='block_1_6' title="bbox 99 4778 1245 4955">
    <p class='ocr_par' dir='ltr' id='par_1_6' title="bbox 99 4778 1245 4955">
     <span class='ocr_line' id='line_1_38' title="bbox 99 4778 1245 4865; baseline -0.021 -2"><span class='ocrx_word' id='word_1_260' title='bbox 99 4799 188 4865; x_wconf 88' lang='lat' dir='ltr'><strong>dicti</strong></span> <span class='ocrx_word' id='word_1_261' title='bbox 216 4793 390 4860; x_wconf 75' lang='lat' dir='ltr'><strong>letinencii</strong></span> <span class='ocrx_word' id='word_1_262' title='bbox 417 4793 598 4858; x_wconf 85' lang='lat' dir='ltr'><strong>reddere..</strong></span> <span class='ocrx_word' id='word_1_263' title='bbox 622 4793 794 4862; x_wconf 66' lang='lat' dir='ltr'><strong>teneretur⁷</strong></span> <span class='ocrx_word' id='word_1_264' title='bbox 821 4782 966 4864; x_wconf 74' lang='lat' dir='ltr'><strong>qiralilret</strong></span> <span class='ocrx_word' id='word_1_265' title='bbox 985 4781 1149 4844; x_wconf 83' lang='lat' dir='ltr'><strong>occasione</strong></span> <span class='ocrx_word' id='word_1_266' title='bbox 1166 4778 1245 4841; x_wconf 88' lang='lat' dir='ltr'><strong>rele-</strong></span> 
     </span>
     <span class='ocr_line' id='line_1_39' title="bbox 1090 4906 1137 4955; baseline 0.021 -2"><span class='ocrx_word' id='word_1_267' title='bbox 1090 4906 1137 4955; x_wconf 78' lang='lat'><strong>37*</strong></span> 
     </span>
    </p>
   </div>
   <div class='ocr_carea' id='block_1_7' title="bbox 0 0 1598 5476">
    <p class='ocr_par' dir='ltr' id='par_1_7' title="bbox 0 0 1598 5476">
     <span class='ocr_line' id='line_1_40' title="bbox 0 0 1598 5476; baseline 0 8"><span class='ocrx_word' id='word_1_268' title='bbox 0 0 1598 5476; x_wconf 95' lang='lat' dir='ltr'><strong> </strong></span> 
     </span>
    </p>
   </div>
  </div>
 </body>
</html>
