3180 5470
367 567 431 627 372
716 579 903 626 nuJeuueur
919 565 1134 624 enutriris.

367 742 462 807 nicha
478 740 566 826 apud
582 741 756 807 eeclesiam
766 741 869 806 sancti
888 739 1068 822 Michaelis,
1084 761 1181 824 super
1206 738 1292 804 facte
1309 737 1399 804 cuius
1415 743 1487 803 terre

366 851 399 914 in
415 849 523 914 duello
539 849 635 914 iidem
650 855 761 915 centra
777 847 973 915 Michaelem
990 847 1090 914 filium
1112 848 1245 915 Andree
1270 846 1487 932 processissent

372 979 479 1022 ceram
504 958 581 1042 ipso,
607 959 640 1022 in
666 979 729 1042 que
754 958 916 1024 consecuti
942 957 1077 1022 luissent
1096 957 1263 1022 victoriam
1280 957 1408 1021 favente
1430 956 1488 1034 dee,

369 1067 537 1132 statuisset
553 1075 649 1151 prout
675 1069 819 1151 ipserum
844 1067 893 1132 ius
923 1068 1001 1151 ipsis
1017 1067 1185 1132 Demetrio
1204 1067 1367 1131 Damione
1387 1073 1419 1130 et
1433 1065 1488 1130 suis

369 1175 529 1240 fratribus
545 1175 699 1260 predictis
710 1181 866 1260 perpetue
876 1175 1110 1259 possidendam.
1130 1175 1413 1258 Pretereaquarta
1429 1193 1488 1255 pre-

367 1283 528 1349 dictarum
544 1284 713 1349 literarum
730 1291 903 1348 cenventus
920 1283 959 1348 de
976 1284 1128 1350 Thurech
1145 1305 1215 1349 esse
1231 1303 1392 1367 apparens
1403 1287 1487 1345 etnee

368 1414 488 1457 aunum
505 1413 562 1458 neo
578 1393 661 1457 diem
688 1414 743 1458 sue
768 1393 843 1458 date
861 1393 992 1472 habens,
1017 1391 1164 1458 finxisset
1187 1393 1291 1477 ipsum
1312 1395 1488 1456 conventum

370 1499 494 1565 Thema¹
509 1502 617 1566 comiti
633 1501 673 1565 de
689 1501 806 1566 Zelum
832 1502 942 1566 taliter
968 1503 1179 1586 rescripsisse,
1205 1509 1240 1566 ut
1264 1501 1442 1566 Damianos
1462 1503 1488 1560 et

368 1610 515 1674 Mathias
532 1608 669 1693 predicti
686 1609 809 1674 scilicet
825 1617 963 1690 utraque
988 1632 1064 1694 pars
1089 1631 1186 1693 super
1202 1609 1364 1692 quandam
1381 1613 1489 1672 terram

368 1717 409 1782 ad
426 1717 489 1782 due
505 1724 616 1781 aratra
633 1716 854 1796 sufficientem,
870 1739 933 1800 que
950 1718 984 1781 in
1000 1717 1111 1782 eadem
1128 1719 1225 1782 litera
1235 1719 1425 1782 nominatim
1435 1739 1488 1781 nen

368 1825 481 1890 luisset
505 1824 674 1908 explicata,
699 1826 925 1908 produxissent
950 1831 1057 1904 testea,
1086 1828 1142 1906 qui
1172 1827 1300 1890 omnino
1332 1827 1403 1889 viva
1424 1847 1487 1889 voce

371 1933 625 2016 dixissentque}
642 1941 715 2017 pest
730 1939 872 2000 tartaros
890 1940 1010 2018 etpost
1026 1941 1161 1999 mortem
1181 1934 1323 1999 eiusdem
1339 1933 1490 2012 Damiani,

370 2042 475 2126 ipsum
492 2041 598 2106 dictus
614 2040 760 2106 Mothites
777 2041 818 2106 ab
835 2041 947 2108 eadem
972 2049 1061 2108 terra
1077 2043 1259 2126 expulisset.
1293 2040 1416 2125 Quibus
1431 2043 1489 2124 qui-

372 2148 444 2212 dem
461 2147 563 2214 literis
574 2149 693 2231 revisis,
701 2150 869 2233 prescripti
887 2149 1031 2216 Michael
1048 2155 1081 2215 et
1091 2173 1149 2234 pre
1159 2171 1196 2215 ee
1206 2149 1232 2215 J
1233 2171 1353 2214 oannes
1369 2149 1490 2234 Myklen

370 2257 557 2322 Demetrius
574 2253 625 2340 Z(.
643 2253 740 2340 .)plra‚
757 2257 890 2337 Paulus,
907 2257 990 2322 alter
1000 2257 1126 2323 Paulus
1142 2257 1168 2323 J
1168 2279 1288 2323 oannes
1304 2257 1454 2324 Nicolaus
1463 2261 1490 2319 et

370 2361 522 2444 Michael,
539 2363 683 2448 prefatos
699 2355 898 2429 Damiamim
915 2370 947 2430 et
962 2363 1174 2444 Demetrium,
1191 2365 1373 2431 Martinam
1392 2372 1422 2429 et
1439 2364 1491 2428 Ze·

368 2471 423 2556 lyn
439 2470 523 2535 filies
539 2470 667 2556 Voyteh
683 2472 807 2554 priores
832 2471 1073 2555 predecessores
1098 2493 1207 2537 eorum
1233 2473 1333 2538 fuisse
1352 2479 1384 2537 et
1398 2471 1490 2556 prefa-

371 2585 438 2644 tam
455 2584 575 2642 terram
592 2579 784 2663 Zereuyeha
810 2579 1010 2662 prolatarum
1036 2586 1175 2662 quatuor
1200 2581 1367 2646 literarum
1386 2579 1490 2663 vigori·

370 2687 430 2751 bns
456 2687 671 2752 mediantibus
698 2708 731 2752 se
756 2687 936 2772 possedisse
961 2687 1175 2772 allegassent;
1197 2711 1270 2754 cum
1302 2697 1407 2755 autem
1431 2689 1491 2771 ipse

370 2816 475 2860 cemes
492 2795 633 2861 Thomas
649 2797 735 2880 ipses
752 2793 782 2880 (.
800 2847 806 2860 .
824 2849 830 2862 .
848 2794 879 2880 .)
896 2817 993 2879 super
1008 2818 1054 2875 ee,
1070 2804 1179 2862 utrum
1193 2798 1256 2882 ipsi
1267 2800 1363 2882 plura
1378 2799 1488 2862 instru-

372 2910 481 2968 menta
498 2926 594 2988 super
611 2904 697 2969 facte
713 2904 855 2970 eiusdem
871 2912 957 2970 terre
967 2905 1159 2991 Zereuyeha
1168 2907 1331 2971 nominate
1348 2905 1491 2970 habereut

373 3012 423 3076 vel
448 3033 496 3090 ne,
522 3019 669 3078 consveto
695 3032 783 3076 mere
799 3011 967 3078 iudiciario
993 3013 1087 3078 trinis
1112 3013 1234 3079 vicibus
1259 3015 1491 3097 interrogasset,

372 3119 509 3202 predicti
525 3120 636 3185 rustici
653 3121 748 3203 plura
765 3119 980 3208 instrumenta
997 3140 1094 3202 super
1110 3119 1195 3185 facte
1212 3121 1354 3185 eiusdem
1370 3126 1493 3184 terrase

372 3250 435 3292 nen
451 3228 570 3292 hahere
587 3229 809 3294 asseruissent.
828 3227 901 3311 Ipse
919 3227 1048 3310 quidem
1073 3249 1177 3293 cemes
1204 3229 1347 3294 Thomas
1363 3227 1492 3294 conside·

374 3336 454 3400 ratis
479 3337 643 3418 premissis
670 3341 702 3400 et
733 3336 875 3418 pensatis
900 3335 995 3400 huius
1021 3357 1116 3400 cause
1141 3337 1400 3418 circumstantiis
1425 3336 1493 3400 lieet

375 3450 453 3508 tunc
470 3444 503 3507 iu
521 3445 631 3508 eadem
649 3443 900 3526 congregacione
910 3431 947 3507 in¹
958 3445 1123 3526 premissis
1133 3443 1230 3508 finem
1246 3445 1388 3510 debitum
1398 3444 1493 3509 lacere

373 3553 540 3634 potuisset,
555 3559 664 3616 tamen
680 3571 720 3614 ne
737 3551 770 3614 in
786 3551 903 3615 iudicio
919 3549 1065 3616 faciende
1082 3550 1217 3616 festinus
1241 3552 1310 3619 fore
1326 3552 1494 3618 censidera-

372 3667 471 3740 retur,
503 3659 732 3726 discussionem
767 3659 996 3742 premissorum
1028 3659 1069 3724 ab
1099 3659 1157 3724 illa
1188 3662 1435 3744 congregacione
1464 3658 1494 3722 in

372 3769 495 3834 curiam
512 3771 636 3852 regiam
652 3767 882 3833 transtulisset.
906 3767 1130 3834 Taudemdum
1156 3770 1253 3834 simul
1273 3792 1346 3834 cum
1361 3765 1494 3852 mamili-

372 3877 417 3941 eis
434 3875 510 3940 viris
526 3875 662 3942 Nicolae
678 3877 832 3960 palatine,
850 3875 975 3941 Thema
999 3876 1066 3942 filie
1083 3877 1174 3943 Petri
1201 3879 1318 3943 comite
1343 3879 1380 3943 de
1395 3877 1495 3961 Lypte

374 3989 406 4047 et
424 3983 463 4049 de
479 3983 594 4064 Keras,
611 3983 749 4050 Nicolae
766 3985 853 4049 dicte
886 3984 1019 4050 Treutel
1042 3987 1175 4051 cendam
1195 3987 1381 4052 Peseniensi
1396 3991 1428 4050 et
1441 3985 1495 4047 ‹le-

371 4091 478 4156 hanne
494 4091 572 4157 elim
588 4092 627 4156 de
643 4091 729 4157 dicta
745 4091 899 4156 Thureoh
916 4091 1092 4171 comitibus,
1108 4091 1246 4159 Nicolae
1262 4091 1496 4179 prothonotario

374 4195 387 4282 (
399 4249 500 4265 .....
511 4197 525 4284 )
549 4201 686 4283 palatini
703 4207 735 4266 et
751 4201 825 4266 aliis
841 4201 951 4266 multis
967 4201 1128 4267 nobilibus
1153 4203 1245 4286 regui
1265 4203 1405 4269 tribunal
1421 4199 1496 4264 indi-

373 4307 455 4372 ciale
470 4307 504 4372 in
520 4309 639 4372 octavis
655 4305 741 4373 beati
759 4307 893 4392 Georgii
909 4311 1052 4375 martiris
1069 4311 1102 4375 in
1118 4309 1204 4375 dicta
1226 4311 1316 4376 curia
1327 4311 1413 4394 regia
1430 4331 1498 4374 con·

373 4416 516 4495 sedisset,
532 4417 719 4500 prescriptis
735 4424 875 4501 quatuor
891 4419 993 4485 literis
1010 4441 1067 4504 per
1083 4419 1168 4504 ipses
1185 4421 1325 4486 rusticos
1341 4425 1498 4504 presenta-

373 4524 414 4588 tis
440 4525 472 4589 iu
489 4525 594 4607 specie
610 4525 782 4608 diligenter
797 4527 918 4606 revisis,
935 4527 1013 4612 quia
1037 4527 1181 4612 predicte
1207 4527 1270 4592 due
1287 4527 1376 4593 litere
1392 4525 1496 4591 clause

374 4637 406 4694 et
421 4632 525 4715 capite
541 4632 661 4697 nullius
687 4634 787 4717 sigilli
812 4636 939 4719 signata
959 4635 1068 4718 sigilla
1093 4637 1249 4720 premisse
1275 4635 1366 4700 medo
1381 4636 1415 4699 in
1432 4641 1500 4700 tan·

373 4745 442 4804 tum
458 4739 621 4804 destructa
637 4740 833 4824 habuissent,
849 4749 886 4808 ut
899 4739 931 4826 (
949 4791 955 4806 .
973 4792 979 4806 .
997 4741 1028 4828 .)
1055 4744 1151 4810 litera
1167 4751 1200 4810 et
1216 4745 1378 4829 sculptura
1393 4751 1501 4828 preter
