3180 5466
326 511 390 572 480
693 525 878 570 Annonnonr
896 509 1110 569 (rnnlnr'rin.

325 688 492 770 sexaginta
507 687 656 769 iugerum
672 691 756 750 terre
773 709 832 751 uec
856 708 941 751 nunc
965 707 1025 751 nec
1050 687 1084 749 in
1109 691 1273 768 posterum
1296 682 1458 750 contradi·

326 802 433 860 cturos
449 794 516 859 fore
542 801 573 858 et
598 815 666 858 esse
691 794 772 858 velle
791 793 1005 859 affirmarunt.
1023 793 1118 858 Unde
1142 814 1199 856 nos
1215 793 1265 858 his
1281 791 1402 857 auditis
1427 797 1460 854 et

325 905 493 988 perceptis,
508 925 645 971 unacum
669 902 843 967 baronibus
868 903 1025 986 regnique
1050 901 1210 966 nobilibus
1235 901 1401 966 nobiscnm
1426 900 1459 962 in

326 1013 400 1076 sede
416 1018 528 1076 nostra
545 1010 714 1076 iudiciaria
730 1010 925 1087 sedentibus,
946 1009 1147 1093 preallegata
1167 1010 1336 1092 sexaginta
1345 1010 1460 1090 iugera

326 1127 412 1185 terre
429 1119 488 1184 snb
504 1119 691 1201 prescriptis
707 1118 802 1182 metis
816 1116 1109 1183 etlimitacionihus
1124 1118 1158 1181 in
1174 1105 1277 1182 literis
1287 1116 1461 1200 prescripti

228 1283 233 1288 .
327 1230 452 1294 comitis
476 1229 574 1292 Pauli
599 1229 743 1292 seriatim
774 1228 933 1291 contentis
959 1233 990 1290 et
1015 1227 1183 1308 expressis,
1209 1247 1267 1308 per
1295 1225 1458 1308 predictos

328 1336 523 1420 Gregorinm
539 1336 659 1400 dictum
676 1335 781 1400 Zekul
797 1341 829 1400 et
844 1335 1039 1400 Michaelem
1054 1335 1189 1399 fratrem
1200 1356 1292 1400 sunm
1302 1335 1382 1416 ipsis
1393 1354 1460 1396 ma-

328 1446 436 1528 gistris
451 1445 476 1508 J
478 1444 597 1508 ohanni
622 1451 654 1506 et
678 1443 804 1508 Jacobo
830 1443 904 1508 filiis
930 1441 1121 1520 Alexandri,
1146 1449 1184 1507 ut
1199 1449 1382 1526 protectum
1403 1447 1461 1521 est,

328 1552 458 1636 pacifice
474 1574 582 1617 coram
599 1552 689 1616 nobis
700 1553 742 1616 ad
752 1552 914 1634 predictas
932 1553 1146 1634 possessiones
1156 1573 1266 1616 eorum
1283 1553 1460 1634 resignata,

328 1682 366 1724 ac
382 1681 467 1724 nnnc
483 1659 601 1724 eisdem
618 1665 742 1724 statuta
759 1665 791 1723 et
817 1661 960 1736 remissa,
985 1681 1023 1723 ac
1048 1659 1089 1723 ad
1114 1659 1322 1741 pretitulatns
1340 1678 1463 1742 posses-

328 1769 432 1832 siones
448 1769 590 1850 ipsorum
607 1768 732 1832 nemine
749 1767 986 1831 contradictore
1005 1773 1183 1850 apparente
1199 1767 1373 1848 applicata,
1384 1767 1463 1846 ipsis

329 1876 493 1957 magistris
509 1873 654 1938 Johanni
680 1881 712 1938 et
736 1874 861 1938 Jacobo
886 1874 962 1938 filiis
979 1871 1160 1938 Alexandri
1185 1894 1325 1937 necnon
1351 1894 1462 1936 eornm

328 1982 500 2049 heredibus
525 1982 567 2045 ad
592 1983 834 2066 prenominatas
859 1982 1074 2064 possessiones
1105 2002 1215 2045 eorum
1242 1979 1408 2046 Snmlrnth
1432 1987 1464 2041 et

329 2095 488 2170 Rosusna,
504 2115 541 2156 eo
557 2093 626 2157 iure
643 2113 718 2157 eave
730 2094 927 2176 proprietate
938 2100 971 2157 et
980 2094 1059 2156 iuris
1077 2093 1180 2172 titulo,
1192 2091 1462 2174 quemadmodum

331 2202 512 2267 racionibns
529 2201 693 2284 premissis
709 2202 788 2283 ipsis
804 2201 1015 2265 dinoscuntur
1039 2203 1211 2284 pertinere,
1236 2200 1304 2263 sine
1321 2197 1463 2280 preindi-

332 2311 379 2373 cio
398 2311 475 2374 iuris
492 2309 598 2390 alieni,
615 2310 809 2372 anctoritate
825 2309 1027 2391 presencium
1052 2309 1267 2372 commisimus
1284 2313 1317 2369 et
1333 2305 1461 2388 reliqni-

330 2439 401 2480 mus
417 2418 487 2481 inre
505 2416 670 2498 perennali
686 2416 851 2499 possidere
867 2422 976 2480 tenere
987 2422 1018 2479 et
1034 2415 1154 2480 hahere
1171 2467 1177 2479 .
1195 2465 1201 2478 .
1225 2415 1350 2478 Datum
1362 2413 1463 2477 Bude.

331 2525 518 2590 duodecimo
534 2527 586 2590 die
603 2532 787 2590 octavarum
804 2525 878 2588 festi
894 2525 981 2588 beati
993 2523 1126 2606 Georgii
1143 2524 1286 2588 martiris
1303 2523 1464 2605 predicta-

332 2656 411 2710 rum,
428 2655 512 2698 anno
528 2634 648 2697 domini
666 2634 841 2697 Millesimo
858 2631 978 2699 OOCmo
995 2634 1264 2715 quinquagesimo
1281 2633 1396 2714 primo.

439 2815 730 2877 Azelneszettpecset
756 2815 818 2862 zdld
842 2816 962 2875 selymen
986 2816 1113 2878 sdggdtt3
1134 2813 1263 2876 eredetije
1286 2828 1318 2860 az
1340 2827 1410 2858 orsa.
1430 2813 1461 2858 lt.

334 2905 431 2954 lineat.
447 2911 514 2952 neat
529 2905 561 2954 N.
575 2906 607 2952 R.
622 2905 655 2952 A.
671 2909 729 2953 729.
746 2907 768 2953 3.
783 2903 849 2964 dipl.
865 2907 932 2950 oszt.
947 2907 1024 2950 4197.
1044 2903 1125 2951 Kozri
1140 2919 1145 2950 ε
1166 2903 1274 2951 Koraos
1289 2901 1321 2949 N.

861 3343 934 3402 288.

342 3521 716 3606 1351.Bndn,aaj.12.
751 3521 866 3584 'lhmu‘s
891 3518 1071 3603 oraqubiro‘
1097 3517 1167 3581 elon
1187 3516 1321 3582 Sadalai
1352 3516 1466 3580 Taruda

281 3670 288 3681 .
334 3629 425 3708 dedic,
437 3629 471 3692 la·
481 3628 594 3692 Satan
610 3637 689 3691 nevit
706 3627 998 3710 Biharodrrnepyci
1008 3625 1108 3689 dirtolr
1125 3627 1248 3688 miatta
1260 3625 1380 3688 rniradi
1390 3628 1466 3709 apd-

335 3737 467 3812 rzn‘lrlvl
478 3737 592 3822 perdere
611 3737 708 3814 dtlorr,
720 3759 787 3800 caen
798 3735 899 3798 hirlolc
908 3739 999 3820 joydt
1010 3757 1046 3797 aa
1065 3733 1248 3819 apdcadlcrn
1267 3735 1407 3796 rrrlrdzzrr
1426 3737 1467 3794 a't

441 3933 510 3998 Nos
536 3935 677 3999 Thomas
702 3934 797 3997 iudex
823 3934 958 3998 curie..
993 3931 1258 4015 significamus..
1282 3929 1467 4013 quodcum

335 4042 476 4107 Thomas
493 4042 641 4108 literatus
658 4042 742 4106 filius
759 4041 783 4105 J
785 4043 921 4106 ohannis
948 4041 986 4104 de
1010 4038 1142 4105 Zantho
1159 4090 1164 4103 .
1182 4088 1188 4102 .
1206 4039 1469 4104 sanctimoniales

335 4150 467 4214 claustri
485 4157 595 4215 sancte
613 4149 709 4214 Anne
726 4151 766 4214 de
784 4149 974 4229 Waradino,
994 4149 1136 4230 legitime
1153 4147 1322 4213 citacionis
1338 4147 1468 4210 modum

335 4260 540 4340 observando,
552 4265 664 4322 contra
681 4279 713 4320 se
730 4257 763 4320 in
779 4257 866 4338 regie
877 4257 1056 4319 maiestatis
1067 4256 1267 4336 presenciam
1283 4257 1318 4318 in
1334 4275 1470 4319 cansam

335 4369 532 4444 attraxisset,
557 4373 590 4430 et
614 4366 685 4449 ipsa
709 4386 807 4428 cansa
833 4364 966 4428 diversis
992 4365 1260 4446 prorogacionum
1276 4363 1413 4440 cautelis
1437 4367 1471 4424 et

335 4476 482 4539 terminis
495 4473 789 4549 intervenientibus,
799 4473 883 4536 inter
899 4477 1009 4553 partes
1020 4492 1129 4536 coram
1145 4471 1236 4535 nobis
1253 4469 1469 4535 diversimode

336 4582 525 4658 ventilando,
542 4581 582 4644 ad
609 4587 736 4645 octavas
761 4580 834 4642 festi
864 4578 949 4641 beati
975 4577 1144 4642 Michaelis
1169 4577 1357 4658 archangeli
1382 4599 1470 4640 anno

336 4693 479 4774 proxime
497 4690 604 4772 elapso
622 4689 765 4772 preteriti
783 4694 965 4768 prorogata,
991 4695 1024 4750 ct
1048 4685 1163 4748 deinde
1180 4685 1308 4749 accione
1325 4685 1469 4750 ciusdem
