3180 5466
328 519 390 580 522
680 537 862 581 1616616661
882 524 1095 581 6611166616.

323 721 386 782 quo
412 699 453 763 ad
478 701 583 780 ipsum
614 698 791 762 dinoscitur
816 700 977 780 pertinere
999 698 1235 780 possidendam,
1260 699 1350 764 salvo
1375 699 1449 776 inre,

323 810 427 872 alieno
453 807 479 870 si
497 827 554 890 per
571 805 710 887 aliquem
737 806 835 869 alium
862 827 925 868 uon
950 805 1047 870 fuerit
1066 806 1322 886 contradictum
1347 809 1372 871 si
1400 807 1451 888 qui

323 937 396 978 varo
414 913 468 978 alii
486 913 735 979 contradictores
752 916 971 998 apparuerint,
987 915 1065 978 citet
1081 915 1208 980 eosdem
1225 921 1342 980 contra
1353 914 1452 998 ipsum

323 1023 514 1106 magistrum
545 1022 717 1088 Nicolaum
742 1023 784 1086 ad
810 1029 952 1087 nostram
985 1023 1192 1106 presenciam
1211 1025 1255 1089 ad
1282 1024 1451 1088 terminum

323 1137 574 1214 competentem3
599 1138 631 1194 et
646 1137 720 1214 post
735 1131 794 1195 hec
810 1132 926 1195 seriem
943 1130 1043 1214 ipsius
1060 1131 1248 1196 statncionis
1266 1184 1272 1196 .
1290 1183 1296 1195 .
1317 1131 1405 1196 nobis
1422 1183 1427 1196 .
1444 1183 1450 1195 .

324 1239 517 1304 rescribatis.
548 1239 673 1303 Datum
688 1240 722 1302 in
739 1237 861 1304 Sancto
878 1239 1037 1316 Emerica
1054 1245 1171 1322 quarto
1192 1239 1243 1304 die
1260 1239 1389 1304 termini
1405 1261 1452 1304 su-

324 1347 470 1432 pradicti,
502 1369 586 1413 anno
612 1347 731 1411 domini
755 1347 807 1411 Μ0
837 1345 957 1414 000110
973 1348 1041 1412 L¹¹¹⁰
1056 1347 1167 1430 primo.

432 1530 562 1593 Papa-on,
576 1529 702 1579 zarlattn
716 1528 1026 1596 pecsettbredekeiv013
1049 1528 1180 1594 credetije
1200 1545 1233 1578 az
1247 1544 1317 1578 orsz.
1332 1530 1362 1578 lt.
1384 1527 1448 1592 dipl.

324 1626 391 1670 oszt.
407 1625 502 1670 30656.
522 1619 621 1669 Kozli:
643 1620 751 1670 Kovacs
764 1620 797 1669 N.

853 2005 926 2068 318.

328 2167 422 2230 1351.
440 2167 546 2244 aaron,
567 2175 620 2229 oct.
641 2165 689 2228 10.
714 2165 812 2230 Scires
837 2168 1002 2250 6611666666
1027 2165 1188 2250 alispdaja
1213 2166 1244 2226 16
1268 2163 1456 2248 szolpabr'ra'i

327 2273 396 2336 elon
429 2272 571 2336 Kambisa'
596 2270 726 2335 Andrds
742 2272 795 2353 fio
822 2273 896 2351 Pal,
913 2273 943 2335 c‘s
972 2271 1047 2337 Cael
1063 2272 1139 2354 fiai,
1166 2273 1355 2358 Kaproaczo
1378 2277 1452 2334 aerii

327 2379 427 2445 boiol:
446 2379 569 2464 re'pebea
586 2379 726 2465 bizoopos
743 2379 960 2464 fo'ldterr'llelct
976 2380 1117 2444 Komldsi
1144 2379 1324 2443 dsakldsaulc
1349 2379 1380 2442 ds
1397 2379 1452 2442 Pe'·

573 2490 678 2550 teraelc
696 2511 749 2572 666
765 2489 815 2550 aa·
831 2489 1035 2552 bnszncilotro
1054 2487 1205 2550 dlodualr.

434 2649 503 2714 Nos
529 2649 683 2732 magister
709 2648 864 2715 Nicolaus
890 2653 1060 2715 vicecomes
1086 2650 1233 2732 magistri
1253 2648 1401 2724 Simonis,
1425 2655 1455 2710 61

326 2759 446 2822 iudices
476 2757 629 2821 nobilium
661 2758 700 2821 de
733 2757 881 2824 Saros..
916 2759 1134 2841 significamus
1151 2807 1181 2821 ..
1216 2757 1302 2838 qnod
1333 2757 1454 2820 Paulus

327 2867 412 2930 filins
429 2863 561 2930 Andree
586 2866 624 2929 de
650 2866 786 2932 Komlos
803 2867 1016 2950 personaliter
1032 2888 1105 2932 cnm
1131 2865 1295 2949 Stephano
1323 2862 1455 2929 Andrea

328 2981 360 3037 et
376 2973 530 3038 Ladislao
555 2974 630 3038 filiis
656 2971 737 3039 Ohel
760 2977 793 3038 in
820 2981 906 3040 etate
932 2983 1043 3040 tenera
1069 2975 1253 3039 constitutis
1274 2995 1313 3036 ex
1338 2993 1412 3044 una,
1427 2978 1457 3035 et

329 3081 465 3146 Nicolao
482 3081 548 3145 filio
565 3082 689 3146 Petheu
715 3104 753 3147 66
770 3084 868 3148 Petro
885 3083 951 3146 filio
969 3081 1101 3147 Andree
1117 3083 1156 3146 de
1173 3081 1284 3145 eadem
1301 3086 1395 3164 parte
1418 3079 1457 3142 ab

327 3191 432 3255 altera
448 3211 555 3255 coram
580 3193 672 3256 uobis
698 3192 909 3273 personaliter
926 3193 1127 3269 constitutus,
1143 3191 1344 3275 propositum
1370 3188 1457 3254 nobis

329 3300 436 3364 extitit
446 3321 502 3384 per
513 3299 638 3363 eosdem
657 3352 662 3362 .
680 3349 686 3362 .
711 3300 796 3382 quod
809 3300 868 3383 ipsi
881 3323 976 3382 super
987 3299 1240 3364 discordiainter
1250 3299 1338 3380 ipsos
1350 3295 1458 3360 habita

329 3429 386 3488 per
403 3407 639 3472 ordinacionem
656 3409 802 3490 magistri
819 3409 909 3473 Petri
926 3409 1002 3473 dicti
1020 3408 1108 3472 That
1136 3407 1298 3472 ι1611611616
1315 3413 1348 3468 61
1364 3403 1457 3468 Nico

328 3515 373 3578 lai
389 3515 528 3579 filiorum
544 3514 699 3598 Stephani
715 3517 754 3579 de
771 3517 901 3600 Fyntho
917 3539 954 3582 ac
964 3517 1054 3594 Petri
1073 3515 1128 3580 lilii
1141 3513 1249 3599 Synka
1272 3519 1305 3577 et
1321 3513 1456 3578 aliorum

329 3621 501 3703 proborum
535 3625 698 3690 hominum
738 3627 849 3690 taliter
889 3625 1145 3702 concordassent,
1177 3623 1261 3705 quod
1294 3621 1458 3704 predictus

331 3730 455 3794 Paulus
471 3731 558 3795 filius
576 3731 706 3796 Andree
724 3755 795 3797 cnm
812 3734 907 3798 (lictis
932 3733 1007 3796 filiis
1025 3730 1114 3810 CheL
1140 3730 1303 3811 (luendam
1320 3730 1457 3812 partien-

330 3839 395 3902 lam
413 3843 500 3903 terre
517 3841 549 3904 in
566 3840 629 3903 fine
645 3841 853 3924 possessionis
879 3841 1081 3924 Kaprancha
1107 3839 1261 3914 habitam,
1278 3859 1378 3920 quam
1395 3837 1459 3919 ipse

331 3946 455 4011 Paulus
482 3968 553 4010 cnm
580 3948 675 4012 dictis
701 3947 777 4012 liliis
803 3947 882 4012 Ohel
909 3971 965 4012 sno
993 3950 1062 4014 usui
1087 3952 1307 4029 occupaverat,
1327 3945 1460 4028 prelatis

332 4054 468 4119 Nicolan
485 4056 551 4119 filio
570 4057 693 4122 Petheu
705 4063 743 4121 -et
758 4057 857 4122 Petro
874 4057 941 4120 filio
957 4053 1090 4120 Andree
1111 4075 1214 4136 usque
1230 4053 1272 4118 ad
1287 4053 1460 4118 annualem

332 4163 565 4228 revolucionem
581 4186 601 4229 a
617 4163 695 4228 data
711 4165 909 4247 presencium
936 4166 1163 4246 resignassent,
1188 4169 1220 4227 et
1244 4183 1355 4226 coram
1373 4161 1461 4227 nobis

332 4272 400 4354 ipse
425 4271 549 4336 Paulus
573 4274 749 4355 resignavit
773 4280 805 4337 et
830 4274 961 4350 remisit,
986 4278 1018 4336 et
1043 4274 1208 4337 universas
1233 4271 1347 4336 literas
1367 4291 1462 4353 super

333 4381 405 4462 ipsa
429 4380 590 4464 particula
616 4387 700 4446 terre
727 4381 869 4465 litigiosa
894 4381 935 4444 ab
960 4381 1037 4445 anui
1069 4379 1230 4445 curriculo
1265 4380 1352 4443 inter
1375 4379 1459 4462 ipsos

334 4494 500 4552 emanatas
532 4495 673 4554 cassatas
713 4490 956 4572 relinquerunt3
987 4493 1059 4574 post
1090 4487 1324 4553 revolucionem
1355 4493 1463 4552 autem

334 4596 428 4659 nnius
445 4596 529 4673 anni,
546 4597 572 4660 si
589 4619 655 4679 qna
671 4599 815 4680 parcium
841 4596 882 4661 ab
907 4597 971 4662 alio
996 4596 1139 4679 aliquam
1166 4593 1363 4678 particulam
1380 4600 1463 4660 terre

335 4703 489 4769 rehabere
522 4706 687 4784 voluerint,
713 4728 775 4770 non
812 4706 907 4772 aliter
932 4705 993 4770 nisi
1019 4703 1130 4769 ordine
1155 4704 1326 4770 iudiciario
1358 4725 1463 4787 prose
