3138 5462
715 438 903 484 nuroononr
918 421 1133 482 onuiurrln.

907 710 958 771 63.

371 875 465 941 1347.
482 873 592 950 Bada,
608 880 662 935 oct.
679 869 731 933 20.
749 869 814 932 Pol
828 867 1009 952 oraqubird
1022 889 1100 930 asoa
1116 875 1216 952 dpyet,
1232 864 1313 950 mady
1328 887 1349 928 a
1368 869 1484 950 ludmil-

368 984 476 1068 azipeti
497 979 638 1067 apdczo'lc
663 981 694 1041 e‘a
719 977 828 1040 Doaca
844 976 910 1057 fici
924 975 1024 1038 lcdzdtt
1048 971 1211 1040 Srubdlloa
1236 973 1337 1038 birtok
1364 995 1381 1036 s
1405 987 1484 1038 azol-

485 1089 554 1154 tani
568 1085 695 1150 boltiaco
709 1084 818 1171 helyek
832 1086 863 1147 a'a
879 1087 952 1148 adm
968 1085 1060 1146 aiau
1067 1081 1165 1170 folyt,
1182 1081 1376 1167 elbolaaztja.

478 1250 548 1316 Nos
565 1269 671 1314 comes
695 1246 821 1312 Paulus
846 1247 943 1311 iudex
959 1246 1047 1312 curie
1064 1297 1070 1310 .
1088 1293 1095 1308 .
1111 1243 1225 1310 damus
1251 1265 1310 1327 pro
1335 1245 1485 1313 memoria

369 1359 454 1442 quod
470 1377 601 1424 cansam
627 1377 725 1440 quam
742 1405 748 1418 .
766 1405 772 1418 .
790 1354 1049 1419 sanctimoniales
1066 1354 1105 1418 de
1121 1349 1236 1420 Insula
1251 1353 1423 1436 Leporum,
1437 1375 1485 1436 pro

257 1479 261 1488 '
369 1468 486 1551 quibus
510 1465 800 1531 i1·aterLadislaus
817 1513 823 1528 .
841 1515 847 1528 .
864 1464 977 1542 astitit,
1003 1469 1117 1528 contra
1132 1463 1336 1548 Stephanum
1352 1469 1387 1528 et
1402 1461 1483 1526 Nico

368 1575 458 1640 laum
473 1573 556 1640 filios
573 1573 699 1650 Donoh,
723 1593 783 1656 pro
802 1571 920 1655 quibus
936 1571 1080 1636 Michael
1095 1570 1245 1637 literatus
1261 1623 1268 1637 .
1285 1621 1292 1634 .
1308 1571 1486 1654 comparuit,

368 1683 459 1746 iuxta
485 1681 718 1747 continenciam
744 1680 888 1764 priorum
912 1680 1082 1746 literarum
1107 1687 1293 1746 nostrarum
1318 1681 1351 1744 in
1378 1680 1484 1744 octavis

369 1789 443 1856 festi
459 1789 545 1854 beati
555 1791 641 1873 ragis
652 1789 820 1872 Stephani,
838 1787 1028 1872 superfacto
1038 1788 1268 1872 prohibicionis
1280 1787 1486 1873 percepcionis

369 1919 485 1962 usuum
509 1895 674 1962 fructuum
699 1903 731 1962 et
755 1897 894 1961 aliarum
918 1895 1097 1961 utilitatum
1122 1895 1332 1980 possessionis
1357 1893 1487 1960 Zakalus

369 2012 481 2070 vocate
506 2011 539 2069 et
563 2004 777 2084 quarumdam
801 2003 999 2086 piscinarum
1027 2001 1191 2080 Zaleucus
1216 2002 1445 2068 Benedulmeze
1461 2006 1486 2063 et

369 2112 554 2178 Mihalueze
569 2114 819 2189 nominatarum,
842 2118 875 2176 et
890 2111 1050 2194 porcionis
1075 2112 1108 2176 in
1125 2131 1213 2194 aqua
1228 2111 1396 2195 Duduagh
1410 2109 1488 2176 habi·

371 2227 489 2298 tarum,
514 2219 555 2284 ad
582 2220 701 2285 dictam
718 2220 949 2302 possessionem
966 2219 1110 2285 Zakalus
1136 2227 1172 2286 ut
1187 2220 1390 2286 referebatur
1404 2219 1488 2304 perti·

371 2329 543 2410 nencium,
582 2349 705 2392 necnon
736 2328 931 2411 recepcionis
963 2327 1079 2394 tributi
1103 2328 1135 2393 in
1162 2329 1275 2392 eadem
1301 2327 1487 2412 possessione

288 2475 290 2481 .
370 2435 515 2502 Zakalus
530 2435 642 2514 habiti,
657 2457 784 2500 movere
800 2434 964 2500 habebant
988 2456 1096 2500 coram
1120 2435 1220 2514 nobis,
1246 2437 1323 2519 quia
1336 2435 1420 2500 idem
1434 2435 1486 2498 hii-

370 2543 461 2609 chael
485 2543 636 2608 literatus
660 2542 825 2626 legitimus
850 2549 1041 2626 procurator
1072 2545 1257 2608 eorumdem
1282 2543 1438 2626 Stephani
1462 2548 1488 2605 et

371 2650 500 2716 Nicolai
516 2649 657 2716 filiorum
673 2651 820 2734 magistri
836 2651 963 2731 Donoh,
979 2652 1106 2718 eosdem
1132 2652 1255 2733 absque
1271 2651 1488 2718 interessencia

371 2759 533 2824 ,lobannis
548 2758 608 2824 filii
623 2758 770 2824 ladislai
785 2757 844 2824 filii
859 2759 976 2826 Donch
1001 2781 1074 2824 cum
1091 2782 1153 2841 quo
1178 2760 1276 2825 iidem
1300 2759 1359 2824 filii
1384 2760 1488 2825 Doncb

371 2868 405 2932 in
421 2866 675 2951 possessionibus
691 2887 802 2931 eornm
826 2867 955 2934 indivisi
983 2867 1096 2946 forent,
1121 2868 1314 2952 respondere
1329 2889 1391 2934 non
1408 2887 1490 2952 posse

371 2974 553 3058 allegabat3
576 2973 647 3038 ideo
664 2974 705 3038 ad
720 2975 898 3058 quindenas
924 2975 998 3040 festi
1024 2975 1110 3041 beati
1126 2977 1298 3042 Michaelis
1313 2974 1489 3059 archangeli

371 3104 456 3147 nunc
472 3088 624 3147 venturas
640 3103 677 3147 eo
692 3083 786 3148 modo
811 3083 961 3148 duximus
985 3086 1177 3168 peremtoria
1193 3085 1438 3169 prorogandam,
1459 3091 1490 3148 nt

371 3189 405 3254 in
421 3191 499 3272 ipsis
517 3189 688 3270 quindenis
714 3191 852 3276 predicti
877 3190 1063 3276 Stephanus
1090 3197 1122 3258 et
1137 3191 1294 3258 Nicolans
1310 3192 1369 3258 filii
1384 3193 1489 3256 Doncb

371 3296 607 3382 preallegatum
644 3297 670 3361 J
671 3297 830 3364 ohannem
861 3297 964 3364 filium
1001 3299 1148 3366 Ladislai
1185 3300 1321 3366 fratrem
1358 3301 1490 3384 ipsorum

372 3403 561 3488 patruelem,
578 3410 614 3468 ut
629 3404 752 3470 dictum
768 3407 892 3471 exstitit
907 3407 1078 3472 indivisum
1103 3429 1175 3473 cum
1202 3409 1291 3492 ipsis,
1317 3408 1359 3472 ad
1374 3408 1490 3472 obiecta

372 3511 596 3594 religiosarum
613 3513 815 3579 dominarum
839 3515 1059 3598 predictarum
1084 3516 1180 3580 simul
1196 3539 1268 3581 cum
1285 3517 1364 3600 ipsis
1379 3536 1492 3600 perem-

372 3620 454 3686 torie
469 3641 706 3704 responsurum,
731 3621 825 3687 iuxta
848 3625 941 3706 regni
966 3625 1236 3706 consuetudinem,
1255 3625 1289 3689 in
1306 3646 1435 3690 causam
1452 3629 1492 3686 at

373 3727 503 3792 trahere
519 3735 699 3808 teneantur,
716 3737 753 3794 ut
768 3731 836 3813 ipso
853 3731 886 3794 in
902 3752 1033 3796 causam
1055 3739 1195 3798 attracto
1220 3738 1253 3797 et
1277 3753 1385 3798 coram
1408 3731 1493 3795 nobis

373 3855 430 3918 per
447 3835 574 3900 eosdem
583 3835 667 3900 filios
677 3838 825 3920 magistri
840 3837 956 3903 Donch
972 3845 1106 3918 statute,
1122 3861 1218 3924 super
1233 3842 1397 3924 premissis
1412 3841 1494 3903 inter

373 3947 482 4025 partes
497 3942 651 4008 iudicium
667 3949 699 4008 et
714 3945 874 4010 iusticiam
898 3945 1004 4011 facere
1020 3948 1201 4026 valeamus·
1217 3949 1287 4012 inre
1304 3954 1493 4031 exposcente.

275 4049 280 4059 “
373 4049 497 4114 Datum
513 4050 616 4130 Bude,
633 4056 743 4115 octavo
769 4051 821 4116 dic
847 4055 976 4118 termini
992 4057 1164 4138 prenotati,
1189 4076 1272 4120 anno
1289 4055 1405 4119 domini
1423 4055 1494 4118 blmn

373 4153 472 4220 000⁰
496 4155 601 4220 XL¹²¹⁰
617 4159 762 4240 septime.

483 4319 613 4382 Papiron,
633 4319 759 4370 narlatau
773 4322 865 4384 pecsdt
877 4325 1055 4390 nyomaiva13
1077 4325 1208 4388 credetije
1221 4341 1253 4376 az
1263 4342 1333 4376 orsa.
1357 4329 1389 4376 lt.
1400 4327 1493 4376 hinist.

373 4412 440 4456 oszt.
454 4407 487 4456 N.
501 4409 535 4457 R.
548 4407 581 4456 Α.
596 4411 638 4456 33.
652 4413 676 4456 4.
690 4408 756 4472 dipl.
772 4417 838 4460 osat.
854 4417 930 4463 3944.
945 4415 1044 4463 Kozli:
1059 4416 1167 4464 Kovacs
1179 4416 1213 4464 N.
