3180 5466
693 552 876 596 aarouxoar
895 538 1108 596 onninrrla

869 751 942 812 342.

350 897 440 956 1352.
458 905 552 957 ram-l.
569 895 600 956 5.
626 891 765 957 Avciozi
790 893 949 980 lcdptaloa
976 894 1002 956 I.
1031 893 1132 978 Lajoa
1148 891 1328 978 lcarcllpnalr
1343 891 1472 978 jeleali,

339 1001 420 1088 kopp
437 1025 519 1066 razon
536 1001 749 1066 cotta-eadhed·
768 1001 1058 1080 hatalnraskoddet,
1085 1001 1195 1087 raclyct
1217 999 1372 1062 Toronae-i
1389 999 1472 1062 Milt-

337 1112 383 1176 lo's
401 1109 550 1174 birlolrria
569 1111 741 1189 Kokasfia
758 1110 865 1174 Ja'aos
874 1109 926 1188 fia
946 1109 1062 1173 La'szlo'
1077 1112 1107 1172 c's
1125 1097 1275 1172 Posala·
1294 1107 1406 1172 Olice‘r
1418 1107 1470 1186 fia
1575 1179 1576 1194 2

601 1218 713 1280 Iclvda
730 1218 909 1299 elkoveaek,
928 1217 1211 1304 vnepvizsqciltarm.
1575 1199 1576 1216 Χ

447 1380 656 1446 ..Lodovico
684 1380 798 1462 regi..
834 1382 1013 1466 capitulum
1045 1380 1175 1445 ecclesie
1207 1377 1427 1464 Wachyensis
1443 1431 1471 1444 ..

339 1489 463 1553 noverit
488 1487 681 1552 excellencia
706 1493 814 1554 vestra
839 1510 896 1554 nos
921 1489 1033 1554 literas
1060 1495 1183 1552 vestras
1200 1539 1231 1553 ..
1258 1489 1417 1571 recepisse
1440 1489 1469 1552 iu

338 1597 397 1662 hec
414 1595 527 1660 verba:
552 1593 734 1660 Lodovicus
751 1644 781 1662 ..
806 1618 862 1660 rex
881 1647 911 1662 ..
936 1596 1079 1680 capitulo
1106 1594 1302 1678 Wachyensi
1320 1645 1326 1656 .
1345 1648 1352 1661 .
1382 1595 1469 1661 Dici-

340 1711 392 1768 tur
409 1703 500 1768 nobis
520 1705 554 1766 in
570 1723 707 1786 persona
722 1703 852 1768 Nicolai
868 1703 927 1768 filii
944 1701 1079 1785 Georgii
1095 1704 1134 1768 de
1145 1702 1302 1782 Terence,
1313 1705 1400 1786 quod
1411 1703 1469 1768 La·

341 1812 462 1878 dislaus
478 1811 564 1876 filius
581 1811 605 1875 J
607 1811 744 1875 ohannis
760 1810 819 1876 filii
836 1811 949 1876 Kolias
977 1818 1009 1875 et
1034 1809 1219 1894 Stephanus
1235 1809 1321 1876 filius
1341 1810 1470 1878 Oliverii

339 1923 378 1985 de
395 1921 524 1988 Pantuh
541 1924 573 1986 in
590 1922 701 2006 vigilia
717 1919 946 2005 Concepcionis
964 1922 1057 1986 beate
1073 1921 1217 2003 virginis,
1228 1941 1314 1984 anno
1331 1923 1470 2003 proxime

339 2030 449 2114 elapso
464 2032 630 2112 preterita,
656 2030 697 2094 ad
723 2031 852 2096 domum
878 2052 968 2095 suam
995 2035 1027 2094 et
1052 2030 1285 2113 possessionem
1302 2031 1468 2104 venientes,

339 2139 503 2218 quandam
529 2139 630 2203 feram
651 2160 741 2203 suam
766 2145 966 2203 mansuetam
992 2144 1024 2202 et
1055 2139 1239 2203 edumatam
1271 2137 1414 2202 interimi
1439 2143 1469 2200 et

340 2247 501 2328 quendam
517 2268 617 2310 unum
634 2246 745 2310 bovem
762 2247 904 2310 eiusdem
920 2244 1038 2310 ibidem
1060 2265 1117 2328 per
1141 2265 1235 2310 canes
1251 2247 1396 2328 ipsorum
1417 2245 1464 2310 de
1577 2319 1578 2340 Χ

341 2352 447 2417 vorari
462 2352 619 2430 fecissent,
637 2359 669 2417 et
684 2353 770 2436 quod
787 2353 868 2418 seria
884 2358 976 2418 sexta
999 2355 1145 2437 proxima
1165 2353 1344 2418 antediem
1361 2352 1465 2418 Streu·
1577 2421 1578 2426 γ

339 2483 454 2526 narum
470 2461 615 2544 proxime
631 2462 788 2543 preterita
804 2461 883 2525 duos
909 2459 1003 2524 boves
1030 2461 1171 2524 ciusdem
1187 2457 1317 2525 Nicolai
1334 2461 1465 2543 predicti

339 2567 512 2633 ladislaus
530 2575 562 2632 et
578 2567 763 2650 Stephanus
779 2570 812 2632 in
828 2570 1028 2650 possessione
1044 2570 1187 2652 ipsorum
1202 2565 1344 2651 Durugh
1359 2574 1466 2633 vocata

339 2677 561 2760 potencialiter
578 2677 797 2756 abstulissent,
824 2699 904 2761 quos
930 2679 1021 2743 nulla
1044 2678 1203 2761 peticione
1228 2699 1287 2742 sna
1310 2677 1467 2742 mediante

227 2779 230 2784 ’
339 2785 493 2852 rehabere
509 2788 666 2871 potuisset
682 2787 723 2851 ab
740 2788 868 2864 eisdem,
895 2793 928 2852 et
953 2795 990 2852 ut
1015 2787 1103 2853 dicta
1126 2786 1243 2850 illicita
1259 2785 1348 2851 facta
1364 2807 1465 2850 eorum

218 2897 222 2906 '
339 2895 444 2958 celare
483 2899 620 2977 possent,
652 2894 758 2977 ipsum
799 2895 875 2958 item
908 2891 1110 2978 Stephanum
1151 2895 1287 2960 fratrem
1329 2893 1465 2959 eiusdem

338 3007 449 3065 contra
488 3022 522 3064 se
554 3003 648 3066 citari
684 3001 789 3066 facere
821 3008 1056 3085 procurassent,
1091 3022 1192 3082 quare
1208 3051 1238 3064 ..
1266 3003 1464 3079 mandamns,
1578 3065 1579 3072 ,

340 3114 500 3190 quatenus
516 3115 657 3174 vestrum
673 3111 811 3174 mittatis
827 3109 987 3174 hominem
1003 3131 1062 3192 pro
1073 3109 1256 3174 testimonio
1266 3107 1466 3191 fidedignnm,

319 3271 321 3280 ,
340 3239 402 3300 quo
419 3225 566 3299 presente
583 3215 738 3282 Nicolaus
764 3219 803 3282 de
819 3219 933 3299 Meger
950 3219 999 3280 vel
1026 3217 1199 3302 Philippus
1224 3217 1263 3280 cle
1285 3215 1397 3300 Kyrth
1413 3223 1465 3282 aut

340 3322 523 3408 Stephanus
549 3327 655 3392 dictus
680 3327 795 3410 Urdug
821 3328 860 3391 de
886 3326 1041 3391 Kalanda
1067 3325 1139 3390 aliis
1165 3323 1353 3390 absentibus
1379 3325 1465 3390 homo

339 3440 456 3512 noster,
478 3435 519 3499 ab
551 3435 698 3501 omuibus
730 3435 845 3518 quibus
871 3435 963 3502 dccet
988 3443 1020 3500 et
1044 3435 1166 3500 licet..
1199 3435 1465 3517 investigando..

339 3543 528 3626 inquirat..
555 3544 731 3621 veritatem,
748 3553 781 3609 et
797 3545 928 3626 posthec
950 3545 1120 3610 veritatem
1138 3593 1168 3607 ..
1193 3543 1285 3607 nobis
1303 3593 1309 3605 .
1327 3593 1334 3606 .
1359 3541 1465 3606 rescri-

339 3647 432 3711 batis.
457 3647 581 3714 Datum
598 3649 699 3727 Bude
718 3651 857 3714 secunda
882 3650 962 3714 feria
986 3651 1134 3733 proxima
1150 3655 1226 3714 ante
1244 3647 1362 3714 festum
1378 3648 1465 3713 Puri·

338 3755 501 3822 ficacionis
526 3758 659 3839 virginis
686 3759 831 3840 gloriose,
864 3780 947 3822 anno
979 3759 1097 3824 domini
1130 3759 1181 3823 Μθ
1210 3755 1332 3824 (300110
1359 3756 1466 3822 LII¹¹¹⁰.

338 3864 434 3930 Unde
452 3887 508 3930 nos
525 3917 531 3930 .
551 3913 557 3928 .
581 3887 718 3930 unacum
744 3867 889 3948 predicto
916 3866 1052 3931 Nicolao
1078 3867 1118 3930 de
1134 3867 1248 3948 Meger
1268 3865 1398 3930 homine
1419 3885 1465 3928 re·

340 3979 415 4050 stro,
433 3979 578 4038 nostrum
595 3973 755 4038 hominem
772 3975 963 4058 magistrum
980 3973 1104 4039 scilicet
1120 3973 1279 4039 Thomala
1295 3975 1416 4037 socium
1440 3977 1467 4036 et

339 4081 589 4144 concanonicum
615 4087 760 4145 nostrum
786 4081 827 4144 ad
859 4083 1015 4164 premissa
1040 4079 1212 4164 diligenter
1236 4080 1466 4161 exequenda..

339 4208 399 4270 pro
414 4189 597 4252 testimonio
629 4190 875 4266 transmisimus,
902 4191 957 4272 qui
977 4191 1106 4254 demum
1124 4239 1154 4252 ..
1179 4189 1371 4266 retulerunt
1388 4187 1466 4271 quod

339 4296 400 4378 ipsi
417 4301 492 4359 ante
508 4295 701 4360 dominicam
717 4296 883 4362 Invocavit
899 4297 962 4362 iam
980 4299 1124 4380 proxime
1140 4297 1341 4381 preteritum,
1356 4295 1466 4362 abom-

339 4402 434 4467 nibus
452 4454 457 4466 .
475 4453 481 4466 .
507 4402 691 4485 specialiter
708 4425 727 4468 a
743 4404 855 4470 ricinis
882 4413 914 4471 et
939 4406 1167 4470 commetaneis
1187 4403 1333 4487 predicte
1349 4427 1467 4488 posses-

339 4515 438 4579 sionis
456 4513 611 4591 Terenne,
628 4515 684 4597 qui
700 4517 764 4579 iam
781 4515 910 4599 pluries,
927 4524 964 4580 ut
980 4515 1129 4595 refertur,
1146 4517 1232 4600 ipsas
1246 4521 1357 4600 partes
1376 4533 1466 4596 super

340 4623 434 4687 dictis
450 4623 550 4687 illatis
567 4621 692 4687 damnis
717 4625 910 4688 concordare
926 4624 1109 4706 voluissent,
1137 4646 1234 4708 super
1257 4623 1442 4707 premissis.
1459 4669 1464 4682 .

340 4730 540 4812 inquirende,
557 4730 655 4794 talem
672 4731 752 4794 scire
768 4733 949 4814 potuissent
959 4733 1136 4814 veritatem,
1148 4731 1234 4816 quod
1251 4731 1464 4816 praallegatns
