<?xml version="1.0" encoding="UTF-8"?>
<!DOCTYPE html PUBLIC "-//W3C//DTD XHTML 1.0 Transitional//EN"
    "http://www.w3.org/TR/xhtml1/DTD/xhtml1-transitional.dtd">
<html xmlns="http://www.w3.org/1999/xhtml" xml:lang="en" lang="en">
 <head>
  <title>
</title>
<meta http-equiv="Content-Type" content="text/html;charset=utf-8" />
  <meta name='ocr-system' content='tesseract 3.04.00' />
  <meta name='ocr-capabilities' content='ocr_page ocr_carea ocr_par ocr_line ocrx_word'/>
</head>
<body>
  <div class='ocr_page' id='page_1' title='image "./codexdiplomatic06nagygoog_0353.png"; bbox 0 0 3188 5470; ppageno 0'>
   <div class='ocr_carea' id='block_1_1' title="bbox 370 468 1143 537">
    <p class='ocr_par' dir='ltr' id='par_1_1' title="bbox 370 468 1143 537">
     <span class='ocr_line' id='line_1_1' title="bbox 370 468 1143 537; baseline -0.003 -2"><span class='ocrx_word' id='word_1_1' title='bbox 370 471 434 535; x_wconf 80' lang='lat'><strong>338</strong></span> <span class='ocrx_word' id='word_1_2' title='bbox 728 483 913 537; x_wconf 73' lang='lat' dir='ltr'><strong>irroonoru</strong></span> <span class='ocrx_word' id='word_1_3' title='bbox 929 468 1143 534; x_wconf 70' lang='lat' dir='ltr'><strong>unuiurrtn.</strong></span> 
     </span>
    </p>
   </div>
   <div class='ocr_carea' id='block_1_2' title="bbox 367 646 1502 1712">
    <p class='ocr_par' dir='ltr' id='par_1_2' title="bbox 367 646 1502 1712">
     <span class='ocr_line' id='line_1_2' title="bbox 371 646 1497 736; baseline -0.004 -18"><span class='ocrx_word' id='word_1_4' title='bbox 371 653 539 734; x_wconf 88' lang='lat' dir='ltr'><strong>mandatis,</strong></span> <span class='ocrx_word' id='word_1_5' title='bbox 573 657 732 736; x_wconf 88' lang='lat' dir='ltr'><strong>quatenus</strong></span> <span class='ocrx_word' id='word_1_6' title='bbox 763 650 872 716; x_wconf 90' lang='lat' dir='ltr'><strong>nullus</strong></span> <span class='ocrx_word' id='word_1_7' title='bbox 897 673 935 716; x_wconf 87' lang='lat' dir='ltr'><strong>ex</strong></span> <span class='ocrx_word' id='word_1_8' title='bbox 960 651 1048 716; x_wconf 85' lang='lat' dir='ltr'><strong>vobis</strong></span> <span class='ocrx_word' id='word_1_9' title='bbox 1074 651 1108 714; x_wconf 91' lang='lat' dir='ltr'><strong>in</strong></span> <span class='ocrx_word' id='word_1_10' title='bbox 1139 651 1200 716; x_wconf 90' lang='lat' dir='ltr'><strong>boc</strong></span> <span class='ocrx_word' id='word_1_11' title='bbox 1232 650 1318 714; x_wconf 90' lang='lat' dir='ltr'><strong>dicto</strong></span> <span class='ocrx_word' id='word_1_12' title='bbox 1351 646 1497 734; x_wconf 89' lang='lat' dir='ltr'><strong>episcopo</strong></span> 
     </span>
     <span class='ocr_line' id='line_1_3' title="bbox 368 756 1498 841; baseline -0.003 -16"><span class='ocrx_word' id='word_1_13' title='bbox 368 760 487 826; x_wconf 85' lang='lat' dir='ltr'><strong>auxilio</strong></span> <span class='ocrx_word' id='word_1_14' title='bbox 497 761 548 825; x_wconf 84' lang='lat' dir='ltr'><strong>vel</strong></span> <span class='ocrx_word' id='word_1_15' title='bbox 559 759 715 825; x_wconf 85' lang='lat' dir='ltr'><strong>iuvamini</strong></span> <span class='ocrx_word' id='word_1_16' title='bbox 731 759 884 823; x_wconf 82' lang='lat' dir='ltr'><strong>assistere</strong></span> <span class='ocrx_word' id='word_1_17' title='bbox 899 764 1106 841; x_wconf 89' lang='lat' dir='ltr'><strong>presummat,</strong></span> <span class='ocrx_word' id='word_1_18' title='bbox 1124 777 1181 820; x_wconf 90' lang='lat' dir='ltr'><strong>neo</strong></span> <span class='ocrx_word' id='word_1_19' title='bbox 1197 756 1317 822; x_wconf 90' lang='lat' dir='ltr'><strong>eisdem</strong></span> <span class='ocrx_word' id='word_1_20' title='bbox 1333 757 1498 841; x_wconf 76' lang='lat' dir='ltr'><strong>magistris</strong></span> 
     </span>
     <span class='ocr_line' id='line_1_4' title="bbox 369 865 1499 952; baseline -0.002 -20"><span class='ocrx_word' id='word_1_21' title='bbox 369 868 501 952; x_wconf 90' lang='lat' dir='ltr'><strong>utrique</strong></span> <span class='ocrx_word' id='word_1_22' title='bbox 517 867 690 932; x_wconf 92' lang='lat' dir='ltr'><strong>Dominico</strong></span> <span class='ocrx_word' id='word_1_23' title='bbox 707 867 869 931; x_wconf 88' lang='lat' dir='ltr'><strong>contraire</strong></span> <span class='ocrx_word' id='word_1_24' title='bbox 886 872 918 930; x_wconf 91' lang='lat' dir='ltr'><strong>et</strong></span> <span class='ocrx_word' id='word_1_25' title='bbox 934 887 1095 949; x_wconf 89' lang='lat' dir='ltr'><strong>opponere</strong></span> <span class='ocrx_word' id='word_1_26' title='bbox 1105 865 1225 929; x_wconf 83' lang='lat' dir='ltr'><strong>audeat</strong></span> <span class='ocrx_word' id='word_1_27' title='bbox 1242 865 1337 930; x_wconf 88' lang='lat' dir='ltr'><strong>modo</strong></span> <span class='ocrx_word' id='word_1_28' title='bbox 1353 866 1499 950; x_wconf 89' lang='lat' dir='ltr'><strong>aliquali;</strong></span> 
     </span>
     <span class='ocr_line' id='line_1_5' title="bbox 367 974 1501 1062; baseline -0.005 -19"><span class='ocrx_word' id='word_1_29' title='bbox 367 977 431 1042; x_wconf 91' lang='lat' dir='ltr'><strong>imo</strong></span> <span class='ocrx_word' id='word_1_30' title='bbox 448 979 475 1043; x_wconf 93' lang='lat' dir='ltr'><strong>si</strong></span> <span class='ocrx_word' id='word_1_31' title='bbox 492 977 547 1062; x_wconf 91' lang='lat' dir='ltr'><strong>qui</strong></span> <span class='ocrx_word' id='word_1_32' title='bbox 564 997 603 1041; x_wconf 88' lang='lat' dir='ltr'><strong>ex</strong></span> <span class='ocrx_word' id='word_1_33' title='bbox 621 975 710 1046; x_wconf 83' lang='lat' dir='ltr'><strong>vobis</strong></span> <span class='ocrx_word' id='word_1_34' title='bbox 725 996 783 1058; x_wconf 92' lang='lat' dir='ltr'><strong>per</strong></span> <span class='ocrx_word' id='word_1_35' title='bbox 800 975 928 1039; x_wconf 89' lang='lat' dir='ltr'><strong>eosdem</strong></span> <span class='ocrx_word' id='word_1_36' title='bbox 953 974 995 1039; x_wconf 90' lang='lat' dir='ltr'><strong>ad</strong></span> <span class='ocrx_word' id='word_1_37' title='bbox 1020 975 1178 1058; x_wconf 87' lang='lat' dir='ltr'><strong>premissa</strong></span> <span class='ocrx_word' id='word_1_38' title='bbox 1203 974 1354 1056; x_wconf 79' lang='lat' dir='ltr'><strong>requisiti</strong></span> <span class='ocrx_word' id='word_1_39' title='bbox 1372 974 1501 1052; x_wconf 85' lang='lat' dir='ltr'><strong>fuerint,</strong></span> 
     </span>
     <span class='ocr_line' id='line_1_6' title="bbox 367 1082 1502 1153; baseline -0.001 -4"><span class='ocrx_word' id='word_1_40' title='bbox 367 1086 464 1151; x_wconf 84' lang='lat' dir='ltr'><strong>verbo</strong></span> <span class='ocrx_word' id='word_1_41' title='bbox 489 1093 601 1153; x_wconf 91' lang='lat' dir='ltr'><strong>nostro</strong></span> <span class='ocrx_word' id='word_1_42' title='bbox 627 1086 754 1151; x_wconf 90' lang='lat' dir='ltr'><strong>eosdem</strong></span> <span class='ocrx_word' id='word_1_43' title='bbox 779 1085 886 1150; x_wconf 81' lang='lat' dir='ltr'><strong>fovere</strong></span> <span class='ocrx_word' id='word_1_44' title='bbox 915 1085 1048 1151; x_wconf 89' lang='lat' dir='ltr'><strong>consilio</strong></span> <span class='ocrx_word' id='word_1_45' title='bbox 1073 1092 1106 1148; x_wconf 90' lang='lat' dir='ltr'><strong>et</strong></span> <span class='ocrx_word' id='word_1_46' title='bbox 1121 1082 1252 1149; x_wconf 65' lang='lat' dir='ltr'><strong>&#39;auxilio</strong></span> <span class='ocrx_word' id='word_1_47' title='bbox 1277 1085 1437 1150; x_wconf 78' lang='lat' dir='ltr'><strong>assistatis</strong></span> <span class='ocrx_word' id='word_1_48' title='bbox 1461 1084 1502 1148; x_wconf 85' lang='lat' dir='ltr'><strong>sd</strong></span> 
     </span>
     <span class='ocr_line' id='line_1_7' title="bbox 367 1191 1502 1281; baseline -0.003 -22"><span class='ocrx_word' id='word_1_49' title='bbox 367 1194 455 1260; x_wconf 84' lang='lat' dir='ltr'><strong>diota</strong></span> <span class='ocrx_word' id='word_1_50' title='bbox 470 1203 624 1281; x_wconf 89' lang='lat' dir='ltr'><strong>precepta</strong></span> <span class='ocrx_word' id='word_1_51' title='bbox 639 1201 751 1260; x_wconf 89' lang='lat' dir='ltr'><strong>nostra</strong></span> <span class='ocrx_word' id='word_1_52' title='bbox 766 1191 971 1278; x_wconf 86' lang='lat' dir='ltr'><strong>perficienda.</strong></span> <span class='ocrx_word' id='word_1_53' title='bbox 996 1191 1031 1259; x_wconf 86' lang='lat' dir='ltr'><strong>Si</strong></span> <span class='ocrx_word' id='word_1_54' title='bbox 1048 1194 1103 1276; x_wconf 88' lang='lat' dir='ltr'><strong>qui</strong></span> <span class='ocrx_word' id='word_1_55' title='bbox 1119 1213 1194 1258; x_wconf 86' lang='lat' dir='ltr'><strong>vero</strong></span> <span class='ocrx_word' id='word_1_56' title='bbox 1220 1213 1260 1256; x_wconf 80' lang='lat' dir='ltr'><strong>er</strong></span> <span class='ocrx_word' id='word_1_57' title='bbox 1284 1193 1373 1258; x_wconf 87' lang='lat' dir='ltr'><strong>robis</strong></span> <span class='ocrx_word' id='word_1_58' title='bbox 1389 1200 1502 1258; x_wconf 84' lang='lat' dir='ltr'><strong>contra</strong></span> 
     </span>
     <span class='ocr_line' id='line_1_8' title="bbox 368 1299 1501 1387; baseline -0.002 -19"><span class='ocrx_word' id='word_1_59' title='bbox 368 1305 525 1386; x_wconf 86' lang='lat' dir='ltr'><strong>premissa</strong></span> <span class='ocrx_word' id='word_1_60' title='bbox 541 1304 667 1387; x_wconf 87' lang='lat' dir='ltr'><strong>aliquid</strong></span> <span class='ocrx_word' id='word_1_61' title='bbox 682 1303 789 1369; x_wconf 86' lang='lat' dir='ltr'><strong>facere</strong></span> <span class='ocrx_word' id='word_1_62' title='bbox 805 1303 1044 1384; x_wconf 78' lang='lat' dir='ltr'><strong>attentaverint,</strong></span> <span class='ocrx_word' id='word_1_63' title='bbox 1057 1307 1213 1386; x_wconf 90' lang='lat' dir='ltr'><strong>perpetue</strong></span> <span class='ocrx_word' id='word_1_64' title='bbox 1228 1299 1431 1366; x_wconf 86' lang='lat' dir='ltr'><strong>infidelitatis</strong></span> <span class='ocrx_word' id='word_1_65' title='bbox 1447 1323 1501 1366; x_wconf 83' lang='lat' dir='ltr'><strong>no</strong></span> 
     </span>
     <span class='ocr_line' id='line_1_9' title="bbox 367 1409 1501 1478; baseline -0.004 -2"><span class='ocrx_word' id='word_1_66' title='bbox 367 1418 435 1476; x_wconf 89' lang='lat' dir='ltr'><strong>tam</strong></span> <span class='ocrx_word' id='word_1_67' title='bbox 452 1434 485 1477; x_wconf 91' lang='lat' dir='ltr'><strong>se</strong></span> <span class='ocrx_word' id='word_1_68' title='bbox 502 1418 536 1478; x_wconf 92' lang='lat' dir='ltr'><strong>et</strong></span> <span class='ocrx_word' id='word_1_69' title='bbox 552 1434 625 1478; x_wconf 89' lang='lat' dir='ltr'><strong>suos</strong></span> <span class='ocrx_word' id='word_1_70' title='bbox 642 1431 840 1476; x_wconf 80' lang='lat' dir='ltr'><strong>successores</strong></span> <span class='ocrx_word' id='word_1_71' title='bbox 856 1411 1005 1475; x_wconf 84' lang='lat' dir='ltr'><strong>noverint</strong></span> <span class='ocrx_word' id='word_1_72' title='bbox 1021 1409 1151 1475; x_wconf 82' lang='lat' dir='ltr'><strong>eofacto</strong></span> <span class='ocrx_word' id='word_1_73' title='bbox 1167 1411 1360 1474; x_wconf 88' lang='lat' dir='ltr'><strong>incursuros.</strong></span> <span class='ocrx_word' id='word_1_74' title='bbox 1377 1409 1501 1474; x_wconf 90' lang='lat' dir='ltr'><strong>Datum</strong></span> 
     </span>
     <span class='ocr_line' id='line_1_10' title="bbox 367 1516 1500 1605; baseline -0.001 -22"><span class='ocrx_word' id='word_1_75' title='bbox 367 1520 401 1584; x_wconf 91' lang='lat' dir='ltr'><strong>in</strong></span> <span class='ocrx_word' id='word_1_76' title='bbox 416 1517 547 1605; x_wconf 85' lang='lat' dir='ltr'><strong>D(ev)a,</strong></span> <span class='ocrx_word' id='word_1_77' title='bbox 572 1520 624 1584; x_wconf 92' lang='lat' dir='ltr'><strong>die</strong></span> <span class='ocrx_word' id='word_1_78' title='bbox 648 1519 807 1584; x_wconf 87' lang='lat' dir='ltr'><strong>dominico</strong></span> <span class='ocrx_word' id='word_1_79' title='bbox 830 1519 976 1601; x_wconf 81' lang='lat' dir='ltr'><strong>proximo</strong></span> <span class='ocrx_word' id='word_1_80' title='bbox 1008 1525 1083 1583; x_wconf 87' lang='lat' dir='ltr'><strong>ante</strong></span> <span class='ocrx_word' id='word_1_81' title='bbox 1115 1517 1233 1582; x_wconf 88' lang='lat' dir='ltr'><strong>festum</strong></span> <span class='ocrx_word' id='word_1_82' title='bbox 1258 1516 1346 1581; x_wconf 87' lang='lat' dir='ltr'><strong>beati</strong></span> <span class='ocrx_word' id='word_1_83' title='bbox 1364 1517 1500 1582; x_wconf 86' lang='lat' dir='ltr'><strong>Martini</strong></span> 
     </span>
     <span class='ocr_line' id='line_1_11' title="bbox 368 1625 1266 1712; baseline -0.004 -17"><span class='ocrx_word' id='word_1_84' title='bbox 368 1631 566 1712; x_wconf 86' lang='lat' dir='ltr'><strong>confessoris,</strong></span> <span class='ocrx_word' id='word_1_85' title='bbox 583 1650 667 1694; x_wconf 90' lang='lat' dir='ltr'><strong>anno</strong></span> <span class='ocrx_word' id='word_1_86' title='bbox 684 1628 804 1693; x_wconf 89' lang='lat' dir='ltr'><strong>domini</strong></span> <span class='ocrx_word' id='word_1_87' title='bbox 820 1629 896 1692; x_wconf 77' lang='grc' dir='ltr'><strong>Μῐῃο</strong></span> <span class='ocrx_word' id='word_1_88' title='bbox 912 1625 1034 1693; x_wconf 76' lang='lat' dir='ltr'><strong>OOCmo</strong></span> <span class='ocrx_word' id='word_1_89' title='bbox 1051 1627 1158 1692; x_wconf 66' lang='lat' dir='ltr'><strong>XLm⁰</strong></span> <span class='ocrx_word' id='word_1_90' title='bbox 1174 1647 1266 1692; x_wconf 90' lang='lat' dir='ltr'><strong>nono.</strong></span> 
     </span>
    </p>
   </div>
   <div class='ocr_carea' id='block_1_3' title="bbox 292 1789 1500 1943">
    <p class='ocr_par' dir='ltr' id='par_1_3' title="bbox 292 1789 1500 1943">
     <span class='ocr_line' id='line_1_12' title="bbox 292 1789 1500 1870; baseline -0.005 -27"><span class='ocrx_word' id='word_1_91' title='bbox 292 1864 295 1870; x_wconf 20' lang='grc' dir='ltr'>ι</span> <span class='ocrx_word' id='word_1_92' title='bbox 476 1793 502 1843; x_wconf 78' lang='lat' dir='ltr'>A</span> <span class='ocrx_word' id='word_1_93' title='bbox 515 1791 765 1842; x_wconf 84' lang='lat' dir='ltr'><strong>kolozsmonostori</strong></span> <span class='ocrx_word' id='word_1_94' title='bbox 789 1792 964 1841; x_wconf 83' lang='lat' dir='ltr'><strong>conventnek</strong></span> <span class='ocrx_word' id='word_1_95' title='bbox 979 1797 1056 1842; x_wconf 79' lang='lat'>1350.</span> <span class='ocrx_word' id='word_1_96' title='bbox 1069 1797 1137 1855; x_wconf 87' lang='lat' dir='ltr'><strong>sept.</strong></span> <span class='ocrx_word' id='word_1_97' title='bbox 1149 1791 1233 1841; x_wconf 78' lang='lat' dir='ltr'><strong>28·tn</strong></span> <span class='ocrx_word' id='word_1_98' title='bbox 1247 1789 1397 1854; x_wconf 70' lang='lat' dir='ltr'><strong>»magister</strong></span> <span class='ocrx_word' id='word_1_99' title='bbox 1408 1789 1500 1838; x_wconf 88' lang='lat' dir='ltr'><strong>Domi-</strong></span> 
     </span>
     <span class='ocr_line' id='line_1_13' title="bbox 368 1879 1500 1943; baseline -0.003 -13"><span class='ocrx_word' id='word_1_100' title='bbox 368 1881 447 1932; x_wconf 85' lang='lat' dir='ltr'><strong>nious</strong></span> <span class='ocrx_word' id='word_1_101' title='bbox 469 1881 559 1932; x_wconf 88' lang='lat' dir='ltr'><strong>dictus</strong></span> <span class='ocrx_word' id='word_1_102' title='bbox 581 1881 701 1932; x_wconf 82' lang='lat' dir='ltr'><strong>Maohka</strong></span> <span class='ocrx_word' id='word_1_103' title='bbox 714 1881 880 1930; x_wconf 85' lang='lat' dir='ltr'><strong>castellanus</strong></span> <span class='ocrx_word' id='word_1_104' title='bbox 903 1882 936 1930; x_wconf 90' lang='lat' dir='ltr'><strong>de</strong></span> <span class='ocrx_word' id='word_1_105' title='bbox 950 1881 1092 1943; x_wconf 78' lang='lat' dir='ltr'><strong>Arsnyas«</strong></span> <span class='ocrx_word' id='word_1_106' title='bbox 1103 1879 1209 1929; x_wconf 77' lang='lat' dir='ltr'><strong>reszere</strong></span> <span class='ocrx_word' id='word_1_107' title='bbox 1222 1879 1332 1929; x_wconf 82' lang='lat' dir='ltr'><strong>kiadott</strong></span> <span class='ocrx_word' id='word_1_108' title='bbox 1344 1879 1500 1942; x_wconf 75' lang='lat' dir='ltr'><strong>stiratabdl,</strong></span> 
     </span>
    </p>
   </div>
   <div class='ocr_carea' id='block_1_4' title="bbox 368 1970 1499 2036">
    <p class='ocr_par' dir='ltr' id='par_1_4' title="bbox 368 1970 1499 2036">
     <span class='ocr_line' id='line_1_14' title="bbox 368 1970 1499 2036; baseline -0.002 -16"><span class='ocrx_word' id='word_1_109' title='bbox 368 1973 498 2034; x_wconf 79' lang='lat' dir='ltr'><strong>melynek</strong></span> <span class='ocrx_word' id='word_1_110' title='bbox 510 1971 640 2036; x_wconf 83' lang='lat' dir='ltr'><strong>credetije</strong></span> <span class='ocrx_word' id='word_1_111' title='bbox 653 1985 772 2035; x_wconf 81' lang='lat' dir='ltr'><strong>msgvan</strong></span> <span class='ocrx_word' id='word_1_112' title='bbox 782 1985 814 2020; x_wconf 84' lang='lat' dir='ltr'><strong>az</strong></span> <span class='ocrx_word' id='word_1_113' title='bbox 825 1986 894 2020; x_wconf 81' lang='lat' dir='ltr'><strong>orez.</strong></span> <span class='ocrx_word' id='word_1_114' title='bbox 905 1974 936 2022; x_wconf 92' lang='lat' dir='ltr'><strong>lt.</strong></span> <span class='ocrx_word' id='word_1_115' title='bbox 954 1972 1021 2034; x_wconf 87' lang='lat' dir='ltr'><strong>dipl.</strong></span> <span class='ocrx_word' id='word_1_116' title='bbox 1035 1975 1102 2020; x_wconf 82' lang='lat' dir='ltr'><strong>oszt.</strong></span> <span class='ocrx_word' id='word_1_117' title='bbox 1117 1975 1214 2020; x_wconf 80' lang='grc'><strong>26373.</strong></span> <span class='ocrx_word' id='word_1_118' title='bbox 1230 1970 1324 2020; x_wconf 79' lang='lat' dir='ltr'><strong>Kozli:</strong></span> <span class='ocrx_word' id='word_1_119' title='bbox 1350 1970 1458 2018; x_wconf 71' lang='lat' dir='ltr'><strong>Koraos</strong></span> <span class='ocrx_word' id='word_1_120' title='bbox 1468 1970 1499 2018; x_wconf 82' lang='lat' dir='ltr'><strong>N.</strong></span> 
     </span>
    </p>
   </div>
   <div class='ocr_carea' id='block_1_5' title="bbox 894 2297 968 2359">
    <p class='ocr_par' dir='ltr' id='par_1_5' title="bbox 894 2297 968 2359">
     <span class='ocr_line' id='line_1_15' title="bbox 894 2297 968 2359; baseline 0.041 -3"><span class='ocrx_word' id='word_1_121' title='bbox 894 2297 968 2359; x_wconf 85' lang='lat'>195.</span> 
     </span>
    </p>
   </div>
   <div class='ocr_carea' id='block_1_6' title="bbox 358 2437 1585 2737">
    <p class='ocr_par' dir='ltr' id='par_1_6' title="bbox 358 2437 1585 2737">
     <span class='ocr_line' id='line_1_16' title="bbox 370 2437 1498 2524; baseline -0.002 -22"><span class='ocrx_word' id='word_1_122' title='bbox 370 2438 464 2502; x_wconf 72' lang='lat'><em>1349.</em></span> <span class='ocrx_word' id='word_1_123' title='bbox 482 2437 589 2518; x_wconf 76' lang='lat' dir='ltr'><strong>Bada,</strong></span> <span class='ocrx_word' id='word_1_124' title='bbox 605 2461 672 2502; x_wconf 84' lang='lat' dir='ltr'><strong>noo.</strong></span> <span class='ocrx_word' id='word_1_125' title='bbox 692 2441 742 2503; x_wconf 81' lang='lat'><strong>12.</strong></span> <span class='ocrx_word' id='word_1_126' title='bbox 759 2439 787 2502; x_wconf 88' lang='grc' dir='ltr'><strong>Ι.</strong></span> <span class='ocrx_word' id='word_1_127' title='bbox 806 2438 901 2522; x_wconf 84' lang='lat' dir='ltr'><strong>Lojos</strong></span> <span class='ocrx_word' id='word_1_128' title='bbox 917 2437 1022 2521; x_wconf 68' lang='lat' dir='ltr'><strong>eiralp</strong></span> <span class='ocrx_word' id='word_1_129' title='bbox 1049 2437 1148 2502; x_wconf 79' lang='lat' dir='ltr'><strong>Scires</strong></span> <span class='ocrx_word' id='word_1_130' title='bbox 1167 2437 1498 2524; x_wconf 76' lang='lat' dir='ltr'><strong>odrmepycifdiapa&#39;u-</strong></span> 
     </span>
     <span class='ocr_line' id='line_1_17' title="bbox 358 2544 1585 2642; baseline -0.002 -32"><span class='ocrx_word' id='word_1_131' title='bbox 358 2549 414 2631; x_wconf 77' lang='lat' dir='ltr'><strong>jor</strong></span> <span class='ocrx_word' id='word_1_132' title='bbox 439 2550 581 2631; x_wconf 80' lang='lat' dir='ltr'><strong>utasitja,</strong></span> <span class='ocrx_word' id='word_1_133' title='bbox 606 2547 684 2632; x_wconf 74' lang='lat' dir='ltr'><strong>kopp</strong></span> <span class='ocrx_word' id='word_1_134' title='bbox 711 2544 804 2611; x_wconf 78' lang='lat' dir='ltr'><strong>Obesi</strong></span> <span class='ocrx_word' id='word_1_135' title='bbox 827 2551 973 2631; x_wconf 66' lang='lat' dir='ltr'><strong>dzucpydt</strong></span> <span class='ocrx_word' id='word_1_136' title='bbox 988 2548 1077 2630; x_wconf 76' lang='lat' dir='ltr'><strong>ficit,</strong></span> <span class='ocrx_word' id='word_1_137' title='bbox 1093 2547 1124 2608; x_wconf 71' lang='lat' dir='ltr'><strong>cs</strong></span> <span class='ocrx_word' id='word_1_138' title='bbox 1147 2547 1272 2628; x_wconf 70' lang='lat' dir='ltr'><strong>soporati</strong></span> <span class='ocrx_word' id='word_1_139' title='bbox 1296 2545 1384 2624; x_wconf 71' lang='lat' dir='ltr'><strong>Peli,</strong></span> <span class='ocrx_word' id='word_1_140' title='bbox 1409 2546 1499 2609; x_wconf 73' lang='lat' dir='ltr'><strong>birro</strong></span> <span class='ocrx_word' id='word_1_141' title='bbox 1584 2575 1585 2642; x_wconf 49' lang='lat' dir='ltr'><strong>p</strong></span> 
     </span>
     <span class='ocr_line' id='line_1_18' title="bbox 723 2653 1142 2737; baseline 0.005 -21"><span class='ocrx_word' id='word_1_142' title='bbox 723 2653 863 2718; x_wconf 80' lang='lat' dir='ltr'><strong>koikbaa</strong></span> <span class='ocrx_word' id='word_1_143' title='bbox 878 2653 1142 2737; x_wconf 70' lang='lat' dir='ltr'><strong>mepoltalmozza.</strong></span> 
     </span>
    </p>
   </div>
   <div class='ocr_carea' id='block_1_7' title="bbox 355 2813 1585 4515">
    <p class='ocr_par' dir='ltr' id='par_1_7' title="bbox 355 2813 1585 4515">
     <span class='ocr_line' id='line_1_19' title="bbox 473 2813 1498 2882; baseline 0 -2"><span class='ocrx_word' id='word_1_144' title='bbox 473 2815 653 2880; x_wconf 88' lang='lat' dir='ltr'><strong>Lodovious</strong></span> <span class='ocrx_word' id='word_1_145' title='bbox 670 2865 676 2879; x_wconf 92' lang='lat'><strong>.</strong></span> <span class='ocrx_word' id='word_1_146' title='bbox 695 2865 701 2879; x_wconf 94' lang='lat'><em>.</em></span> <span class='ocrx_word' id='word_1_147' title='bbox 718 2837 774 2880; x_wconf 83' lang='lat' dir='ltr'><strong>rer</strong></span> <span class='ocrx_word' id='word_1_148' title='bbox 792 2868 797 2880; x_wconf 94' lang='lat'>.</span> <span class='ocrx_word' id='word_1_149' title='bbox 815 2867 821 2880; x_wconf 90' lang='lat'>.</span> <span class='ocrx_word' id='word_1_150' title='bbox 839 2814 926 2880; x_wconf 89' lang='lat' dir='ltr'><strong>fideli</strong></span> <span class='ocrx_word' id='word_1_151' title='bbox 942 2836 999 2880; x_wconf 90' lang='lat' dir='ltr'><strong>suo</strong></span> <span class='ocrx_word' id='word_1_152' title='bbox 1010 2815 1147 2881; x_wconf 86' lang='lat' dir='ltr'><strong>Nicolao</strong></span> <span class='ocrx_word' id='word_1_153' title='bbox 1163 2813 1229 2879; x_wconf 86' lang='lat' dir='ltr'><strong>filio</strong></span> <span class='ocrx_word' id='word_1_154' title='bbox 1246 2815 1363 2882; x_wconf 92' lang='lat' dir='ltr'><strong>Doncb</strong></span> <span class='ocrx_word' id='word_1_155' title='bbox 1380 2815 1498 2881; x_wconf 85' lang='lat' dir='ltr'><strong>famulo</strong></span> 
     </span>
     <span class='ocr_line' id='line_1_20' title="bbox 366 2920 1499 3006; baseline 0.004 -22"><span class='ocrx_word' id='word_1_156' title='bbox 366 2921 487 2986; x_wconf 88' lang='lat' dir='ltr'><strong>domini</strong></span> <span class='ocrx_word' id='word_1_157' title='bbox 503 2920 661 3006; x_wconf 84' lang='lat' dir='ltr'><strong>Stephani</strong></span> <span class='ocrx_word' id='word_1_158' title='bbox 677 2923 769 2989; x_wconf 88' lang='lat' dir='ltr'><strong>ducis</strong></span> <span class='ocrx_word' id='word_1_159' title='bbox 785 2922 897 2987; x_wconf 74' lang='lat' dir='ltr'><strong>fratris</strong></span> <span class='ocrx_word' id='word_1_160' title='bbox 922 2924 1025 2987; x_wconf 91' lang='lat' dir='ltr'><strong>nostri</strong></span> <span class='ocrx_word' id='word_1_161' title='bbox 1050 2923 1221 3000; x_wconf 86' lang='lat' dir='ltr'><strong>karissimi,</strong></span> <span class='ocrx_word' id='word_1_162' title='bbox 1247 2925 1360 2988; x_wconf 88' lang='lat' dir='ltr'><strong>comiti</strong></span> <span class='ocrx_word' id='word_1_163' title='bbox 1387 2924 1424 2988; x_wconf 90' lang='lat' dir='ltr'><strong>de</strong></span> <span class='ocrx_word' id='word_1_164' title='bbox 1449 2947 1499 2988; x_wconf 82' lang='lat' dir='ltr'><strong>eo</strong></span> 
     </span>
     <span class='ocr_line' id='line_1_21' title="bbox 366 3027 1499 3114; baseline 0.003 -20"><span class='ocrx_word' id='word_1_165' title='bbox 366 3029 484 3094; x_wconf 88' lang='lat' dir='ltr'><strong>mitatu</strong></span> <span class='ocrx_word' id='word_1_166' title='bbox 500 3029 540 3094; x_wconf 90' lang='lat' dir='ltr'><strong>de</strong></span> <span class='ocrx_word' id='word_1_167' title='bbox 557 3027 658 3096; x_wconf 83' lang='lat' dir='ltr'><strong>Serus</strong></span> <span class='ocrx_word' id='word_1_168' title='bbox 685 3031 823 3094; x_wconf 87' lang='lat' dir='ltr'><strong>salutem</strong></span> <span class='ocrx_word' id='word_1_169' title='bbox 839 3079 846 3092; x_wconf 91' lang='lat'>.</span> <span class='ocrx_word' id='word_1_170' title='bbox 864 3081 870 3094; x_wconf 91' lang='lat'><strong>.</strong></span> <span class='ocrx_word' id='word_1_171' title='bbox 887 3032 1013 3095; x_wconf 80' lang='lat' dir='ltr'><strong>noveris</strong></span> <span class='ocrx_word' id='word_1_172' title='bbox 1038 3029 1124 3114; x_wconf 90' lang='lat' dir='ltr'><strong>quod</strong></span> <span class='ocrx_word' id='word_1_173' title='bbox 1150 3053 1208 3095; x_wconf 92' lang='lat' dir='ltr'><strong>nos</strong></span> <span class='ocrx_word' id='word_1_174' title='bbox 1234 3030 1376 3096; x_wconf 91' lang='lat' dir='ltr'><strong>nobilem</strong></span> <span class='ocrx_word' id='word_1_175' title='bbox 1403 3033 1499 3097; x_wconf 90' lang='lat' dir='ltr'><strong>domi·</strong></span> 
     </span>
     <span class='ocr_line' id='line_1_22' title="bbox 366 3137 1498 3223; baseline 0.003 -23"><span class='ocrx_word' id='word_1_176' title='bbox 366 3159 442 3201; x_wconf 90' lang='lat' dir='ltr'><strong>nam</strong></span> <span class='ocrx_word' id='word_1_177' title='bbox 457 3139 603 3203; x_wconf 88' lang='lat' dir='ltr'><strong>relictam</strong></span> <span class='ocrx_word' id='word_1_178' title='bbox 621 3137 729 3216; x_wconf 84' lang='lat' dir='ltr'><strong>Obesi,</strong></span> <span class='ocrx_word' id='word_1_179' title='bbox 744 3138 822 3203; x_wconf 90' lang='lat' dir='ltr'><strong>item</strong></span> <span class='ocrx_word' id='word_1_180' title='bbox 849 3137 1051 3223; x_wconf 87' lang='lat' dir='ltr'><strong>Stephanum</strong></span> <span class='ocrx_word' id='word_1_181' title='bbox 1075 3139 1244 3206; x_wconf 82' lang='lat' dir='ltr'><strong>Andream</strong></span> <span class='ocrx_word' id='word_1_182' title='bbox 1260 3145 1292 3205; x_wconf 88' lang='lat' dir='ltr'><strong>et</strong></span> <span class='ocrx_word' id='word_1_183' title='bbox 1308 3139 1498 3205; x_wconf 85' lang='lat' dir='ltr'><strong>Ladislaum</strong></span> 
     </span>
     <span class='ocr_line' id='line_1_23' title="bbox 365 3243 1498 3331; baseline 0.002 -23"><span class='ocrx_word' id='word_1_184' title='bbox 365 3243 446 3310; x_wconf 89' lang='lat' dir='ltr'><strong>filios</strong></span> <span class='ocrx_word' id='word_1_185' title='bbox 463 3245 606 3310; x_wconf 89' lang='lat' dir='ltr'><strong>eiusdem</strong></span> <span class='ocrx_word' id='word_1_186' title='bbox 622 3246 758 3324; x_wconf 87' lang='lat' dir='ltr'><strong>domine,</strong></span> <span class='ocrx_word' id='word_1_187' title='bbox 774 3267 812 3310; x_wconf 90' lang='lat' dir='ltr'><strong>ac</strong></span> <span class='ocrx_word' id='word_1_188' title='bbox 829 3247 968 3311; x_wconf 88' lang='lat' dir='ltr'><strong>Paulum</strong></span> <span class='ocrx_word' id='word_1_189' title='bbox 995 3247 1129 3312; x_wconf 89' lang='lat' dir='ltr'><strong>fratrem</strong></span> <span class='ocrx_word' id='word_1_190' title='bbox 1155 3247 1291 3331; x_wconf 81' lang='lat' dir='ltr'><strong>predicti</strong></span> <span class='ocrx_word' id='word_1_191' title='bbox 1308 3245 1410 3313; x_wconf 79' lang='lat' dir='ltr'><strong>Obesi</strong></span> <span class='ocrx_word' id='word_1_192' title='bbox 1424 3247 1498 3311; x_wconf 81' lang='lat' dir='ltr'><strong>levi-</strong></span> 
     </span>
     <span class='ocr_line' id='line_1_24' title="bbox 365 3353 1498 3438; baseline 0.001 -21"><span class='ocrx_word' id='word_1_193' title='bbox 365 3375 438 3418; x_wconf 90' lang='lat' dir='ltr'><strong>rum</strong></span> <span class='ocrx_word' id='word_1_194' title='bbox 453 3354 604 3420; x_wconf 83' lang='lat' dir='ltr'><strong>iamdicta</strong></span> <span class='ocrx_word' id='word_1_195' title='bbox 621 3353 756 3438; x_wconf 90' lang='lat' dir='ltr'><strong>domine,</strong></span> <span class='ocrx_word' id='word_1_196' title='bbox 773 3356 850 3418; x_wconf 90' lang='lat' dir='ltr'><strong>item</strong></span> <span class='ocrx_word' id='word_1_197' title='bbox 867 3356 1082 3438; x_wconf 90' lang='lat' dir='ltr'><strong>possessiones</strong></span> <span class='ocrx_word' id='word_1_198' title='bbox 1107 3355 1245 3419; x_wconf 89' lang='lat' dir='ltr'><strong>famulos</strong></span> <span class='ocrx_word' id='word_1_199' title='bbox 1261 3361 1295 3420; x_wconf 92' lang='lat' dir='ltr'><strong>et</strong></span> <span class='ocrx_word' id='word_1_200' title='bbox 1311 3355 1498 3438; x_wconf 85' lang='lat' dir='ltr'><strong>iobagiones</strong></span> 
     </span>
     <span class='ocr_line' id='line_1_25' title="bbox 366 3461 1500 3546; baseline 0.001 -21"><span class='ocrx_word' id='word_1_201' title='bbox 366 3461 550 3526; x_wconf 89' lang='lat' dir='ltr'><strong>eorumdem</strong></span> <span class='ocrx_word' id='word_1_202' title='bbox 560 3463 996 3545; x_wconf 88' lang='lat' dir='ltr'><strong>necnonpertinentesadeos</strong></span> <span class='ocrx_word' id='word_1_203' title='bbox 1006 3463 1368 3542; x_wconf 85' lang='lat' dir='ltr'><strong>universos,innostram</strong></span> <span class='ocrx_word' id='word_1_204' title='bbox 1377 3463 1500 3546; x_wconf 83' lang='lat' dir='ltr'><strong>regiam</strong></span> 
     </span>
     <span class='ocr_line' id='line_1_26' title="bbox 366 3566 1500 3654; baseline 0.001 -21"><span class='ocrx_word' id='word_1_205' title='bbox 366 3570 546 3653; x_wconf 88' lang='lat' dir='ltr'><strong>recepimus</strong></span> <span class='ocrx_word' id='word_1_206' title='bbox 562 3570 798 3654; x_wconf 88' lang='lat' dir='ltr'><strong>protecoionem</strong></span> <span class='ocrx_word' id='word_1_207' title='bbox 816 3575 848 3634; x_wconf 91' lang='lat' dir='ltr'><strong>et</strong></span> <span class='ocrx_word' id='word_1_208' title='bbox 868 3566 1196 3654; x_wconf 83' lang='lat' dir='ltr'><strong>tutelam&#39;specialem,</strong></span> <span class='ocrx_word' id='word_1_209' title='bbox 1213 3577 1247 3635; x_wconf 91' lang='lat' dir='ltr'><strong>et</strong></span> <span class='ocrx_word' id='word_1_210' title='bbox 1271 3571 1340 3636; x_wconf 82' lang='lat' dir='ltr'><strong>rice</strong></span> <span class='ocrx_word' id='word_1_211' title='bbox 1365 3592 1500 3654; x_wconf 90' lang='lat' dir='ltr'><strong>persone</strong></span> 
     </span>
     <span class='ocr_line' id='line_1_27' title="bbox 366 3677 1498 3762; baseline 0.002 -22"><span class='ocrx_word' id='word_1_212' title='bbox 366 3683 476 3742; x_wconf 89' lang='lat' dir='ltr'><strong>nostre</strong></span> <span class='ocrx_word' id='word_1_213' title='bbox 486 3683 541 3742; x_wconf 92' lang='lat' dir='ltr'><strong>tue</strong></span> <span class='ocrx_word' id='word_1_214' title='bbox 551 3677 768 3742; x_wconf 87' lang='lat' dir='ltr'><strong>commisimus</strong></span> <span class='ocrx_word' id='word_1_215' title='bbox 778 3678 976 3761; x_wconf 89' lang='lat' dir='ltr'><strong>proteccioni</strong></span> <span class='ocrx_word' id='word_1_216' title='bbox 987 3685 1019 3742; x_wconf 92' lang='lat' dir='ltr'><strong>et</strong></span> <span class='ocrx_word' id='word_1_217' title='bbox 1036 3678 1154 3759; x_wconf 88' lang='lat' dir='ltr'><strong>tutele;</strong></span> <span class='ocrx_word' id='word_1_218' title='bbox 1174 3685 1374 3762; x_wconf 85' lang='lat' dir='ltr'><strong>quapropter</strong></span> <span class='ocrx_word' id='word_1_219' title='bbox 1396 3678 1498 3743; x_wconf 89' lang='lat' dir='ltr'><strong>fideli-</strong></span> 
     </span>
     <span class='ocr_line' id='line_1_28' title="bbox 355 3773 1496 3868; baseline 0.001 -20"><span class='ocrx_word' id='word_1_220' title='bbox 355 3773 427 3848; x_wconf 83' lang='lat' dir='ltr'><strong>tati</strong></span> <span class='ocrx_word' id='word_1_221' title='bbox 436 3789 493 3849; x_wconf 90' lang='lat' dir='ltr'><strong>tue</strong></span> <span class='ocrx_word' id='word_1_222' title='bbox 509 3833 516 3847; x_wconf 92' lang='lat'><strong>.</strong></span> <span class='ocrx_word' id='word_1_223' title='bbox 533 3834 539 3848; x_wconf 93' lang='lat'>.</span> <span class='ocrx_word' id='word_1_224' title='bbox 565 3783 764 3866; x_wconf 89' lang='lat' dir='ltr'><strong>mandamus,</strong></span> <span class='ocrx_word' id='word_1_225' title='bbox 777 3791 935 3868; x_wconf 88' lang='lat' dir='ltr'><strong>quatenus</strong></span> <span class='ocrx_word' id='word_1_226' title='bbox 946 3785 1126 3868; x_wconf 88' lang='lat' dir='ltr'><strong>predictam</strong></span> <span class='ocrx_word' id='word_1_227' title='bbox 1136 3785 1276 3850; x_wconf 92' lang='lat' dir='ltr'><strong>nobilem</strong></span> <span class='ocrx_word' id='word_1_228' title='bbox 1289 3785 1450 3851; x_wconf 88' lang='lat' dir='ltr'><strong>dominam</strong></span> <span class='ocrx_word' id='word_1_229' title='bbox 1462 3793 1496 3850; x_wconf 88' lang='lat' dir='ltr'><strong>et</strong></span> 
     </span>
     <span class='ocr_line' id='line_1_29' title="bbox 364 3889 1503 3978; baseline 0.004 -22"><span class='ocrx_word' id='word_1_230' title='bbox 364 3889 447 3956; x_wconf 85' lang='lat' dir='ltr'><strong>fib&#39;os</strong></span> <span class='ocrx_word' id='word_1_231' title='bbox 463 3913 537 3956; x_wconf 91' lang='lat' dir='ltr'><strong>suos</strong></span> <span class='ocrx_word' id='word_1_232' title='bbox 553 3912 592 3957; x_wconf 92' lang='lat' dir='ltr'><strong>ac</strong></span> <span class='ocrx_word' id='word_1_233' title='bbox 615 3891 751 3957; x_wconf 80' lang='lat' dir='ltr'><strong>levirum</strong></span> <span class='ocrx_word' id='word_1_234' title='bbox 777 3914 871 3957; x_wconf 92' lang='lat' dir='ltr'><strong>suum</strong></span> <span class='ocrx_word' id='word_1_235' title='bbox 896 3895 1144 3976; x_wconf 87' lang='lat' dir='ltr'><strong>prenominatos,</strong></span> <span class='ocrx_word' id='word_1_236' title='bbox 1176 3895 1254 3960; x_wconf 90' lang='lat' dir='ltr'><strong>item</strong></span> <span class='ocrx_word' id='word_1_237' title='bbox 1279 3897 1503 3978; x_wconf 83' lang='lat' dir='ltr'><strong>possessiones</strong></span> 
     </span>
     <span class='ocr_line' id='line_1_30' title="bbox 365 3997 1502 4088; baseline 0.004 -24"><span class='ocrx_word' id='word_1_238' title='bbox 365 4000 503 4064; x_wconf 83' lang='lat' dir='ltr'><strong>famulos</strong></span> <span class='ocrx_word' id='word_1_239' title='bbox 519 3997 704 4082; x_wconf 84' lang='lat' dir='ltr'><strong>iobagiones</strong></span> <span class='ocrx_word' id='word_1_240' title='bbox 720 4000 913 4078; x_wconf 85' lang='lat' dir='ltr'><strong>eorumdem,</strong></span> <span class='ocrx_word' id='word_1_241' title='bbox 929 4022 1051 4066; x_wconf 87' lang='lat' dir='ltr'><strong>necnon</strong></span> <span class='ocrx_word' id='word_1_242' title='bbox 1068 4002 1269 4084; x_wconf 90' lang='lat' dir='ltr'><strong>pertinentes</strong></span> <span class='ocrx_word' id='word_1_243' title='bbox 1295 4004 1338 4068; x_wconf 88' lang='lat' dir='ltr'><strong>ad</strong></span> <span class='ocrx_word' id='word_1_244' title='bbox 1363 4003 1448 4088; x_wconf 89' lang='lat' dir='ltr'><strong>ipsos</strong></span> <span class='ocrx_word' id='word_1_245' title='bbox 1468 4055 1476 4067; x_wconf 95' lang='lat'>.</span> <span class='ocrx_word' id='word_1_246' title='bbox 1495 4054 1502 4067; x_wconf 94' lang='lat'>.</span> 
     </span>
     <span class='ocr_line' id='line_1_31' title="bbox 364 4107 1505 4190; baseline 0.004 -20"><span class='ocrx_word' id='word_1_247' title='bbox 364 4107 432 4172; x_wconf 85' lang='lat' dir='ltr'><strong>rice</strong></span> <span class='ocrx_word' id='word_1_248' title='bbox 457 4125 593 4188; x_wconf 88' lang='lat' dir='ltr'><strong>persone</strong></span> <span class='ocrx_word' id='word_1_249' title='bbox 618 4113 726 4172; x_wconf 90' lang='lat' dir='ltr'><strong>nostre</strong></span> <span class='ocrx_word' id='word_1_250' title='bbox 752 4108 838 4190; x_wconf 83' lang='lat' dir='ltr'><strong>regie</strong></span> <span class='ocrx_word' id='word_1_251' title='bbox 864 4109 905 4173; x_wconf 84' lang='lat' dir='ltr'><strong>ab</strong></span> <span class='ocrx_word' id='word_1_252' title='bbox 931 4109 1079 4174; x_wconf 89' lang='lat' dir='ltr'><strong>omnibus</strong></span> <span class='ocrx_word' id='word_1_253' title='bbox 1103 4109 1251 4174; x_wconf 90' lang='lat' dir='ltr'><strong>indebite</strong></span> <span class='ocrx_word' id='word_1_254' title='bbox 1276 4111 1505 4178; x_wconf 86' lang='lat' dir='ltr'><strong>molestare..</strong></span> 
     </span>
     <span class='ocr_line' id='line_1_32' title="bbox 363 4213 1585 4301; baseline 0.006 -22"><span class='ocrx_word' id='word_1_255' title='bbox 363 4213 543 4279; x_wconf 85' lang='lat' dir='ltr'><strong>volentibus</strong></span> <span class='ocrx_word' id='word_1_256' title='bbox 560 4265 566 4278; x_wconf 91' lang='lat'>.</span> <span class='ocrx_word' id='word_1_257' title='bbox 584 4265 590 4278; x_wconf 95' lang='lat'><em>.</em></span> <span class='ocrx_word' id='word_1_258' title='bbox 608 4215 693 4280; x_wconf 90' lang='lat' dir='ltr'><strong>tueri</strong></span> <span class='ocrx_word' id='word_1_259' title='bbox 719 4215 843 4299; x_wconf 87' lang='lat' dir='ltr'><strong>debeas,</strong></span> <span class='ocrx_word' id='word_1_260' title='bbox 868 4217 957 4281; x_wconf 86' lang='lat' dir='ltr'><strong>aliud</strong></span> <span class='ocrx_word' id='word_1_261' title='bbox 982 4215 1087 4283; x_wconf 87' lang='lat' dir='ltr'><strong>facere</strong></span> <span class='ocrx_word' id='word_1_262' title='bbox 1112 4239 1177 4282; x_wconf 93' lang='lat' dir='ltr'><strong>non</strong></span> <span class='ocrx_word' id='word_1_263' title='bbox 1193 4239 1409 4301; x_wconf 81' lang='lat' dir='ltr'><strong>presummas3</strong></span> <span class='ocrx_word' id='word_1_264' title='bbox 1434 4219 1508 4285; x_wconf 89' lang='lat' dir='ltr'><strong>boc</strong></span> <span class='ocrx_word' id='word_1_265' title='bbox 1584 4257 1585 4286; x_wconf 58' lang='lat' dir='ltr'><strong>t</strong></span> 
     </span>
     <span class='ocr_line' id='line_1_33' title="bbox 363 4321 1508 4409; baseline 0.004 -24"><span class='ocrx_word' id='word_1_266' title='bbox 363 4321 448 4386; x_wconf 90' lang='lat' dir='ltr'><strong>idem</strong></span> <span class='ocrx_word' id='word_1_267' title='bbox 464 4322 663 4406; x_wconf 80' lang='lat' dir='ltr'><strong>iniungimus</strong></span> <span class='ocrx_word' id='word_1_268' title='bbox 680 4324 849 4389; x_wconf 84' lang='lat' dir='ltr'><strong>comitibus</strong></span> <span class='ocrx_word' id='word_1_269' title='bbox 865 4325 899 4389; x_wconf 90' lang='lat' dir='ltr'><strong>in</strong></span> <span class='ocrx_word' id='word_1_270' title='bbox 917 4327 987 4409; x_wconf 89' lang='lat' dir='ltr'><strong>ipso</strong></span> <span class='ocrx_word' id='word_1_271' title='bbox 1013 4325 1168 4391; x_wconf 85' lang='lat' dir='ltr'><strong>comitatu</strong></span> <span class='ocrx_word' id='word_1_272' title='bbox 1192 4327 1226 4390; x_wconf 92' lang='lat' dir='ltr'><strong>in</strong></span> <span class='ocrx_word' id='word_1_273' title='bbox 1252 4326 1395 4392; x_wconf 85' lang='lat' dir='ltr'><strong>futurum</strong></span> <span class='ocrx_word' id='word_1_274' title='bbox 1421 4347 1508 4390; x_wconf 89' lang='lat' dir='ltr'><strong>con-</strong></span> 
     </span>
     <span class='ocr_line' id='line_1_34' title="bbox 363 4428 1509 4515; baseline 0.003 -21"><span class='ocrx_word' id='word_1_275' title='bbox 363 4430 543 4508; x_wconf 88' lang='lat' dir='ltr'><strong>stituendis,</strong></span> <span class='ocrx_word' id='word_1_276' title='bbox 567 4428 668 4494; x_wconf 91' lang='lat' dir='ltr'><strong>firmis</strong></span> <span class='ocrx_word' id='word_1_277' title='bbox 699 4430 814 4496; x_wconf 87' lang='lat' dir='ltr'><strong>dantes</strong></span> <span class='ocrx_word' id='word_1_278' title='bbox 845 4434 890 4496; x_wconf 89' lang='lat' dir='ltr'><strong>eis</strong></span> <span class='ocrx_word' id='word_1_279' title='bbox 915 4433 949 4497; x_wconf 95' lang='lat' dir='ltr'><strong>in</strong></span> <span class='ocrx_word' id='word_1_280' title='bbox 974 4435 1142 4515; x_wconf 90' lang='lat' dir='ltr'><strong>preceptis.</strong></span> <span class='ocrx_word' id='word_1_281' title='bbox 1173 4433 1299 4498; x_wconf 86' lang='lat' dir='ltr'><strong>Datum</strong></span> <span class='ocrx_word' id='word_1_282' title='bbox 1322 4431 1423 4514; x_wconf 87' lang='lat' dir='ltr'><strong>Bude,</strong></span> <span class='ocrx_word' id='word_1_283' title='bbox 1454 4455 1509 4498; x_wconf 83' lang='lat' dir='ltr'><strong>se-</strong></span> 
     </span>
    </p>
   </div>
   <div class='ocr_carea' id='block_1_8' title="bbox 363 4535 1510 4712">
    <p class='ocr_par' dir='ltr' id='par_1_8' title="bbox 363 4535 1510 4712">
     <span class='ocr_line' id='line_1_35' title="bbox 363 4535 1510 4620; baseline 0.007 -20"><span class='ocrx_word' id='word_1_284' title='bbox 363 4536 466 4602; x_wconf 88' lang='lat' dir='ltr'><strong>cundo</strong></span> <span class='ocrx_word' id='word_1_285' title='bbox 482 4535 533 4602; x_wconf 88' lang='lat' dir='ltr'><strong>die</strong></span> <span class='ocrx_word' id='word_1_286' title='bbox 547 4536 621 4602; x_wconf 86' lang='lat' dir='ltr'><strong>festi</strong></span> <span class='ocrx_word' id='word_1_287' title='bbox 646 4539 750 4602; x_wconf 88' lang='lat' dir='ltr'><strong>sancti</strong></span> <span class='ocrx_word' id='word_1_288' title='bbox 775 4540 912 4605; x_wconf 84' lang='lat' dir='ltr'><strong>Martini</strong></span> <span class='ocrx_word' id='word_1_289' title='bbox 938 4541 1136 4620; x_wconf 85' lang='lat' dir='ltr'><strong>confessoris,</strong></span> <span class='ocrx_word' id='word_1_290' title='bbox 1161 4563 1246 4606; x_wconf 86' lang='lat' dir='ltr'><strong>anno</strong></span> <span class='ocrx_word' id='word_1_291' title='bbox 1272 4541 1389 4606; x_wconf 89' lang='lat' dir='ltr'><strong>domini</strong></span> <span class='ocrx_word' id='word_1_292' title='bbox 1419 4541 1510 4608; x_wconf 67' lang='grc' dir='ltr'><strong>Μ’ὓο</strong></span> 
     </span>
     <span class='ocr_line' id='line_1_36' title="bbox 364 4642 695 4712; baseline -0.003 -3"><span class='ocrx_word' id='word_1_293' title='bbox 364 4642 461 4712; x_wconf 79' lang='lat'><strong>000⁰</strong></span> <span class='ocrx_word' id='word_1_294' title='bbox 484 4645 588 4709; x_wconf 83' lang='lat' dir='ltr'>XL¹¹¹⁰</span> <span class='ocrx_word' id='word_1_295' title='bbox 604 4667 695 4708; x_wconf 91' lang='lat' dir='ltr'><strong>nono.</strong></span> 
     </span>
    </p>
   </div>
   <div class='ocr_carea' id='block_1_9' title="bbox 0 0 1598 5461">
    <p class='ocr_par' dir='ltr' id='par_1_9' title="bbox 0 0 1598 5461">
     <span class='ocr_line' id='line_1_37' title="bbox 0 0 1598 5461; baseline 0 0"><span class='ocrx_word' id='word_1_296' title='bbox 0 0 1598 5461; x_wconf 95' lang='lat' dir='ltr'><strong> </strong></span> 
     </span>
    </p>
   </div>
  </div>
 </body>
</html>
