3180 5466
529 583 530 588 ,
591 523 686 586 1351.
708 528 782 585 alin:
799 527 847 586 12.
1212 525 1274 586 lis

143 701 305 768 Sumknth
331 709 363 767 et
393 703 544 768 Rosusna
573 704 765 786 pertinentis
790 705 1008 780 accessissent,
1039 725 1077 768 ac
1105 704 1217 770 vicinis
1243 711 1275 770 et

142 812 369 875 commetaneis
394 831 504 876 earum
529 813 695 892 universis,
727 811 974 894 specialiterque
1004 810 1164 893 Gregorio
1190 811 1275 876 dicto

143 918 249 982 Zeknl
266 925 298 984 et
314 917 477 984 Michaele
495 919 595 984 fratre
612 919 754 984 eiusdem
779 921 847 983 illic
875 919 1018 1002 legitime
1037 922 1218 985 convocatis
1244 928 1277 986 et

143 1024 355 1107 presentibus,
379 1026 471 1089 iuxta
496 1025 747 1090 adiudioacionis
763 1025 840 1091 dicti
858 1027 984 1092 comitis
1005 1027 1100 1091 Pauli
1127 1027 1273 1106 formam,

142 1117 308 1215 perraras
336 1133 479 1216 ipsarum
504 1141 608 1198 metas
634 1133 846 1212 reambulare,
872 1134 1154 1217 reambulatasqnc
1174 1136 1274 1219 magi-

143 1243 219 1308 stris
235 1242 261 1306 J
262 1242 381 1306 chunni
398 1247 430 1305 et
445 1241 470 1304 J
472 1242 572 1306 acobo
589 1241 662 1306 liliis
679 1239 861 1307 Alexandri
885 1249 1040 1326 perpetuo
1065 1243 1274 1326 possidendas

145 1358 289 1415 statuere
305 1349 467 1426 voluisset,
484 1349 663 1436 Gregorius
679 1350 786 1414 dictus
802 1349 907 1414 Zekul
923 1349 1005 1414 nihil
1020 1353 1147 1434 penitus
1164 1358 1276 1416 contra

143 1479 196 1522 eos
213 1478 371 1534 asserens,
388 1477 442 1522 eas
457 1457 600 1540 ipsorum
615 1459 845 1539 magistrorum
856 1457 1017 1522 ,lobannis
1033 1464 1066 1522 et
1081 1458 1107 1522 J
1107 1459 1199 1524 acobi
1217 1459 1275 1524 fili-

143 1587 234 1630 orum
253 1565 434 1632 Alexandri
451 1567 518 1631 fore
534 1567 677 1648 dixisset,
694 1567 750 1632 sed
766 1567 910 1632 Michael
927 1567 1182 1632 fratereiusdcm
1193 1566 1275 1634 Gre-
1370 1567 1372 1573 ’

143 1677 224 1757 gorii
242 1677 329 1760 ipsos
345 1697 409 1740 non
426 1698 446 1740 a
461 1675 728 1757 reambnlscione,
744 1676 801 1740 sed
811 1698 831 1740 a
841 1677 1021 1740 statncione
1037 1697 1075 1741 ac
1091 1677 1275 1760 aliquarum

142 1789 303 1848 metarum
328 1785 492 1849 ereccione
517 1785 746 1868 prohibuisset,
771 1791 804 1848 et
835 1784 936 1850 obboc
960 1787 1065 1868 ipsum
1082 1784 1276 1850 Michaelem

143 1892 256 1956 eodem
272 1891 323 1956 die
339 1893 371 1954 in
389 1892 471 1956 facie
487 1891 672 1957 earumdem
684 1893 919 1976 possessionum
930 1900 1043 1957 contra
1060 1893 1201 1976 prefatos
1217 1893 1243 1958 J
1244 1915 1275 1956 o-

144 2000 284 2065 hannem
300 2007 333 2064 et
348 1999 373 2064 J
375 1999 508 2064 acobum
525 2000 566 2065 ad
584 1999 763 2083 quindenas
780 2000 857 2064 ferie
883 2003 1019 2066 secunde
1044 2003 1188 2084 proxime
1205 2009 1277 2083 post

143 2108 261 2173 festum
278 2109 403 2173 Pasche
419 2107 540 2172 domini
564 2115 641 2173 tunc
666 2108 858 2191 preteritum
874 2109 916 2172 ad
932 2110 1052 2192 regiam
1077 2111 1274 2192 presenciam

145 2216 317 2294 citavisset,
335 2238 407 2282 cum
425 2223 533 2281 autem
549 2215 635 2280 dicta
653 2237 750 2281 causa
766 2219 940 2282 secundum
956 2219 1190 2282 continenciam
1207 2219 1275 2282 lite-

144 2347 255 2389 rarum
287 2330 468 2390 nostrarum
493 2325 789 2407 prorogatoriarum
814 2325 857 2389 ad
882 2325 1060 2407 quindenas
1086 2327 1275 2391 reversionis

143 2433 264 2496 domini
289 2433 390 2497 nostri
421 2433 506 2514 regis
532 2433 570 2496 de
596 2432 742 2515 partibus
768 2431 1008 2498 Transsilvanis
1029 2433 1156 2498 Budam
1181 2434 1275 2516 lacte,
1369 2471 1372 2476 ·

143 2542 261 2624 adepto
278 2562 335 2623 per
351 2541 494 2624 graciam
509 2540 559 2603 dei
577 2546 609 2604 et
624 2539 744 2604 domini
760 2541 862 2604 nostri
878 2542 963 2624 regis
979 2541 1098 2605 honore
1115 2543 1275 2606 iudicatus

144 2650 231 2713 curie
248 2670 306 2715 sue
322 2649 355 2712 in
373 2657 515 2714 nostram
532 2650 733 2732 presenciam
750 2649 936 2726 devenisset,
952 2650 1031 2733 ipsis
1041 2649 1212 2732 quindenis
1228 2671 1275 2713 re-

142 2757 299 2821 versionis
325 2757 446 2821 domini
472 2757 556 2839 regis
582 2755 833 2833 occurrentibus,
850 2753 1062 2822 Sebastianus
1087 2755 1172 2820 filius
1188 2757 1275 2820 Potlr

144 2887 202 2948 pro
220 2865 338 2930 eisdem
355 2864 430 2930 liliis
446 2863 638 2930 Alexandrii
654 2863 713 2928 filii
724 2861 845 2928 Obelen
860 2878 869 2927 ·.
886 2915 893 2928 .
917 2863 958 2927 ab
974 2885 1047 2940 una,
1064 2870 1095 2928 et
1111 2863 1275 2946 predictus

145 2969 326 3056 Gregorius
344 2973 448 3038 dictus
465 2973 570 3037 Zekul
585 2993 643 3054 pro
669 2993 703 3036 se
727 2970 939 3054 personaliter
964 2993 1023 3055 pro
1039 2972 1185 3054 predicto
1201 2993 1275 3036 vero

145 3080 308 3146 Michaele
324 3080 424 3146 fratre
441 3103 498 3146 suo
515 3101 586 3146 oum
603 3080 833 3164 procuratoriis
849 3078 952 3143 literis
968 3081 1094 3158 nostris,
1119 3087 1213 3163 parte
1236 3101 1276 3143 ex

144 3191 250 3254 ultera
266 3211 374 3254 coram
391 3188 483 3256 nobis
500 3195 532 3254 et
547 3189 637 3270 regni
653 3187 827 3252 baronibus
846 3209 884 3253 ac
894 3186 1054 3252 nobilibus
1069 3189 1273 3253 iudiciariam

145 3297 290 3362 tribunal
305 3297 470 3362 nobiscum
487 3295 732 3361 consedentibus
743 3294 919 3372 constituti,
930 3315 969 3358 ex
980 3300 1089 3358 nostra
1105 3295 1275 3360 iudiciaria

145 3406 354 3488 permissione
385 3407 418 3468 in
435 3404 519 3468 dicta
546 3425 644 3469 cansa
668 3401 849 3467 retulerant
873 3423 907 3466 se
927 3402 1092 3467 devenisse
1116 3404 1150 3467 in
1175 3403 1274 3467 talem

144 3515 234 3597 pacis
251 3514 400 3578 unionem
417 3518 449 3578 et
466 3513 661 3576 devenerant
677 3531 786 3574 coram
802 3509 903 3588 nobis,
915 3510 1001 3590 quod
1017 3511 1078 3592 ipsi
1096 3507 1273 3593 Gregorius

145 3628 177 3686 et
193 3621 338 3686 Michael
354 3621 432 3685 dicti
449 3619 554 3684 Zeknl
580 3618 707 3702 prefata
732 3619 901 3700 sexaginta
926 3616 1038 3699 iugera
1054 3623 1140 3682 terre
1166 3620 1274 3684 bacte-

145 3753 206 3794 nns
231 3731 315 3794 inter
341 3729 502 3813 predictas
528 3733 637 3810 partes
663 3726 803 3808 litigiosa
829 3733 860 3788 ct
886 3725 1099 3808 contensiose,
1125 3726 1184 3790 snb
1207 3727 1274 3790 suis

144 3837 307 3919 prioribus
323 3837 418 3901 certis
435 3843 476 3914 ,et
499 3835 582 3899 veris
613 3831 874 3897 distinccionibus
905 3831 1087 3910 metalibus,
1105 3833 1145 3896 in
1170 3834 1273 3898 literis

144 3945 221 4009 dicti
239 3944 364 4009 comitis
380 3944 477 4008 Pauli
493 3944 608 4007 seriem
633 3942 681 4005 sni
707 3939 817 4004 iudicii
834 3939 1086 4021 exprimentibus
1105 3944 1272 4020 contentis,

144 4052 279 4136 prefatis
297 4051 372 4116 liliis
388 4049 570 4115 Alexandri
587 4056 619 4113 st
634 4050 699 4112 suis
716 4045 953 4112 successoribus
979 4047 1021 4112 ad
1046 4047 1148 4112 dictas
1165 4071 1273 4114 eorum

144 4161 358 4244 possessiones
376 4159 537 4225 Snmkuth
555 4165 586 4222 et
602 4159 751 4222 Rosusna
767 4161 896 4219 vocatas
920 4176 1031 4220 revera
1048 4165 1273 4238 cognoscentes

144 4269 183 4333 de
199 4269 269 4332 inre
285 4273 317 4331 et
331 4267 417 4356 omni
444 4267 596 4349 equitatis
622 4265 753 4328 tramite
779 4285 817 4326 ex
842 4283 926 4326 nunc
951 4263 1112 4345 pertinere
1129 4271 1161 4328 et
1177 4267 1274 4347 perti-

145 4377 254 4441 nuisse
270 4374 310 4439 ab
326 4375 469 4458 antique,
486 4373 684 4438 remisissent
701 4377 734 4434 et
758 4372 976 4452 resignassent
1001 4377 1157 4454 perpetuo
1173 4373 1273 4456 possi-

145 4484 250 4548 denda
266 4489 300 4546 et
315 4483 485 4546 remiserat
509 4483 540 4544 in
568 4499 705 4562 persona
730 4477 809 4540 dicti
835 4477 945 4541 fratris
972 4478 1021 4541 sni
1046 4499 1154 4542 coram
1173 4481 1273 4558 nobis,

145 4593 226 4657 nihil
243 4591 303 4656 sibi
321 4590 359 4654 de
376 4589 494 4654 eisdem
512 4611 591 4673 pure
608 4594 640 4651 et
660 4585 847 4668 simpliciter
867 4585 1067 4648 reservanda.
1094 4587 1201 4668 igitur
1217 4611 1273 4652 nos

145 4698 428 4786 pr·elatocapit11lo
445 4697 634 4761 Waclriensi
652 4692 819 4760 scribendo
845 4692 1023 4756 amiciciam
1042 4715 1149 4760 eorum
1168 4698 1273 4778 requi·
