3188 5476
301 494 367 555 598
659 509 843 554 ansouxoar
861 496 1075 552 oxularrla.

302 669 387 735 idem
403 671 559 753 magister
575 667 687 753 Nylrul
703 670 800 734 simili
817 669 911 734 modo
929 669 1073 734 litoralia
1089 691 1152 734 non
1162 677 1272 752 posset
1286 671 1441 736 exhibere

301 781 528 858 instrumenta,
552 785 631 844 tuno
655 778 743 844 dicta
764 780 923 862 possessio
939 777 1111 863 Kyskeaeu
1128 798 1235 844 coram
1251 779 1440 844 testimonio

303 889 447 954 eiusdem
472 887 607 972 capituli
633 888 770 952 termino
795 888 828 951 in
854 887 965 953 eodem
982 887 1084 952 eidem
1110 888 1267 969 magistro
1292 887 1440 952 Johanni

301 995 393 1060 reddi
410 995 542 1060 deberet
566 1001 598 1060 et
622 996 750 1060 restitui
766 994 862 1078 pleno
878 995 956 1077 iure,
972 1001 1070 1079 prout
1085 995 1197 1060 eadem
1215 995 1306 1060 iuxta
1321 996 1439 1060 seriem

302 1105 480 1170 literalium
505 1125 635 1169 suorum
663 1105 951 1170 instrumentorum
983 1102 1062 1168 inibi
1094 1103 1346 1170 exhibendorum
1378 1104 1440 1168 sibi

303 1213 523 1280 dinosceretur
548 1213 718 1296 pertinere,
744 1214 770 1278 si
796 1219 904 1278 autem
920 1212 1100 1296 prelibatus
1124 1214 1278 1295 magister
1305 1211 1440 1298 Nyklrul

301 1323 334 1387 in
352 1321 552 1387 contrarium
577 1323 866 1388 instrumentorum
890 1321 992 1406 ipsius
1007 1321 1158 1404 magistri
1175 1320 1201 1385 J
1202 1321 1337 1386 ohannis
1354 1321 1441 1386 simi-

303 1431 379 1498 liter
404 1431 620 1496 instrumenta
647 1430 813 1496 exhiberet
840 1429 990 1508 literalia‚
1022 1451 1084 1513 que
1116 1430 1270 1495 adversus
1303 1430 1441 1495 eundem

303 1540 494 1622 magistrum
510 1538 535 1604 J
537 1538 695 1603 ohannem
711 1540 744 1604 in
761 1538 847 1604 facto
868 1537 1076 1622 possessionis
1102 1539 1245 1620 predicte
1263 1537 1441 1604 efficaciter

304 1649 490 1714 viderentur
521 1648 590 1713 fore
621 1655 780 1730 emanata,
814 1653 932 1713 extunc
962 1647 1048 1713 idem
1084 1647 1239 1730 magister
1269 1646 1440 1712 Johannes

304 1760 409 1843 ipsam
424 1759 657 1843 possessionem
673 1779 731 1842 pro
748 1757 884 1841 pecnnia
911 1755 951 1821 ab
977 1757 1088 1822 eodem
1112 1757 1267 1840 magistro
1284 1755 1398 1840 Nykul
1416 1757 1442 1820 si

303 1866 410 1946 vellet,
425 1866 601 1931 redimendi
612 1865 748 1932 haberet
758 1865 956 1944 facultatem,
971 1865 1064 1930 iuxta
1074 1866 1310 1931 continenciam
1321 1866 1443 1930 instru-

303 1980 484 2041 mentorum
500 1974 648 2057 magistri
665 1971 798 2059 Nykkul
815 1973 987 2056 prenotati,
1004 1993 1121 2055 penam
1136 1971 1318 2056 deponendi
1328 1972 1442 2037 iudicii

304 2083 414 2148 decem
438 2103 622 2171 marcarum
646 2082 730 2148 idem
755 2081 910 2166 magister
936 2080 1104 2146 Johannes
1131 2081 1199 2146 sine
1224 2081 1341 2146 iudicis
1366 2103 1440 2164 por·

305 2189 396 2254 aione
419 2189 617 2272 incursurus,
643 2189 670 2254 si
695 2188 866 2253 arbitrium
891 2210 956 2252 non
981 2193 1164 2272 acceptaret
1196 2188 1442 2272 supradictum;

305 2317 505 2364 assummens
529 2297 660 2381 insuper
676 2298 763 2362 idem
778 2297 933 2380 magister
948 2295 1127 2374 Johannes‚
1154 2297 1240 2380 quod
1266 2299 1293 2362 si
1320 2296 1440 2382 prelati

306 2403 365 2470 filii
381 2405 494 2490 Ponya
514 2425 616 2489 usque
641 2413 770 2473 octavas
794 2406 868 2472 festi
884 2406 971 2471 beati
996 2405 1134 2470 Martini
1159 2405 1350 2472 confessoris
1368 2428 1442 2490 pro

306 2514 391 2577 xime
407 2519 559 2578 venturas
576 2513 719 2597 aliquam
738 2514 889 2579 iniuriam
906 2513 956 2578 vel
973 2533 1146 2596 gravamen
1165 2513 1298 2596 aliquod
1316 2513 1446 2588 inferre,

307 2628 364 2686 aut
394 2621 557 2686 accionem
589 2642 716 2687 movere
749 2621 924 2705 aliqualem
956 2626 1069 2686 contra
1100 2623 1207 2704 ipsum
1246 2623 1444 2705 magistrum

307 2727 440 2812 Nylrkul
456 2729 645 2807 niterentur,
656 2735 734 2794 tunc
749 2730 818 2812 ipse
834 2730 971 2795 eundem
987 2731 1179 2811 magistrum
1195 2728 1331 2814 Nyklrul
1347 2749 1446 2813 super

307 2839 358 2903 his
383 2837 550 2922 expediret
573 2838 739 2905 laboribus
764 2840 830 2904 suis
855 2839 994 2923 propriis
1020 2844 1053 2904 et
1078 2839 1225 2922 expensis
1257 2887 1286 2902 ..
1319 2837 1444 2904 Datum

308 2945 411 3028 Bude,
427 2945 506 3010 feria
524 2947 639 3030 quinta
655 2947 801 3029 proxima
818 2951 891 3030 post
907 2953 1036 3012 octavas
1054 2945 1126 3011 festi
1146 2945 1340 3011 Natiuitatis
1356 2946 1446 3012 beati

309 3053 335 3118 J
336 3053 471 3118 ohannis
497 3054 655 3137 Baptiste,
681 3076 765 3120 anno
790 3055 911 3121 domini
937 3055 1012 3119 ΜΠιο
1036 3037 1157 3122 00οΜ
1175 3054 1446 3139 quinquagesimo

310 3160 457 3225 secundo.

417 3323 549 3374 Zarlattn
562 3326 868 3392 pecsdttbredekoiv013
891 3327 1021 3391 eredotije
1035 3343 1066 3377 aa
1081 3343 1149 3378 orsa.
1165 3329 1196 3377 lt.
1211 3327 1311 3377 kinest.
1326 3333 1396 3377 oazt.
1411 3329 1445 3376 N.

310 3415 344 3464 R.
367 3415 399 3463 A.
423 3419 465 3464 21.
491 3421 530 3465 13.
553 3416 620 3480 dipl.
643 3423 711 3468 oszt.
734 3424 812 3469 4294.
837 3419 982 3484 Ugyanott
1000 3418 1242 3484 megranagybri
1256 3418 1445 3481 kaptalanbi·

311 3506 519 3570 zonystglsvele
532 3511 608 3556 1352.
620 3513 672 3557 oct.
686 3509 764 3572 tabl,
778 3509 845 3572 dipl.
857 3514 924 3560 oszt.
937 3515 1024 3573 4309.,
1035 3511 1108 3571 mely
1122 3509 1226 3558 szerint
1240 3510 1445 3574 Nagymartoui

311 3595 422 3660 Miller,
446 3597 519 3658 Sydo
533 3597 632 3648 danost
645 3599 673 3647 es
686 3599 775 3649 Banai
787 3599 885 3663 Pdnya
898 3599 966 3664 flait,
989 3601 1121 3650 Felkeszb
1134 3603 1206 3648 nsvll
1219 3599 1313 3648 birtolr
1330 3599 1444 3650 hasart·

312 3685 411 3736 latatcl
425 3686 510 3749 tiltja.
525 3688 625 3738 Kdzli:
640 3691 748 3739 Kovdcs
761 3691 795 3739 N.

841 4035 914 4094 372.

316 4189 410 4250 1352.
434 4166 622 4275 lljodr·,jul.
653 4193 700 4253 ll.
726 4191 833 4256 Jdooa
860 4196 970 4276 rtp'oriri
996 4191 1108 4255 lellcc'az
1134 4195 1164 4254 εἰς
1191 4193 1373 4278 ododjvc'ri
1396 4195 1440 4254 ol-

315 4321 447 4384 eapcres,
460 4299 600 4363 Kolcsadi
618 4299 734 4364 Loszld
749 4306 839 4388 ilpye't
856 4301 979 4363 Zsedcsa'
999 4297 1111 4366 Cairlco
1130 4300 1249 4364 Milclo's
1267 4302 1346 4364 allen
1365 4302 1444 4364 elleo—

812 4410 939 4495 lasztjo.

426 4566 495 4633 Nos
512 4567 537 4633 J
538 4568 680 4634 ohannes
697 4572 845 4636 sacerdos
862 4577 969 4636 rector
989 4571 1121 4636 ecclesie
1138 4571 1177 4636 de
1194 4570 1310 4654 Vyuar
1329 4572 1443 4636 viceca-

316 4675 474 4742 merarius
490 4699 528 4742 ac
543 4678 855 4745 vicearchidiaconus
872 4680 911 4744 de
928 4685 995 4744 toto
1019 4679 1168 4746 districtu
1188 4679 1378 4765 Abawyuar
1393 4681 1443 4744 da·
