3226 5462
589 475 681 540 1347.
699 480 772 540 ulo.
792 475 820 540 8.
1221 481 1262 542 47

127 653 233 721 sionis
260 655 368 722 Theth
397 661 566 739 prenotate
592 661 625 721 et
650 655 785 724 eandem
811 654 922 720 vicinis
947 663 979 721 et
995 658 1260 722 commetaueis..

129 764 328 842 convocatis,
345 784 403 847 per
428 785 503 830 suas
529 785 621 830 veras
645 769 748 828 metas
772 769 805 828 et
829 762 983 847 antiquas
1009 764 1158 830 similiter
1183 765 1268 830 iufra

131 871 362 952 declarandas,
379 893 477 937 noras
493 871 527 935 iu
552 871 630 937 locis
656 871 845 936 necessariis
861 872 953 936 iuxta
970 879 1091 938 veteres
1107 873 1268 956 erigendo,

130 1001 210 1046 cum
226 979 308 1046 suis.
325 1033 331 1046 .
355 981 564 1064 pertinenciis
580 1002 618 1046 ao
634 979 782 1064 frugibus
806 981 971 1046 inhorreo
980 1031 1120 1046 .......
1138 985 1268 1068 proprio

130 1089 268 1170 habitis,
285 1111 347 1172 que
365 1091 466 1174 ipsius
483 1090 630 1174 magistri
647 1090 739 1154 Petri
756 1096 788 1154 et
803 1088 937 1154 alterius
955 1089 1044 1154 Petri
1060 1090 1139 1155 dicti
1155 1090 1268 1174 Baohy

131 1194 309 1280 officialis(
317 1245 503 1263 .........
511 1195 572 1281 >aa
583 1198 661 1262 satis
672 1218 728 1262 seu
740 1196 886 1282 frugibus
903 1197 1008 1262 adhuc
1019 1198 1051 1262 in
1068 1199 1189 1282 eampis
1205 1201 1269 1264 exi·

131 1305 306 1387 stantibus,
332 1326 455 1370 necnon
480 1327 544 1371 uno
569 1313 679 1372 aratro
696 1328 768 1370 cum
792 1312 863 1370 octo
880 1304 990 1384 bobus,
1006 1306 1083 1371 item
1099 1329 1163 1372 uno
1187 1308 1269 1374 libro

134 1413 289 1492 missalis,
315 1415 415 1481 calice
438 1415 554 1480 viatico
571 1422 603 1480 et
619 1415 816 1481 indumentis
839 1415 1092 1480 sacerdotalibus
1108 1415 1149 1480 ad
1166 1418 1269 1501 capel·

131 1523 203 1588 lam
237 1523 269 1587 in
305 1523 425 1588 honore
459 1523 554 1590 beate
595 1523 727 1607 virginis
768 1530 985 1588 constructam
1026 1525 1269 1608 pertinentibus,

133 1651 276 1696 unacum
294 1631 454 1714 prelibato
472 1633 627 1716 magistro
645 1633 743 1698 Petro
759 1632 820 1698 sub
836 1631 943 1698 federe
959 1633 1126 1698 cuiusdam
1143 1655 1269 1716 permu-

131 1739 273 1804 tacionis
290 1759 348 1806 seu
364 1741 543 1806 concambii
555 1742 744 1807 statuissent
754 1747 931 1808 memorato
942 1741 1097 1825 magistro
1108 1741 1270 1808 Luchasio

133 1853 167 1912 et
196 1849 263 1913 suis
280 1847 454 1914 heredibus
471 1857 625 1933 perpetuo
642 1849 885 1934 possidendam,
902 1855 987 1914 mete
1004 1857 1112 1915 autem
1129 1852 1270 1918 eiusdem

134 1957 348 2038 possessionis
360 1956 460 2022 Teth.
476 2009 498 2040 .,
509 1959 569 2022 hoc
579 1957 691 2024 ordine
708 1957 961 2042 protenduntur:
978 1959 1082 2042 prima
1099 1959 1168 2025 eius
1184 1969 1270 2026 meta

136 2065 253 2148 incipit
268 2086 289 2130 a
306 2065 411 2148 plagis
428 2067 577 2132 orientali
595 2073 627 2131 et
643 2066 849 2132 meridionali
865 2067 899 2132 iu
915 2087 978 2132 uno
988 2066 1058 2132 loco
1071 2068 1107 2132 in
1122 2067 1187 2133 illis
1197 2091 1270 2154 par-

136 2171 224 2236 tibus
251 2171 422 2257 Ladafaya
446 2181 565 2251 vocato,
584 2174 637 2238 ubi
661 2181 736 2239 suut
752 2179 894 2257 quatuor
917 2181 1000 2238 mete
1020 2175 1183 2257 capitales,
1199 2199 1270 2262 pos·

136 2281 333 2347 sessionibus
349 2280 446 2367 Apog
463 2283 562 2349 Ibron
589 2284 732 2350 Leuelek
757 2291 790 2348 et
806 2283 914 2350 Thetlr
938 2273 1158 2368 distingentes,
1181 2286 1271 2352 iuxta

136 2411 218 2472 quas
235 2390 299 2474 ipsi
316 2411 373 2474 pro
390 2391 505 2457 maiori
522 2392 649 2458 cautela
663 2414 761 2457 unam
778 2413 892 2458 novam
908 2393 1102 2475 erexissent3
1119 2395 1271 2478 aquibus

137 2518 248 2562 versus
266 2496 465 2564 occidentem
491 2501 685 2582 egrediendo
705 2508 737 2565 et
753 2520 811 2584 per
835 2499 996 2584 quoddam
1012 2507 1143 2584 pratum
1167 2509 1271 2568 traus-

137 2606 242 2672 euudo
269 2608 376 2691 iungit
401 2630 498 2674 unam
522 2617 642 2676 metam
666 2617 806 2676 terream
830 2611 998 2694 antiquam
1019 2632 1115 2696 super
1129 2609 1270 2694 'quodam

137 2715 234 2781 domb
251 2715 450 2797 existentem,
466 2719 557 2785 iuxta
573 2719 660 2802 quod
675 2720 737 2804 ipsi
753 2719 852 2784 aliam
877 2740 991 2785 novam
1017 2725 1137 2785 metam
1153 2719 1270 2784 erexis-
1323 2755 1325 2759 ·

138 2830 219 2901 sent,
236 2823 277 2888 de
295 2819 413 2908 quibirs
430 2826 472 2890 ad
488 2827 623 2892 eandem
639 2827 770 2912 plagam
789 2827 947 2892 currendo
966 2828 1084 2892 transit
1109 2827 1270 2910 quendam

137 2933 245 2997 locum
271 2933 472 3016 paludosum,
496 2941 528 2999 et
552 2935 639 2999 veuit
662 2935 703 2999 ad
727 2935 817 3000 aliud
842 2935 946 3012 domb‚
970 2937 1003 3000 in
1020 2955 1084 3018 quo
1101 2935 1162 3018 ipsi
1178 2936 1270 3000 iuxta

137 3041 309 3124 antiquam
334 3048 453 3107 metam
480 3063 594 3108 novam
629 3043 822 3124 erexissent3
856 3043 1036 3126 abindcquo
1061 3044 1211 3108 similiter
1230 3043 1271 3108 ad

139 3149 276 3214 eandem
301 3150 431 3235 plagam
456 3173 514 3234 per
548 3151 709 3216 modicum
742 3152 884 3235 spacium
918 3153 1095 3232 currendo,
1126 3151 1272 3217 annectit

140 3279 238 3323 unam
255 3259 425 3342 antiquam
441 3265 561 3324 metum
578 3259 670 3324 iuxta
685 3259 770 3324 viam
785 3259 934 3342 positam,
951 3259 1005 3324 ubi
1022 3261 1084 3344 ipsi
1101 3259 1187 3326 circa
1198 3281 1271 3323 ean·

139 3367 213 3432 dem
230 3365 329 3432 aliam
346 3389 460 3432 noram
477 3368 675 3449 erexissent,
691 3369 776 3432 uude
792 3369 898 3433 adhue
924 3367 965 3432 ad
991 3369 1126 3433 eandem
1142 3367 1272 3450 plagam

139 3475 290 3540 similiter
306 3496 364 3559 per
382 3475 538 3540 modicum
556 3475 701 3558 spacium
711 3475 878 3553 currendo,
888 3474 976 3540 venit
986 3475 1028 3540 ad
1039 3497 1137 3541 uuam
1152 3481 1272 3540 metam

138 3583 310 3666 antiquam
325 3584 418 3648 iuxta
434 3583 598 3666 quandam
615 3588 752 3650 stratam
769 3582 934 3666 publicam
949 3581 989 3647 de
999 3583 1070 3665 ipsa
1080 3582 1157 3647 villa
1172 3581 1272 3665 Apag

139 3692 173 3756 in
189 3692 337 3758 eandem.
353 3693 463 3758 villam
479 3693 589 3760 Theth
604 3693 773 3759 ducentem
789 3693 937 3776 positam,
953 3691 1008 3756 ubi
1024 3691 1086 3775 ipsi
1103 3693 1200 3758 aliam
1217 3713 1272 3756 no·

139 3821 213 3865 ram
229 3801 426 3882 erexisseut;
442 3823 462 3866 a
477 3801 594 3884 quibus
605 3801 725 3866 directe
735 3801 778 3864 ad
794 3800 953 3883 prefatam
963 3799 1095 3883 plagam
1111 3801 1270 3866 currendo

140 3917 172 3974 et
199 3909 365 3992 quoddam
390 3914 542 3992 stagnum
567 3908 736 3974 Ladastou
760 3913 910 3973 vocatum
942 3907 1097 3983 saliendo,
1128 3909 1274 3973 annectit

141 4039 241 4082 unam
258 4023 378 4082 metam
394 4017 561 4100 antiquam
580 4023 612 4081 et
628 4017 727 4082 aliam
743 4037 859 4080 novam
875 4036 932 4100 per
948 4015 1034 4098 ipsos
1052 4019 1211 4094 erectam;
1234 4015 1274 4080 de

141 4126 261 4211 quibus
278 4146 405 4208 semper
420 4124 462 4189 ad
479 4126 598 4190 dictam
613 4125 745 4208 plagam
756 4125 877 4189 directe
894 4123 1060 4200 currendo,
1076 4122 1275 4206 pervenitad

142 4257 240 4301 unam
257 4235 426 4317 antiquam
441 4239 562 4298 metam
578 4254 690 4298 rursus
706 4233 740 4296 iu
756 4233 896 4315 quodam
912 4230 1008 4295 domb
1024 4231 1170 4313 positam,
1188 4231 1274 4296 circa

142 4365 242 4428 quam
267 4343 331 4427 ipsi
356 4363 471 4407 noram
497 4343 690 4422 erexisseut3
716 4341 898 4424 abindcque
930 4341 972 4405 ad
989 4341 1124 4406 eandem
1144 4340 1275 4422 plagam

85 4443 89 4448 ¹
142 4453 312 4528 currendo,
328 4450 435 4534 iungit
451 4449 608 4534 quasdam
634 4449 808 4533 angulares
823 4455 926 4516 metas
951 4448 1030 4532 ipsis
1054 4447 1179 4512 duabus
1204 4467 1275 4531 pos·

142 4560 338 4626 sessionibus
355 4557 453 4642 Apag
469 4580 505 4624 er
522 4557 629 4624 Theth
645 4558 865 4641 distingentes,
889 4556 944 4621 ubi
960 4557 1022 4639 ipsi
1045 4576 1144 4621 unam
1160 4575 1275 4621 novam

143 4675 263 4735 metam
280 4667 475 4748 erexissent3
491 4667 577 4733 etibi
587 4665 764 4732 reflectitur
774 4667 817 4732 ad
833 4666 960 4750 plagam
973 4664 1275 4750 septemtrionalem,
