3138 5462
336 409 400 468 160
615 445 619 452 -
694 421 881 468 ruronnoar
898 408 1112 468 ouuturrtn.

336 584 473 654 Martini
500 584 689 652 confessoris
714 605 800 648 nunc
824 583 976 662 venturis,
1003 583 1158 650 accedant
1182 583 1223 650 ad
1248 582 1366 650 faciem
1383 585 1467 650 dicte

336 701 422 760 terre
446 693 587 776 litigiose
613 698 646 758 et
670 691 874 757 reambulent
900 692 1043 770 eandem,
1068 697 1101 758 et
1116 693 1207 758 iuxta
1232 694 1468 760 continenciam

337 802 514 868 literalium
531 801 828 878 instrumentorum,
853 821 915 883 que
931 800 1029 864 iidem
1049 800 1133 865 cives
1149 808 1181 865 et
1197 801 1341 884 hospites
1365 804 1468 868 nostri

339 913 379 976 de
394 910 501 976 Potak
520 909 597 974 illuc
622 907 851 992 apportabunt,
875 908 966 972 iuxta
989 913 1112 972 veteres
1138 929 1242 980 novas,
1261 911 1390 993 erigant
1406 932 1467 976 me-

337 1027 406 1100 tas3
425 1020 452 1083 si
468 1039 542 1082 vero
558 1017 656 1082 iidem
671 1017 755 1082 cives
765 1022 798 1080 et
807 1015 949 1100 hospites
973 1017 1076 1080 nostri
1092 1015 1233 1082 litoralia
1249 1019 1466 1084 iustrumenta

338 1131 482 1212 ipsorum
498 1145 594 1210 super
611 1121 773 1189 ereccione
789 1124 932 1208 ipsarum
958 1105 1117 1188 metarum
1143 1145 1207 1188 non
1232 1133 1365 1207 possent
1381 1127 1467 1192 exhi-

334 1237 419 1315 bere,
435 1242 513 1300 tunc
521 1233 618 1298 iidem
633 1232 778 1296 homines
794 1231 896 1296 nostri
906 1251 969 1296 non
985 1231 1026 1295 ob
1042 1230 1183 1296 favorem
1199 1233 1393 1316 aliquorum,
1410 1235 1465 1298 sed

339 1345 434 1409 deum
450 1347 482 1407 et
498 1340 567 1406 eius
594 1341 755 1406 iusticiam
771 1361 829 1423 pre
855 1339 957 1404 oculis
983 1337 1148 1418 habentes,
1173 1340 1303 1405 videant
1319 1349 1353 1406 et
1369 1344 1467 1406 consi·

338 1453 451 1516 darent
467 1469 505 1514 ea
521 1469 583 1534 que
599 1449 762 1531 pertinent
771 1447 814 1511 ad
822 1447 1000 1530 predictum
1016 1447 1179 1512 civitatem
1198 1449 1305 1514 Potak
1320 1455 1354 1515 et
1370 1452 1467 1515 eciam

339 1581 377 1624 ca
394 1581 456 1643 que
473 1565 548 1624 sunt
572 1559 726 1626 nobilium
752 1560 978 1645 predictorum,
1002 1565 1034 1624 et
1050 1560 1110 1624 hoc
1126 1561 1193 1624 viso
1209 1566 1242 1624 et
1257 1562 1466 1636 considerato,

339 1691 377 1733 ea
393 1690 456 1752 qne
473 1669 514 1734 ad
531 1671 708 1752 predictam
734 1669 896 1734 civitatem
920 1669 1092 1752 pertinent,
1115 1669 1195 1752 ipsis
1221 1669 1383 1734 nobilibus
1407 1691 1465 1734 non

339 1778 423 1856 dent,
447 1785 480 1843 et
495 1799 533 1842 ea
550 1799 614 1860 qne
630 1783 705 1843 sunt
730 1778 873 1861 ipsorum
898 1776 1063 1858 nobilium,
1087 1777 1207 1842 civibus
1233 1783 1265 1842 et
1290 1777 1466 1861 hospitibus

339 1887 439 1970 ipsius
456 1886 596 1950 civitatis
613 1885 760 1950 similiter
778 1907 841 1950 non
856 1885 936 1950 dent
952 1891 984 1950 et
1000 1906 1063 1949 non
1080 1885 1253 1962 dimittant,
1277 1887 1371 1950 etsie
1387 1888 1466 1950 inter

339 1995 442 2076 ipsam
459 1995 623 2059 civitatem
640 2000 673 2058 et
688 1993 920 2076 possessionem
946 1993 1047 2078 Olazy
1067 1993 1254 2058 iamdictam
1271 1995 1401 2076 erigant
1417 2015 1465 2056 no-

292 2163 294 2166 .
339 2121 395 2165 vas
411 2107 513 2166 metas
528 2107 684 2185 perpetuo
700 2100 882 2180 duraturas,
906 2106 939 2164 et
955 2102 1188 2183 possessionem
1213 2101 1357 2184 ipsorum
1383 2100 1466 2164 nohi-

342 2209 421 2273 lium
438 2209 559 2273 adiuta
575 2209 704 2273 civitate
723 2213 756 2273 et
777 2209 874 2272 terris
900 2209 1039 2274 civitatis
1064 2210 1247 2292 expressius
1272 2215 1423 2292 separent
1437 2217 1466 2272 et
1552 2293 1553 2298 ἵ

340 2317 527 2400 distingunt,
560 2323 680 2400 etpost
697 2316 755 2382 hec
774 2338 888 2380 cursus
913 2317 1058 2399 ipsarum
1084 2322 1245 2381 metarum
1270 2339 1342 2380 cnm
1368 2317 1464 2381 tocius

341 2425 417 2490 faeti
433 2425 514 2490 serie
531 2423 657 2490 domine
676 2424 787 2508 regine
800 2425 949 2507 genitrici
965 2432 1074 2490 nostre
1091 2475 1097 2490 .
1114 2474 1121 2487 .
1138 2425 1330 2492 rescribatis.
1347 2426 1466 2491 Datum
1552 2407 1553 2430 l

340 2533 442 2615 Bude,
465 2532 603 2597 secundo
620 2531 673 2597 die
689 2531 762 2597 festi
778 2532 884 2598 sancti
900 2532 1020 2598 Bricoii
1037 2532 1235 2614 confessoris,
1252 2553 1336 2598 anno
1351 2533 1465 2597 domini

340 2641 392 2706 Μο
415 2638 512 2706 000⁰
536 2640 641 2705 XL¹¹¹⁰
658 2641 802 2722 septimo.
819 2639 888 2706 Nos
903 2639 1003 2724 igitur
1021 2691 1027 2704 .
1044 2689 1051 2703 .
1067 2663 1139 2706 cnm
1155 2639 1290 2723 prefatis
1316 2640 1464 2724 magistro

341 2748 496 2814 Ladislao
522 2745 595 2814 aule
620 2755 724 2812 vestre
748 2748 851 2814 milite
867 2753 899 2812 et
925 2797 955 2812 ..
981 2747 1118 2814 Nicolao
1144 2753 1274 2813 cantore
1299 2747 1464 2816 Vaciensis

341 2858 472 2922 ecclesie
505 2855 670 2940 capellano
695 2862 801 2921 vestro
827 2856 869 2920 ad
893 2877 1024 2940 presens
1050 2857 1218 2938 negocium
1242 2855 1465 2940 perficiendum

340 2966 379 3030 de
396 2965 483 3031 dicta
499 2965 575 3030 aula
591 2971 697 3030 vestra
712 2986 771 3049 pro
787 2965 972 3030 hominibus
987 2965 1101 3028 vestris
1118 2964 1297 3042 destinatis
1323 2971 1462 3030 nostrum

341 3074 502 3138 hominem
519 3122 549 3137 ..
575 3073 760 3138 dohannem
786 3073 984 3138 sacerdotem
1010 3093 1049 3136 ex
1073 3071 1170 3137 choro
1187 3079 1296 3138 nostro
1322 3071 1464 3137 transmi-
1551 3087 1552 3090 ’

342 3183 440 3246 simus
457 3202 515 3264 pro
539 3181 722 3246 testimonio
739 3180 781 3244 ad
797 3181 953 3262 premissa
969 3180 1124 3246 mandata
1148 3185 1257 3245 vestra
1273 3179 1463 3264 exequenda,
1551 3207 1552 3260 3

341 3310 400 3372 pro
417 3310 462 3366 eo,
484 3289 562 3372 quia
578 3301 656 3354 tune
678 3310 751 3353 cum
776 3288 895 3352 noticia
919 3287 1079 3353 dictarum
1104 3287 1274 3352 literarum
1290 3295 1461 3352 vestrarum
1551 3263 1552 3312 l

342 3397 384 3462 ad
408 3417 465 3460 nos
491 3396 645 3480 pervenit,
678 3397 755 3461 socii
780 3397 881 3460 nostri
906 3395 1177 3478 indignitatibus
1203 3397 1299 3478 positi
1324 3395 1464 3479 pluribus

343 3504 454 3570 arduis
472 3505 612 3588 negociis
628 3504 771 3568 eiusdem
787 3503 919 3568 ecclesie
935 3509 1044 3567 nostre
1056 3503 1231 3568 extiterant
1247 3503 1461 3588 occupationi

343 3619 452 3677 tamen
468 3612 614 3676 ‹lohanni
630 3611 809 3693 presbitero
825 3632 882 3676 nos
899 3631 997 3676 causa
1014 3612 1047 3675 in
1063 3612 1206 3695 presenti
1228 3617 1361 3695 propter
1377 3631 1460 3676 suam

342 3719 551 3784 idoneitatem
567 3724 693 3784 tantam
718 3717 813 3782 fidem
838 3716 1027 3783 adhibemus
1054 3725 1210 3804 quantam
1235 3720 1291 3783 uni
1317 3740 1356 3782 ex
1381 3717 1464 3782 uobis

343 3827 376 3891 in
392 3827 550 3910 dignitate
566 3828 672 3910 posito
688 3825 930 3907 habuissemus3
954 3826 1144 3910 quiquidem
1168 3827 1314 3890 homines
1331 3877 1338 3890 .
1356 3877 1362 3891 .
1379 3825 1463 3890 uobis

343 3935 526 4001 retulerunt
550 3935 611 4000 isto
636 3935 739 4014 modo,
773 3934 859 4017 quod
884 3935 946 4018 ipsi
976 3953 1115 3998 unacum
1147 3935 1257 3998 eodem
1289 3932 1464 4000 testimonio

343 4050 452 4108 nostro
468 4051 500 4107 et
516 4042 669 4126 predictis
685 4041 845 4107 nobilibus
860 4041 899 4106 de
910 4040 1010 4124 Olauy
1027 4063 1066 4106 ac
1081 4041 1227 4125 pluribus
1243 4050 1276 4107 et
1290 4039 1464 4125 pocioribns
1550 4087 1551 4094 ,

342 4150 462 4214 civibus
479 4151 592 4215 vestris
617 4151 657 4214 de
681 4149 794 4214 eadem
809 4149 924 4232 Potak,
950 4151 982 4214 in
1007 4149 1144 4232 prefatis
1171 4150 1343 4233 quindenis
1368 4146 1464 4214 sancti

343 4257 480 4324 Martini
497 4257 687 4322 confessoris
703 4260 767 4322 iam
787 4258 950 4344 preteritis
975 4259 1168 4323 accessisent
1183 4258 1223 4322 ad
1241 4257 1355 4322 faciem
1371 4255 1463 4340 ipsius

344 4364 486 4449 litigiose
503 4371 588 4430 torre
613 4367 697 4430 inter
723 4366 851 4430 easdem
867 4366 1026 4430 civitatem
1055 4365 1160 4430 Potak
1185 4371 1218 4430 et
1241 4366 1462 4448 possessionen

344 4473 443 4558 Olauy
469 4479 504 4538 ut
529 4474 667 4538 refertur
692 4473 944 4552 existentia,11bi
971 4476 1074 4557 primo
1099 4474 1246 4538 annotati
1270 4473 1412 4558 hospites
1436 4475 1463 4534 et

344 4583 426 4646 cives
457 4582 554 4646 vestri
586 4581 625 4646 de
656 4581 763 4647 Potak
795 4582 953 4665 quasdam
985 4583 1096 4646 literas
1129 4587 1276 4665 patentes
1294 4631 1324 4646 ..
1351 4577 1457 4645 Karoli
