3192 5466
499 434 593 496 1348.
610 451 679 498 sun.
698 436 748 495 18.
780 467 781 472 1
1123 434 1189 498 205

74 639 168 680 mum.
185 667 190 678 .
208 613 388 678 retulerunt
397 615 430 676 in
441 613 527 678 huuc
542 612 689 678 modum:
714 612 799 695 quod
816 613 877 695 ipsi
894 610 1029 676 sabbato
1043 611 1188 694 proximo

74 731 137 786 unte
152 721 268 786 festum
287 720 375 786 beati
391 720 519 786 Urbani
544 742 627 804 pape
653 720 694 785 ad
720 720 834 785 faciem
859 719 1002 804 predicte
1029 718 1188 802 particule

74 839 148 895 terre
163 829 380 906 accessissent,
391 827 478 893 etibi
488 828 652 893 universos
669 828 803 912 populos
814 825 947 893 deSeliz
964 833 1191 892 convocassent

73 947 99 1002 et
122 937 242 1001 eosdem
268 935 351 1000 faeie
378 935 550 1000 infaciem
575 958 596 1016 a
620 935 765 1020 predicta
790 935 952 1018 particula
977 940 1064 1000 terre
1079 935 1189 1018 prohi-

73 1047 202 1111 buissent
218 1051 250 1109 et
266 1045 515 1110 interdixissent.
532 1045 657 1110 Datum
673 1045 706 1109 in
717 1043 815 1122 Lena,
830 1043 911 1110 ferie
927 1045 1027 1108 tercia
1043 1045 1190 1126 proxima

72 1161 136 1220 unte
157 1153 274 1218 festum
300 1151 508 1218 Ascensionis
542 1153 681 1232 domini,
714 1173 799 1218 anno
824 1151 966 1217 eiusdem
991 1152 1043 1216 Μ0
1068 1150 1189 1218 OOC¹¹¹⁰

74 1261 163 1325 Xlll⁰
178 1267 300 1325 octavo.
388 1288 391 1295 ·

166 1406 295 1468 Paplrcm
310 1406 436 1456 zdnlatdn
449 1407 547 1456 hdrorn
558 1404 650 1467 peccet
662 1403 865 1466 ttredekeivel3
884 1403 1014 1468 eradetije
1028 1421 1059 1454 an
1074 1421 1142 1456 orez.
1157 1408 1189 1456 lt.

71 1496 157 1544 kincst.
170 1503 239 1544 oszt.
252 1496 286 1545 N.
300 1498 333 1546 R.
348 1496 380 1545 A.
395 1502 455 1547 280.
470 1501 511 1546 25.
525 1496 592 1558 dipl.
606 1501 674 1544 oszt.
689 1500 766 1546 3990.
787 1496 886 1546 Kozli:
907 1496 1014 1546 Kovtcs
1028 1497 1060 1546 N.

544 1675 705 1682 ——-—-——

599 1841 651 1902 96.

71 1985 153 2046 1348.
171 1981 362 2062 Buda,juo.
384 1982 432 2044 18.
449 1981 478 2045 I.
496 1981 592 2064 Lap‘oc
616 1981 724 2064 kirtly
745 1979 817 2044 elr'r'lt
841 1981 998 2045 Kasianoi
1021 1981 1134 2061 Jdooc,
1156 1983 1191 2045 ti

71 2091 211 2174 Persequi
239 2089 333 2173 (lpus
349 2088 466 2154 Miletos
493 2087 618 2172 ledoyrit
645 2087 812 2172 eljeppezte,
838 2111 875 2150 uz
891 2088 970 2150 ezzel
984 2089 1192 2174 hozomo'npol

68 2199 164 2282 lrrpolt
179 2195 249 2259 toth
266 2195 406 2261 renutet·
414 2195 585 2280 inprisdpolc
600 2196 631 2258 e's
647 2195 820 2274 claudite,
846 2196 1001 2259 salamiel
1017 2220 1072 2284 epp
1089 2198 1191 2262 Kdro's

210 2307 392 2391 vdrmeppei
406 2303 508 2368 timot
524 2303 769 2366 cisszaaddca'ro
787 2305 913 2366 kdtelczi
929 2311 1043 2390 mupdt.

165 2448 237 2514 Nos
256 2449 438 2514 Lodovicus
464 2498 495 2512 ..
521 2469 576 2512 rex
603 2499 633 2512 ..
660 2448 877 2530 significamus
903 2501 934 2514 ..
960 2449 1045 2532 quod
1072 2450 1190 2515 nobilis

67 2557 190 2622 domina
206 2557 326 2622 relicta
341 2555 471 2622 Nicolai
496 2555 554 2620 filii
581 2553 709 2641 Gyelcti
726 2556 765 2621 de
782 2558 936 2622 comitutu
953 2557 991 2622 de
1008 2558 1134 2641 Posega
1150 2557 1191 2623 ub

66 2687 131 2744 rura,
146 2673 242 2750 parte
258 2686 334 2729 vero
344 2685 383 2728 ex
394 2664 497 2730 ultera
513 2665 681 2730 ‘lohannes
698 2663 781 2728 filius
798 2664 971 2729 Laurenoii
981 2663 1039 2729 filii
1050 2663 1191 2729 Emerici

64 2773 98 2836 de
122 2773 261 2857 Kanysa
288 2793 423 2856 sponsus
448 2773 590 2837 eiusdem
615 2772 741 2837 domine
766 2795 874 2838 corum
899 2773 991 2837 nobis
1016 2775 1191 2856 constituti,

63 2883 125 2964 ipse
140 2881 166 2945 J
167 2882 314 2946 ohannes
330 2887 379 2944 est
395 2879 557 2944 confessus
574 2929 581 2942 .
598 2930 604 2943 .
622 2880 708 2964 quod
725 2880 793 2963 ipse
803 2881 842 2944 de
852 2879 947 2945 rebus
964 2901 1019 2945 seu
1037 2880 1191 2946 clenodiis

63 3014 115 3074 per
129 2992 311 3075 predictam
328 2991 491 3055 dominum
506 2989 610 3054 eidem
633 2989 779 3054 Johanni
804 2986 920 3072 spdnso
945 3012 1002 3054 suo
1027 3013 1100 3056 cum
1124 2990 1192 3055 filiu

62 3121 116 3164 sna
140 3121 201 3182 pro
227 3099 302 3163 dote
327 3104 359 3162 et
384 3096 481 3162 rebus
505 3095 796 3181 parorphanalibus
826 3103 970 3180 tempore
995 3099 1111 3180 nupcie
1136 3120 1191 3162 suo

61 3207 150 3284 datia
161 3208 223 3271 hec
233 3204 380 3270 clenodia
396 3225 452 3269 seu
467 3205 527 3268 has
543 3225 594 3268 res
612 3203 652 3267 ab
669 3206 875 3270 emanacione
885 3206 1085 3289 presencium
1102 3205 1188 3270 infra

61 3316 250 3399 vigesimum
266 3311 443 3378 secundum
459 3312 545 3378 diem
561 3312 695 3377 reddere
711 3314 914 3379 assumsisset
934 3314 1061 3378 dominc
1077 3335 1190 3398 preno-

61 3429 124 3488 tate
140 3475 147 3487 .
164 3474 171 3488 .
189 3421 454 3508 primovidelicet
464 3443 563 3486 unum
573 3422 694 3505 palium
705 3422 883 3486 hermelina
899 3422 983 3505 pelle
997 3421 1190 3488 subductum

61 3555 128 3596 cum
144 3532 259 3598 tunica
275 3531 385 3615 umpla
401 3530 441 3594 de
457 3551 564 3614 panno
589 3537 694 3614 moryt
711 3553 782 3596 cum
807 3531 893 3596 foliis
919 3533 1080 3614 argenteis
1096 3535 1192 3616 vulgo

62 3641 154 3706 socha
173 3641 273 3706 dictis
289 3639 483 3716 ordinatum,
508 3639 585 3704 item
609 3661 709 3704 unum
733 3639 855 3723 palium
881 3662 953 3704 cum
979 3641 1090 3706 tunica
1107 3643 1191 3706 simi-

59 3749 129 3813 liter
154 3747 270 3833 amplo
296 3748 335 3812 de
361 3747 499 3812 scarleto
534 3747 683 3811 similiter
707 3769 779 3811 cum
808 3747 892 3812 foliis
918 3751 1089 3832 argenteis,
1114 3751 1191 3814 item

61 3880 154 3923 unum
171 3871 330 3939 superum
346 3855 441 3938 vulgo
458 3853 570 3919 rolrola
590 3855 711 3920 dictum
738 3877 810 3920 cum
835 3855 933 3940 perlis
959 3857 1144 3922 ordinatum
1161 3863 1193 3922 et

60 3964 139 4029 bisso
166 3963 373 4044 subductum,
405 3963 483 4026 item
514 3961 644 4046 peplum
675 3985 773 4027 unum
804 3962 997 4028 deauratum
1029 3972 1063 4030 et
1093 3987 1192 4030 unum

59 4073 178 4137 crinale
197 4071 297 4154 vulgo
313 4069 489 4136 chrcnchul
506 4069 636 4148 dictum,
661 4071 737 4134 item
753 4070 985 4136 lectisternium
1003 4095 1103 4138 unum
1120 4096 1192 4138 cum

60 4179 257 4264 supellectili
272 4177 362 4242 vario
379 4177 547 4257 subducto,
564 4178 640 4242 item
658 4177 820 4260 quoddam
840 4185 1063 4244 ornamentum
1080 4179 1192 4244 domus

59 4291 150 4371 uulgo
161 4286 302 4372 sparlah
318 4286 447 4364 dictum,
464 4287 539 4350 item
556 4285 719 4368 quandem
735 4289 967 4370 possessionem
978 4285 1192 4370 Gyelekewoh

59 4405 205 4461 vocatam
235 4395 269 4458 in
294 4394 448 4459 comitatu
474 4393 513 4458 de
538 4393 646 4459 Keres
680 4394 870 4458 existentem
898 4416 971 4458 cum
996 4393 1194 4476 quibuslibet

58 4505 120 4568 suis
137 4503 371 4570 instrumentis
387 4525 484 4587 super
501 4503 612 4566 callem
629 4501 789 4584 confectis,
806 4525 863 4585 per
880 4501 1014 4566 eundem
1031 4499 1193 4566 (lominum

58 4611 205 4694 predicto
242 4610 390 4674 Johonni
424 4610 572 4675 similiter
606 4632 677 4674 cum
703 4608 771 4674 filiu
795 4632 854 4674 sua
879 4609 1025 4693 predicta
1050 4614 1193 4692 tempore
