3226 5462
578 527 673 590 1347.
689 543 785 588 rnen.
803 529 832 587 2.
1253 531 1271 589 7

123 704 208 770 dieti
224 704 361 788 capituli
380 702 619 788 Strigoniensis,
645 703 727 770 seria
751 706 852 770 tercia
868 705 1018 786 proxima
1043 699 1118 772 ante
1145 705 1261 774 festum

124 811 323 880 Natiuitatis
349 811 437 878 beati
453 813 478 877 J
480 812 616 878 ohannis
633 811 792 894 *Baptista
817 834 902 878 anno
927 813 1072 895 proxime
1095 819 1261 882 transacto

124 922 289 1006 preterita
305 923 476 1000 consectas,
493 929 637 988 tenorem
653 923 794 990 aliarum
814 923 983 988 literarum
1008 923 1258 1008 privilegialium

124 1031 275 1098 eiusdem
285 1029 660 1114 capituliStrigoniensis
671 1053 728 1114 per
738 1033 873 1098 Petrum
883 1031 1110 1098 subcustodem
1121 1031 1263 1098 eiusdem

125 1140 366 1225 Strigonieusia
383 1140 525 1220 ecclesie,
550 1140 592 1206 ad
608 1123 769 1208 literalem
793 1141 1042 1222 requisicionem
1068 1142 1190 1208 domini
1206 1141 1265 1208 Ni·

128 1249 215 1316 colai
232 1249 372 1332 palatini
388 1250 450 1332 ipsi
461 1251 605 1332 capitulo
620 1249 834 1334 Strigoniensi
844 1272 901 1334 per
911 1250 1114 1333 personalem
1124 1250 1268 1316 eiusdem

126 1355 283 1422 Ladislai
299 1356 609 1424 demonstracionem
626 1357 753 1436 factam,
778 1359 812 1422 in
837 1359 938 1440 ipsius
963 1357 1195 1442 Strigoniensis
1212 1381 1263 1424 cc·

124 1465 227 1532 clesie
243 1467 479 1530 conservatorio
495 1465 608 1533 habita
618 1465 764 1550 diligenti
781 1467 996 1548 requisicione
1012 1467 1267 1550 reinventarum,

124 1573 272 1640 secundo
303 1573 357 1638 die
387 1573 506 1638 mensis
532 1574 615 1658 Maji
643 1574 737 1640 modo
769 1575 867 1640 simili
891 1596 977 1642 anno
1002 1595 1087 1639 nuno
1111 1577 1267 1658 preterito

123 1687 298 1749 transacta
314 1689 540 1748 emanatarum
565 1683 775 1760 continentes,
799 1683 891 1748 nobis
907 1689 1119 1765 presentarat,
1136 1684 1169 1748 in
1186 1703 1271 1764 qua·

125 1815 206 1858 rum
222 1793 304 1857 serie
320 1789 504 1856 habebatur
520 1792 582 1856 isto
598 1791 701 1870 modo,
718 1791 804 1873 quod
820 1791 1161 1858 nobilisvirNicolaus
1176 1790 1264 1858 filius

126 1901 302 1968 Dominici
318 1899 377 1964 filii
394 1900 487 1966 Petri
503 1899 543 1965 de
558 1899 584 1965 J
585 1900 672 1966 enuk
692 1901 731 1966 de
748 1902 903 1968 comitatu
928 1901 1119 1966 Posoniensi
1135 1897 1176 1966 ab
1192 1921 1268 1978 una,

128 2014 164 2074 et
182 2007 342 2092 magister
359 2006 534 2072 Ladislaus
559 2007 645 2072 tilius
662 2008 754 2072 Petri
780 2007 838 2072 filii
865 2005 990 2073 Ivanlra
1015 2007 1054 2072 de
1070 2005 1211 2092 Magyar
1227 2007 1268 2074 de

123 2116 245 2182 eodem
271 2117 427 2182 comitatu
451 2123 544 2199 parte
569 2116 611 2181 ab
636 2117 740 2183 altera
765 2117 807 2184 ad
838 2119 939 2202 ipsius
965 2117 1101 2201 capituli
1133 2117 1267 2184 ecclesie

124 2224 367 2309 Strigoniensis
393 2223 580 2290 accedentes
606 2228 815 2309 presenciam,
840 2227 925 2292 idem
950 2225 1107 2292 Nicolaus
1131 2227 1268 2294 dixisset

124 2334 238 2400 eidem
254 2333 398 2418 capitulo
414 2333 447 2397 in
463 2333 550 2398 huno
560 2332 698 2413 modum,
715 2335 802 2415 quod
818 2335 992 2402 Ladislaus
1008 2337 1174 2420 proximus
1191 2357 1268 2402 suus

125 2446 162 2508 in
177 2442 408 2526 prosecucione
424 2441 593 2506 cuiusdam
609 2463 706 2508 cause
721 2464 778 2508 sue
798 2465 897 2524 quam
921 2443 1089 2511 habuisset
1104 2465 1179 2510 cum
1195 2445 1265 2524 qui·

124 2550 270 2617 busdam
295 2549 458 2616 nobilibus
483 2551 596 2617 ricinis
613 2553 688 2630 suis,
714 2552 861 2618 videlicet
892 2552 1044 2618 «iohanne
1070 2559 1102 2618 et
1126 2550 1266 2618 Nicolao

123 2661 208 2726 filiis
223 2657 377 2726 Farlresii
395 2680 433 2724 ac
448 2659 557 2724 David
573 2664 607 2724 et
625 2657 762 2726 Andrea
786 2659 862 2728 filiis
879 2660 1011 2727 Thabor
1036 2662 1069 2725 in
1094 2662 1262 2744 presencia

125 2770 164 2840 N
164 2771 264 2837 icolai
280 2767 426 2853 palatini,
441 2790 500 2852 pro
517 2768 588 2852 ipso
604 2773 766 2836 trecentas
779 2791 906 2836 marcas
924 2771 957 2835 in
973 2771 1108 2854 promtis
1125 2769 1268 2835 denariis

125 2879 348 2966 expendisset,
358 2883 391 2943 et
400 2880 532 2962 insuper
549 2899 652 2959 usque
663 2879 705 2944 ad
715 2885 845 2944 eentum
861 2901 988 2945 marcas
1000 2879 1103 2944 eidem
1119 2879 1268 2964 palatino

125 2993 163 3056 in
181 2989 234 3055 sui
251 2986 490 3070 expedicionem
514 2987 730 3070 persolvisset,
756 3007 821 3067 que
836 2988 945 3054 onmia
960 2986 1022 3052 sibi
1038 2988 1211 3051 restituere
1229 3007 1269 3052 ex

125 3100 201 3166 suis
225 3095 436 3164 facultatibus
461 3115 526 3160 non
551 3093 682 3174 valeret,
698 3101 731 3162 et
756 3097 835 3176 quia
859 3095 944 3160 idem
970 3095 1145 3161 Ladislaus
1161 3096 1269 3179 ipsum

126 3208 173 3275 ad
189 3205 337 3292 predicte
353 3203 488 3288 pecunie
504 3205 699 3285 quantitatis
716 3203 914 3269 solucionem
931 3223 1048 3287 urgere
1072 3209 1106 3268 et
1131 3202 1269 3286 compel-

125 3319 200 3383 lere
214 3313 403 3392 conabatur,
419 3311 491 3376 ideo
507 3331 572 3376 non
587 3311 710 3378 habens
729 3333 763 3376 se
781 3311 823 3378 ab
839 3311 951 3376 codem
977 3311 1087 3377 debito
1114 3311 1268 3391 liberare,

128 3426 300 3492 universas
315 3421 532 3505 possessiones
548 3441 624 3486 suas
649 3427 717 3488 tam
732 3422 803 3486 iure
827 3419 1026 3486 hereditario
1053 3440 1152 3501 quam
1167 3417 1268 3486 titulo

128 3533 286 3600 emcionis
302 3538 335 3596 et
351 3551 544 3612 quocunque
560 3529 626 3594 alio
644 3529 738 3594 modo
762 3530 870 3612 ipsum
899 3530 1133 3612 contingentes,
1149 3533 1183 3592 et
1198 3547 1267 3610 spe·

128 3643 262 3730 cialiter
287 3641 520 3726 possessionem
545 3659 638 3705 suam
662 3637 779 3704 Januk
806 3643 955 3703 vocatam
981 3641 1015 3702 et
1041 3634 1215 3702 Kurmusd
1230 3655 1269 3700 ac

129 3751 257 3837 Tolray
273 3757 307 3818 et
322 3747 480 3826 Obandal,
510 3768 633 3812 necnon
649 3745 765 3832 Kuzey
780 3748 814 3810 in
830 3745 918 3812 dicto
943 3745 1099 3810 comitatu
1125 3742 1267 3822 habitas,

129 3883 207 3928 cum
217 3877 331 3926 eorum
340 3857 465 3924 iuribus
477 3861 509 3922 et
518 3855 719 3920 utilitatibus
736 3903 743 3918 .
760 3905 767 3920 .
782 3875 843 3940 pro
852 3855 1006 3938 predictis
1018 3851 1267 3936 quadringentis

129 3971 252 4036 marcis
268 3976 302 4034 et
317 3970 419 4034 eciam
433 3967 563 4032 racione
579 3965 797 4050 proximitatis
814 3963 917 4028 eidem
932 3961 1088 4027 Ladislao
1104 3966 1262 4046 perpetuo

129 4083 204 4145 iure
229 4079 264 4143 in
283 4077 367 4143 filios
392 4075 533 4142 tiliorum
558 4123 589 4139 ..
613 4078 840 4158 perpetrasset
870 4093 978 4137 coram
1009 4069 1095 4136 dicto
1120 4067 1270 4152 capitulo.

131 4188 361 4272 Strigoniensi,
371 4187 495 4267 absque
505 4183 685 4270 preiudicio
700 4182 781 4246 iuris
798 4181 903 4246 alieni.
920 4181 1035 4264 Ipsum
1051 4180 1166 4260 itaque
1177 4178 1264 4261 capi-

129 4299 240 4364 tulum
265 4295 487 4378 Strigoniense
505 4342 511 4358 .
527 4342 534 4358 .
553 4299 697 4358 tenorem
722 4290 801 4356 dicti
825 4289 1036 4373 privilegii..
1062 4285 1197 4352 rescribi
1222 4285 1238 4350 f
1256 4321 1268 4336 ·

130 4406 258 4489 ciendo,
282 4405 388 4470 eidem
412 4403 566 4470 Iiadislao
591 4401 652 4466 sub
673 4421 785 4466 eorum
810 4397 917 4482 sigillo
941 4396 1096 4481 pendenti
1121 4395 1269 4460 duxisset

129 4513 392 4594 concedendum
407 4513 514 4598 ipsum
529 4531 603 4576 vero
619 4509 895 4594 privilegiumpro
905 4505 1092 4572 testimonio
1107 4504 1142 4568 in
1158 4523 1269 4568 eorum

130 4625 286 4692 sacristia
302 4625 543 4688 conservassent
556 4617 713 4684 maiorem
728 4617 770 4682 nd
786 4615 958 4683 cautelam.
982 4614 1023 4678 In
1039 4634 1179 4694 ‹quarum
1195 4632 1268 4677 con-

131 4735 276 4800 trarium
310 4729 468 4798 Nicolaus
498 4727 585 4794 tilius
617 4727 799 4795 Hermanni
830 4728 1022 4810 procurator
1053 4721 1268 4806 prenominati
