3226 5462
503 495 599 556 1347.
617 512 715 556 usur.
733 499 784 558 23.

622 785 671 845 16.

88 943 179 1006 1347.
198 941 304 1020 Bada,
330 952 422 1006 tuost.
440 943 492 1006 23.
520 943 546 1006 I.
564 941 660 1027 Lajos
685 943 794 1029 kirdly
821 944 993 1031 Mabayda
1017 953 1096 1008 aava
1124 945 1210 1012 Bora

86 1051 258 1136 adrmeqyei
272 1049 407 1113 birtokot
422 1050 682 1136 Kistopolesdayi
692 1051 926 1138 Gyulofidoalr
937 1053 1121 1119 Milrdicaalc
1137 1055 1212 1119 ado·

87 1163 258 1244 mduyozzo,
286 1157 323 1221 ki
339 1183 360 1222 a
378 1159 464 1222 Za'clc
481 1158 626 1222 Felicida
642 1160 823 1246 marduyleta
840 1161 1040 1226 alkolmdvol
1053 1189 1074 1228 a
1090 1163 1214 1250 dirdlyi

261 1266 372 1330 ceadr'd
387 1267 712 1354 meqoddelmeadadbea
729 1273 836 1355 math
854 1270 1023 1335 kildatctte.

187 1427 253 1494 Nos
269 1429 450 1494 Lodovicus
467 1479 473 1492 .
490 1482 496 1494 .
514 1452 593 1495 rex.
611 1480 617 1494 .
634 1431 853 1515 significamus
879 1481 885 1494 .
903 1483 909 1496 .
936 1431 1023 1514 quod
1054 1435 1210 1516 magister

85 1534 234 1602 Nicolous
249 1535 337 1602 lilius
348 1537 428 1602 Jule
448 1537 487 1602 de
497 1537 766 1622 Kysthapolchau
783 1541 857 1604 aule
874 1547 982 1606 nostre
998 1541 1091 1606 miles
1107 1541 1210 1606 fidelis

84 1644 125 1709 ad
143 1645 321 1711 serenitatis
337 1653 446 1711 nostre
463 1648 645 1712 accedendo
662 1649 871 1732 presenciam,
897 1647 1070 1715 fidelitates
1087 1672 1161 1716 siras
1178 1655 1211 1714 et

83 1752 221 1818 fidelium
237 1755 445 1819 serviciorum
470 1776 599 1821 suorum
615 1756 765 1839 preclara
780 1757 906 1838 merita,
923 1759 1065 1840 primum
1082 1757 1210 1824 Karolo

84 1862 241 1941 quondam
272 1865 340 1947 regi
366 1864 538 1947 Hungarie
563 1864 707 1947 precelso
732 1865 893 1930 laudande
911 1868 1072 1944 memorie,
1098 1871 1208 1932 nostro

7 2041 8 2052 ,
82 1972 218 2051 genitori
250 1971 439 2049 karissimo,
470 1973 540 2056 ipso
572 1977 698 2056 sceptra
724 1973 888 2056 regiminis
920 1975 1011 2056 regni
1036 1973 1209 2058 Hungarie

82 2077 288 2160 gubernante,
296 2084 329 2142 et
339 2077 468 2143 rlemnru
492 2079 604 2144 eodem
621 2129 627 2144 .
645 2130 651 2143 .
669 2079 708 2144 de
719 2081 778 2146 hoc
788 2081 896 2146 seculo
906 2080 1034 2146 sublato
1053 2081 1210 2162 nobisque

80 2186 194 2251 solium
210 2187 376 2270 regiminis
393 2187 536 2252 iamdicti
553 2190 644 2271 regni
660 2188 832 2272 Hungarie
849 2195 881 2254 et
897 2241 903 2254 .
921 2237 927 2252 .
945 2187 1080 2253 Andrea
1105 2189 1208 2254 fratre

83 2300 188 2359 nostro
204 2294 374 2359 karissimo
391 2315 563 2378 regnorum
582 2297 769 2364 Jerusalem
785 2305 818 2362 et
829 2297 938 2364 Sicilie
953 2297 1090 2363 feliciter
1106 2305 1210 2362 trans·

81 2402 312 2482 sceudeutibus,
328 2405 361 2467 in
378 2404 511 2469 diversis
531 2411 744 2486 utrorumque
770 2411 952 2471 nostrorum
978 2407 1119 2471 serviciis
1137 2427 1209 2469 cum

82 2512 164 2575 omui
181 2511 306 2576 feruore
321 2511 490 2577 fidelitatis
506 2515 676 2596 votivaque
696 2513 912 2578 sollicitudine
930 2513 1089 2578 exhibiles
1106 2519 1139 2577 et
1155 2515 1212 2577 im-

81 2639 178 2700 pensa
188 2639 371 2701 proponens
381 2626 414 2684 et
423 2619 598 2700 declarare,
620 2619 1209 2705 quandampossessioueruMolonyau

81 2733 224 2791 vocatam
250 2729 283 2792 in
318 2728 475 2794 comitatu
500 2729 666 2794 Borsiensi
692 2731 902 2808 adiacentem,
933 2750 1079 2795 asserens
1106 2731 1207 2811 ipsam

81 2834 241 2914 quondam
257 2835 375 2920 Kepey
391 2843 424 2900 et
439 2837 570 2902 Bothou
595 2839 794 2903 notariorum
820 2846 1004 2903 nostrorum
1029 2836 1209 2902 infidelium

80 2943 185 3020 fuisse,
202 2951 234 3008 et
249 2945 289 3008 ob
306 2951 418 3010 notam
438 2944 639 3012 infidelitatis
665 2947 849 3011 eorumdem
875 2946 917 3011 ad
944 2952 1069 3010 nostras
1096 2967 1210 3010 manus

80 3052 185 3135 regias
202 3049 386 3116 devolutam
404 3053 574 3134 exstitisse,
599 3075 619 3118 a
645 3054 736 3118 nobis
752 3054 822 3126 sibi,
848 3055 989 3137 exceptis
1015 3060 1047 3117 et
1073 3052 1210 3116 exclusis

79 3159 225 3225 omuibus
240 3161 315 3225 aliis
331 3161 487 3226 fratribus
503 3162 579 3239 suis,
604 3161 676 3226 dari
693 3161 876 3246 postulavit.
893 3159 961 3225 Nos
980 3162 1079 3244 igitur
1105 3163 1210 3224 cousi-

78 3267 200 3332 deratis
210 3277 241 3333 et
250 3270 375 3351 pariter
391 3270 629 3354 circumspectis
645 3271 787 3336 serviciis
798 3275 830 3334 et
839 3267 1051 3333 fidelitatibus
1065 3266 1206 3332 eiusdem

80 3378 226 3458 magistri
242 3375 372 3442 Nicolai
396 3379 538 3462 primum
557 3400 615 3462 per
640 3377 776 3442 eundem
801 3377 878 3442 data
894 3373 975 3460 (igy)
993 3375 1122 3444 domiuo
1139 3375 1210 3439 Ka·

79 3485 148 3548 rolo
178 3486 246 3568 regi
277 3487 374 3569 patri,
405 3507 443 3550 ac
473 3487 698 3570 prenominato
730 3485 892 3567 quondam
917 3483 1044 3548 domiuo
1076 3481 1209 3572 Andree

79 3591 240 3657 dictorum
265 3613 439 3677 regnorum
464 3595 650 3658 Jerusalem
676 3601 708 3658 et
734 3592 844 3659 Sicilie
878 3594 946 3676 regi
971 3591 1114 3676 precelso
1140 3591 1208 3655 lau·

79 3699 185 3766 ‹lande
208 3703 361 3768 memorie
386 3702 481 3768 fratri
515 3704 634 3767 uostris
659 3701 847 3780 karissimis,
871 3709 905 3766 et
929 3722 987 3784 per
1012 3719 1210 3780 consequens

79 3809 171 3875 nobis
187 3812 220 3873 iu
237 3811 371 3875 dirersis
388 3811 530 3876 serviciis
547 3809 732 3874 eorumdem
758 3817 791 3874 et
816 3810 945 3890 nostris,
971 3814 1004 3872 ct
1023 3808 1209 3891 specialiter

78 3920 164 3984 inter
179 3927 287 3983 cetera
311 3939 368 3984 sue
390 3917 555 3983 fidelitatis
580 3917 735 3998 obsequia
760 3923 904 4000 tempore
930 3937 994 3997 quo
1019 3917 1208 4010 ¹Feliciauus

79 4026 243 4109 quondam
260 4027 298 4092 de
315 4049 432 4112 genere
443 4027 516 4092 Zah
532 4048 570 4091 ex
586 4026 786 4111 precogitate
803 4047 859 4090 sue
875 4026 1023 4106 nequicie
1039 4032 1071 4090 et
1087 4025 1207 4090 furoris

80 4136 214 4202 libidine
238 4136 273 4200 in
298 4157 445 4201 eruorem
469 4135 615 4200 iamdicti
640 4134 762 4203 domiui
790 4131 908 4200 Karoli
943 4133 1028 4216 regis
1055 4133 1210 4216 genitoris

79 4245 182 4309 nostri
198 4245 374 4309 enormiter
389 4241 562 4309 furibundo
579 4242 674 4308 corde
691 4243 782 4306 sitire
799 4263 838 4306 ex
854 4262 1011 4308 consensu
1028 4246 1060 4304 et
1077 4241 1211 4306 oonsilio

79 4353 266 4417 eorumdem
281 4352 398 4436 Kepey
414 4351 523 4435 sponsi
544 4350 666 4416 scilieet
682 4351 731 4414 sui
747 4357 780 4414 et
796 4350 926 4414 Bathou
940 4348 1051 4414 fratris
1069 4348 1211 4413 eiusdem

79 4483 140 4526 uon
159 4461 372 4544 formidasset,
404 4463 437 4525 in
454 4459 636 4524 defensioue
649 4459 794 4523 iamdicti
819 4458 923 4542 patris
949 4456 1051 4520 nostri
1077 4462 1109 4520 et
1134 4456 1212 4521 dicti

78 4570 200 4635 domini
216 4569 350 4634 Andree
366 4570 450 4653 regis
466 4573 667 4645 aenostram
684 4573 796 4632 contra
812 4567 897 4631 aoies
914 4563 1092 4630 acutissimi
1109 4563 1210 4647 gladii

78 4681 223 4747 eiusdem
239 4677 424 4744 Feliohiani
439 4700 472 4743 se
489 4673 625 4744 viriliter
635 4675 833 4760 exponendo,
849 4697 921 4740 oum
934 4674 1057 4740 enormi
1073 4681 1106 4738 et
1121 4673 1211 4739 letali

120 4814 279 4852 axsousosr
295 4801 468 4852 onulxrrla.
485 4813 510 4851 v.
522 4801 617 4851 adana
1090 4806 1104 4850 3
