3188 5476
337 534 402 593 614
689 545 876 590 antoanam
901 530 1117 588 cantuaria.

337 709 471 773 terciam
497 723 624 792 partem
650 707 816 771 cuiusdam
850 706 1001 772 sessionis
1033 705 1120 770 circa
1150 705 1273 770 dictum
1301 705 1473 788 pallacium

339 816 514 896 existentis,
531 836 617 880 nuno
642 813 777 880 edificiis
808 817 957 890 carentia,
975 813 1102 879 domine
1117 813 1289 879 Elisabeth
1305 815 1397 898 nepti
1414 835 1468 878 sue

337 930 493 1010 perpetuo
520 929 552 986 ct
577 921 831 990 irrevocabiliter
850 923 1037 1003 legasset..
1064 921 1296 1004 possidendas.
1315 971 1322 985 .
1347 921 1470 988 Datum

336 1053 395 1115 per
410 1052 525 1096 manus
542 1031 690 1112 magistri
707 1029 847 1095 Diouisii
863 1031 993 1095 lectoris
1020 1029 1152 1094 ecclesie
1169 1037 1287 1108 nostre,
1303 1032 1338 1094 iu
1355 1031 1472 1095 octavis

337 1140 410 1204 festi
442 1139 531 1204 beati
563 1138 735 1204 Michaelis
765 1137 960 1221 archangeli,
992 1159 1075 1202 anno
1110 1138 1232 1203 domini
1250 1137 1326 1202 Μπιο
1353 1135 1472 1206 COGm⁰

341 1249 609 1332 quinquagesimo
620 1247 758 1312 secundo
770 1271 776 1327 ;
787 1247 1010 1330 presentibus.
1027 1299 1034 1313 .
1050 1247 1214 1331 magistris
1225 1247 1325 1312 Petro
1335 1252 1472 1324 cantora,
1572 1275 1573 1278 ¹

341 1355 366 1420 J
368 1355 493 1420 ohanne
510 1354 652 1433 custode,
668 1353 832 1436 Ladislao,
848 1355 1008 1432 Emerico,
1024 1355 1132 1438 Petra,
1158 1355 1331 1434 Michaele‚
1347 1355 1472 1432 (lomna,
1572 1397 1573 1400 =

338 1463 362 1528 J
364 1463 491 1527 ohanne
509 1468 542 1526 et
557 1461 630 1528 aliis
647 1463 810 1528 canonicis
826 1465 860 1528 in
876 1462 988 1528 eadem
1005 1462 1139 1529 ecclesia
1156 1469 1267 1529 nostra
1283 1463 1344 1528 deo
1361 1463 1471 1529 devote

337 1569 579 1637 famulantibus.
1572 1555 1573 1564 ἦ

448 1735 473 1784 Α
487 1735 578 1798 peosdt
600 1735 663 1784 zdld
685 1735 919 1798 selyenrsorlraton
941 1738 1026 1800 fl'rgg;
1046 1734 1178 1799 eredetije
1197 1751 1229 1785 aa
1243 1751 1313 1786 orsa.
1327 1737 1359 1785 lt.
1374 1737 1470 1796 Macar,

339 1831 405 1874 orat.
419 1826 452 1874 N.
467 1826 500 1874 a.
514 1825 548 1874 Α.
572 1828 631 1876 ool.
654 1832 677 1875 1.
701 1825 767 1888 dipl.
787 1830 854 1874 oszt.
869 1829 947 1875 4³07.
968 1825 1112 1890 Ugyanott
1130 1825 1271 1875 atiratban
1293 1825 1317 1876 is
1331 1840 1394 1891 meg
1407 1841 1470 1883 van,
1572 1891 1573 1898 ἵ

336 1917 408 1980 dipl.
423 1921 490 1966 oszt.
505 1920 582 1968 9375.
602 1917 702 1968 Kdzli:
723 1919 831 1968 Koraos
843 1918 877 1967 N.

870 2278 945 2340 385.

343 2439 437 2501 1352.
456 2447 512 2500 oct.
529 2439 560 2500 6.
577 2433 626 2499 Aa
641 2443 708 2524 apri
724 2438 884 2524 kriptolad
901 2439 971 2500 altre
988 2437 1220 2516 illortouosfia
1235 2437 1470 2523 Ja'uosleo'aya
1572 2465 1573 2474 ¹

340 2547 476 2632 Morpz't,
489 2546 611 2608 I'clcbte
628 2549 658 2609 e‘a
675 2545 854 2634 Noppuzor
866 2554 944 2608 norit
955 2543 1301 2628 bir·tobae‘t,ficc'rciuel,
1313 2545 1384 2608 ezelo
1396 2543 1471 2608 Hel·
1572 2597 1573 2610 .

447 2654 550 2716 raecbe
567 2661 647 2716 erevit
664 2653 813 2740 Zeraple'a
828 2659 1011 2742 odrracppei
1027 2655 1203 2718 birtolorio'rt
1219 2655 1370 2718 aeaeae.

449 2813 518 2880 Nos
548 2815 727 2898 capitulum
753 2817 885 2882 ecclesie
907 2815 1078 2898 Agriensis
1095 2815 1313 2900 significamus
1330 2869 1361 2882 ..
1388 2817 1472 2900 quod
1572 2803 1573 2888 i

341 2924 514 2991 Ladislaus
530 2923 616 2988 filius
633 2922 658 2988 J
659 2924 796 2989 ohannis
812 2925 871 2990 filii
896 2925 1066 2991 Martenos
1090 2926 1130 2992 de
1146 2924 1282 2990 Pelehte
1308 2946 1367 3008 pro
1393 2931 1474 2989 sert
1572 2969 1573 2978 .

341 3052 400 3112 pro
418 3027 553 3094 Andrea
569 3031 655 3095 dicto
681 3031 817 3095 Zaohud
843 3053 881 3096 ao
905 3031 1042 3097 Nicolao
1067 3031 1224 3097 fratribus
1240 3033 1307 3098 suis
1332 3033 1474 3110 uterinis,
1572 3041 1573 3124 .

343 3159 480 3220 quorum
497 3139 663 3219 negocium
681 3137 749 3221 ipse
767 3139 799 3202 in
816 3159 913 3203 causa
937 3139 1118 3224 subscripta
1141 3139 1184 3204 ad
1209 3163 1303 3206 suum
1329 3161 1410 3205 onus
1426 3161 1472 3204 as·
1572 3133 1573 3208 ᾗ

342 3247 456 3310 sumsit
472 3265 510 3309 ex
526 3265 599 3324 una,
617 3252 649 3312 et
665 3244 840 3310 Martanus
853 3245 939 3311 filius
955 3245 1102 3312 Ladislai
1121 3247 1159 3312 de
1176 3247 1391 3313 Zentalberth
1409 3269 1472 3314 ma·
1572 3255 1573 3318 ἕ

345 3356 428 3418 ritus
445 3359 477 3418 et
491 3357 682 3435 procurator
698 3352 815 3418 nobilis
840 3353 967 3420 domine
982 3355 1048 3420 filie
1063 3357 1205 3421 eiusdem
1230 3355 1256 3422 J
1257 3354 1395 3420 ohannis
1417 3355 1472 3419 filii

341 3461 510 3528 Martonos
535 3459 726 3544 Margareta
751 3467 910 3527 vocate..
935 3485 994 3546 pro
1020 3463 1132 3530 eadem
1156 3465 1288 3529 domina
1312 3469 1408 3550 parte
1433 3463 1472 3527 ab
1572 3483 1573 3560 ἐ

343 3573 455 3649 altera,
472 3592 579 3636 coram
596 3570 688 3635 nobis
704 3571 918 3652 personaliter
943 3572 1118 3654 constituti,
1133 3571 1166 3637 in
1193 3570 1388 3653 quibusdam
1403 3593 1470 3655 por·

343 3680 486 3746 cionibus
517 3681 660 3762 ipsorum
691 3679 953 3762 possessionariis
984 3679 1068 3744 infra
1098 3679 1350 3746 declarandis..
1377 3679 1469 3744 iidem
1572 3761 1573 3764 Ἴ

343 3788 403 3852 filii
419 3788 443 3852 J
446 3787 582 3852 ohannis
599 3794 631 3850 et
647 3787 776 3850 domina
801 3808 890 3851 soror·
914 3788 1058 3872 ipsorum
1082 3788 1147 3852 tale
1166 3787 1390 3854 concambium
1405 3809 1470 3872 per·

344 3901 443 3981 petuo
460 3896 653 3960 duraturum
670 3893 782 3959 fecisse
806 3895 899 3961 nobis
916 3902 1132 3974 asseruerunt,
1158 3896 1244 3977 quod
1260 3894 1471 3980 prenominati
1572 3977 1573 3988 ἶ

342 4004 402 4069 filii
427 4003 452 4069 J
453 4004 588 4069 ohannis
613 4002 671 4068 filii
696 4002 865 4068 Martonos
895 4003 1031 4070 totalem
1062 4005 1246 4088 porcionem
1271 4005 1415 4090 ipsorum
1439 4005 1468 4068 in

343 4113 421 4178 locis
438 4110 665 4176 sessionalibus
681 4110 715 4174 in
732 4113 930 4200 possessione
956 4111 1134 4177 Helmechc
1159 4119 1358 4196 nuncupata,
1375 4113 1409 4178 in
1425 4133 1469 4176 co
1572 4129 1573 4198 ζ

342 4221 459 4286 mitatu
469 4219 701 4306 Zemplinionsi
711 4227 748 4284 ut
757 4220 875 4286 dicitur
885 4222 1035 4288 existenti
1045 4221 1200 4304 habitam,
1211 4221 1309 4288 titulo
1321 4223 1401 4288 iuris
1421 4223 1468 4287 he
1572 4201 1573 4274 Ϊ

343 4328 491 4395 reditarii
508 4329 594 4412 ipsos
606 4331 860 4412 contingentem.
878 4381 884 4395 .
901 4331 934 4393 in
944 4335 1039 4396 tanta
1048 4329 1243 4413 quantitate,
1254 4337 1379 4414 quanta
1389 4335 1469 4395 terre
1572 4337 1573 4342 ’

344 4437 492 4515 arabiles,
503 4443 607 4522 prata,
618 4435 695 4501 silve
706 4442 739 4500 et
755 4457 886 4502 nemora
895 4438 1055 4521 porcionis
1065 4439 1288 4524 prenominate
1304 4439 1469 4504 domincin

343 4548 415 4628 ipsa
424 4545 624 4628 possessione
634 4543 768 4609 Pelethe
777 4543 983 4624 haberentur,
993 4547 1028 4612 in
1040 4552 1198 4628 quantum
1210 4567 1243 4611 se
1254 4546 1468 4624 extenderent,

344 4651 508 4718 dedissent
524 4658 558 4717 et
574 4652 782 4718 contulissent
805 4659 838 4717 et
861 4659 1026 4738 protectus
1049 4653 1223 4720 Ladislaus
1249 4676 1309 4720 sua
1325 4659 1359 4718 et
1375 4653 1468 4718 dicto·

345 4782 416 4828 rum
433 4760 569 4828 fratrum
587 4781 716 4828 suorum
741 4763 775 4827 in
792 4763 937 4848 personis
953 4763 1043 4829 dedit
1059 4767 1092 4828 et
1107 4763 1246 4830 contulit
1256 4769 1466 4830 annotateno

325 4724 333 4758 t
