3226 5462
540 525 634 588 1347.
652 543 746 587 snas.
763 527 794 588 2,
1185 522 1186 534 ’
1214 532 1233 592 5

96 705 177 771 biles
187 711 409 790 compareant3
426 711 458 770 et
468 727 525 788 per
534 705 697 770 dominam
714 707 858 788 reginam
875 707 1063 790 genitricem
1080 715 1226 772 nostram

97 820 131 878 ot
141 813 284 898 prelatos
301 835 340 878 ac
355 814 493 879 barones
503 819 629 878 nostros
644 813 842 880 discuciatur
859 819 891 879 et
906 817 1097 884 terminetur
1113 814 1235 881 factum

95 923 307 1006 possessionis
323 923 476 998 eiusdem.
493 923 617 988 Datum
633 921 734 1000 Bude,
760 922 795 987 in
810 922 891 988 festo
907 923 1154 992 Purificacionis
1171 928 1232 992 vir-

97 1031 181 1115 ginis
197 1031 346 1116 gloriose,
363 1054 446 1098 anno
463 1032 583 1100 domini
598 1031 651 1098 Μο
674 1029 794 1098 OOCmo
812 1033 916 1099 ΧΙΝ10
932 1035 1075 1118 septimo.

195 1179 350 1244 Hdtlapjan
360 1182 463 1246 gydrlls
474 1179 564 1242 pecsdt
574 1177 768 1242 ttreddkeive13
779 1195 796 1228 a
806 1179 897 1242 pecstt
908 1181 991 1230 soloas
1003 1181 1121 1231 »relacio
1133 1184 1232 1234 ‹Jacobi

97 1271 219 1320 diulus«
234 1270 388 1321 olrashatt.
407 1268 547 1332 Eredetije
560 1283 592 1318 az
606 1283 674 1319 orez.
688 1270 720 1319 lt.
734 1269 833 1320 kinest.
854 1275 921 1320 oszt.
936 1271 969 1320 N.
984 1271 1017 1320 a.
1031 1271 1063 1321 A.
1081 1275 1156 1323 1536.
1174 1279 1232 1324 llo.

97 1362 164 1426 dipl.
178 1363 210 1412 lt.
225 1366 304 1412 3882.
318 1359 419 1411 Kezli:
439 1360 547 1410 Koraos
560 1359 593 1410 N.

588 1577 722 1584 .--—-·--.-.
736 1579 748 1584 .-

650 1779 678 1840 5.

101 1939 194 2002 1347.
214 1938 322 2018 Bada,
331 1937 418 2026 febr.
434 1947 463 2003 2.
481 1939 546 2006 Pe'i
561 1939 741 2024 orszdpdiro'
767 1938 864 2002 ite'tote
892 1939 1050 2026 Mcppori
1078 1943 1171 2005 Pe'ler
1180 1946 1232 2024 fin

99 2046 214 2110 lmztl
228 2048 306 2110 mint
320 2049 424 2115 lamis
441 2047 560 2111 okleve'l
575 2047 688 2111 teszae
703 2045 790 2123 eldea,
818 2047 954 2133 metpben
970 2047 1095 2113 Jaaoti
1114 2049 1233 2114 Miletos

100 2157 241 2242 Pozsony
251 2157 547 2242 vdrmeppeijavoit
557 2155 870 2240 Merhcrdpozaoapi
876 2155 991 2241 polpdr
1003 2157 1126 2242 adapes
1137 2157 1232 2224 birte-

422 2262 529 2330 tahan
545 2265 767 2349 meptapyatni
781 2262 909 2327 reodeli.

153 2426 157 2447 ⁵
206 2441 277 2508 Nos
297 2464 402 2509 comes
427 2445 550 2510 Paulus
575 2444 671 2510 index
694 2443 803 2510 curie.
822 2497 827 2510 .
845 2442 1061 2528 significamus
1087 2493 1118 2512 ..
1145 2446 1232 2527 qnod

97 2577 171 2620 cum
184 2553 318 2620 domina
333 2553 446 2638 regina
460 2554 632 2640 Hungarie
648 2553 863 2620 Merhardum
888 2553 989 2619 civem
1015 2553 1158 2620 iuratum
1174 2555 1233 2620 Po·

97 2663 289 2741 seniensem,
314 2662 504 2730 ladislaum
528 2662 632 2728 filium
656 2663 749 2728 Petri
774 2663 814 2727 de
839 2663 978 2746 Magyar
1004 2669 1036 2727 et
1061 2661 1234 2728 Nicolaum

95 2769 202 2834 filium
218 2767 384 2836 Dominioi
399 2771 438 2836 de
454 2771 479 2838 J
480 2771 568 2838 anuk
583 2793 679 2855 super
693 2770 893 2854 obligatione
911 2775 943 2834 et
959 2770 1139 2836 statucione
1157 2791 1235 2853 qua·

96 2879 249 2944 rumdam
264 2879 502 2963 possessionum
517 2879 544 2946 J
544 2879 631 2946 annk
655 2885 688 2945 et
712 2879 737 2944 J
738 2879 825 2945 anuli
840 2885 1027 2944 vocatarum
1043 2900 1081 2946 ac
1097 2880 1235 2946 aliarum

95 2989 129 3052 in
166 2987 242 3054 eliis
258 2987 376 3059 ¹literis
405 2989 524 3055 nostris
555 2987 823 3056 statucionalibns
855 2987 1105 3068 nominatarum,
1137 3011 1234 3072 snper

97 3095 219 3178 quibus
235 3100 403 3164 contencio
418 3105 451 3164 et
466 3098 534 3168 litis
550 3099 687 3164 materia
711 3099 796 3163 inter
821 3099 907 3180 ipsos
932 3097 1120 3182 habebatur,
1137 3099 1236 3164 medi-

96 3204 232 3270 antibus
245 3206 313 3272 suis
328 3207 431 3274 literis
446 3229 505 3292 per
521 3229 614 3273 snum
639 3213 672 3272 et
696 3206 833 3292 capituli
857 3207 1064 3272 Posoniensis
1090 3207 1235 3272 homines

95 3315 138 3380 ad
155 3320 289 3381 octavas
304 3313 379 3380 festi
393 3314 585 3382 Nativitatis
600 3315 689 3380 beati
705 3316 731 3380 J
732 3316 869 3380 ohannis
893 3315 1045 3399 Baptista
1062 3337 1146 3381 nunc
1162 3337 1235 3399 pro·

96 3423 243 3488 xime..
265 3421 443 3516 preteritas
467 3423 500 3488 in
526 3423 704 3507 reginalem
735 3445 827 3490 suam
857 3423 1058 3507 presenciam
1089 3423 1234 3507 legitime

96 3531 230 3597 fecisset
245 3531 380 3614 evocari,
389 3532 557 3615 ipsiusque
565 3552 660 3598 cause
670 3533 975 3626 determinationem
990 3537 1100 3597 nostro
1117 3531 1236 3598 indicio

97 3640 335 3707 transmisisset
349 3639 567 3721 decidendam,
584 3642 714 3707 tandem
725 3643 803 3726 ipsis
813 3641 935 3706 octavis
951 3640 1026 3706 festi
1042 3639 1234 3706 Nativitatis

5 3827 7 3830 Ι
97 3749 188 3814 beati
219 3747 384 3815 Johannis
415 3750 566 3834 Baptista
600 3750 851 3832 occurrentibus,
881 3748 1016 3835 prefatis
1049 3748 1235 3831 Merhardo,

97 3856 259 3924 Lsdislao
274 3855 343 3923 filio
366 3859 459 3937 Betri
476 3865 508 3925 et
523 3857 661 3926 Nicolao
677 3857 744 3924 filio
760 3857 924 3924 Dominioi
940 3856 979 3922 de
996 3857 1109 3925 ‹lanuk
1126 3878 1235 3922 coram

98 3966 193 4032 nobis
213 3967 428 4052 personaliter
452 3968 720 4073 comparentibus³
745 3967 831 4032 idem
855 3947 1052 4032 Merhardus
1078 3965 1236 4048 quasdam

98 4075 215 4141 literas
231 4073 310 4143 dicti
326 4075 461 4161 capituli
476 4077 680 4142 Posoniensis
697 4081 854 4161 patentes,
870 4077 904 4140 in
919 4077 1039 4140 octavis
1056 4073 1129 4140 festi
1144 4074 1235 4139 beati

99 4182 241 4268 Georgii
256 4185 403 4250 martiris
420 4185 480 4251 sub
491 4206 575 4250 anno
593 4183 712 4249 domini
729 4184 780 4249 Μ0
805 4181 925 4249 000ωο
942 4181 1024 4246 XL⁰
1048 4181 1147 4246 tercio
1164 4201 1236 4246 eon-

99 4291 205 4358 fectas
221 4291 314 4358 nobis
339 4297 545 4376 presenserat
568 4292 776 4374 continentes,
795 4291 881 4373 quod
896 4289 1053 4356 Nicolaus
1069 4289 1154 4354 filius
1169 4287 1235 4354 Do·

100 4402 213 4467 minici
230 4399 289 4466 lilii
305 4401 397 4466 Petn'
413 4402 454 4466 de
469 4401 495 4466 J
496 4401 584 4466 ancl<
610 4399 824 4484 personaliter
840 4420 948 4464 coram
964 4398 1076 4464 eodem
1094 4397 1235 4482 capitulo

99 4508 296 4577 Posoniensi
312 4509 506 4576 constitutus
523 4559 530 4575 .
547 4559 553 4576 .
572 4511 737 4574 universes
753 4508 970 4590 possessiones
987 4513 1020 4572 et
1034 4512 1145 4591 partes
1161 4526 1236 4572 snas

99 4619 374 4704 possessionerias
407 4617 543 4684 ubilibet
573 4639 630 4683 sen
660 4619 694 4682 in
726 4616 870 4698 quolibet
899 4617 969 4682 loco
1001 4616 1156 4682 comitatu
1186 4613 1236 4679 vel

100 4728 255 4797 districtu
282 4775 313 4792 ..
339 4727 521 4805 existentes,
548 4724 732 4811 specialiter
748 4730 858 4794 tamen
883 4722 1099 4810 possessiones
1124 4721 1149 4786 J
1151 4721 1236 4788 anuk
