<?xml version="1.0" encoding="UTF-8"?>
<!DOCTYPE html PUBLIC "-//W3C//DTD XHTML 1.0 Transitional//EN"
    "http://www.w3.org/TR/xhtml1/DTD/xhtml1-transitional.dtd">
<html xmlns="http://www.w3.org/1999/xhtml" xml:lang="en" lang="en">
 <head>
  <title>
</title>
<meta http-equiv="Content-Type" content="text/html;charset=utf-8" />
  <meta name='ocr-system' content='tesseract 3.04.00' />
  <meta name='ocr-capabilities' content='ocr_page ocr_carea ocr_par ocr_line ocrx_word'/>
</head>
<body>
  <div class='ocr_page' id='page_1' title='image "./codexdiplomatic06nagygoog_0433.png"; bbox 0 0 3180 5470; ppageno 0'>
   <div class='ocr_carea' id='block_1_1' title="bbox 368 545 1137 607">
    <p class='ocr_par' dir='ltr' id='par_1_1' title="bbox 368 545 1137 607">
     <span class='ocr_line' id='line_1_1' title="bbox 368 545 1137 607; baseline -0.001 0"><span class='ocrx_word' id='word_1_1' title='bbox 368 545 434 607; x_wconf 82' lang='grc'>418</span> <span class='ocrx_word' id='word_1_2' title='bbox 719 559 905 606; x_wconf 78' lang='lat' dir='ltr'>susouuonr</span> <span class='ocrx_word' id='word_1_3' title='bbox 921 547 1137 606; x_wconf 77' lang='lat' dir='ltr'>onulurrlu.</span> 
     </span>
    </p>
   </div>
   <div class='ocr_carea' id='block_1_2' title="bbox 362 719 1491 804">
    <p class='ocr_par' dir='ltr' id='par_1_2' title="bbox 362 719 1491 804">
     <span class='ocr_line' id='line_1_2' title="bbox 362 719 1491 804; baseline -0.003 -17"><span class='ocrx_word' id='word_1_4' title='bbox 362 721 439 787; x_wconf 90' lang='lat' dir='ltr'>dum</span> <span class='ocrx_word' id='word_1_5' title='bbox 456 720 547 786; x_wconf 91' lang='lat' dir='ltr'>nobis</span> <span class='ocrx_word' id='word_1_6' title='bbox 563 719 683 785; x_wconf 84' lang='lat' dir='ltr'>luerint</span> <span class='ocrx_word' id='word_1_7' title='bbox 703 725 875 804; x_wconf 89' lang='lat' dir='ltr'>reportate.</span> <span class='ocrx_word' id='word_1_8' title='bbox 898 719 1023 786; x_wconf 89' lang='lat' dir='ltr'>Datum</span> <span class='ocrx_word' id='word_1_9' title='bbox 1047 719 1149 802; x_wconf 87' lang='lat' dir='ltr'>Bude,</span> <span class='ocrx_word' id='word_1_10' title='bbox 1173 721 1257 786; x_wconf 89' lang='lat' dir='ltr'>feria</span> <span class='ocrx_word' id='word_1_11' title='bbox 1282 727 1403 804; x_wconf 83' lang='lat' dir='ltr'>quarta</span> <span class='ocrx_word' id='word_1_12' title='bbox 1425 741 1491 803; x_wconf 79' lang='lat' dir='ltr'>pro</span> 
     </span>
    </p>
   </div>
   <div class='ocr_carea' id='block_1_3' title="bbox 362 823 1579 1022">
    <p class='ocr_par' dir='ltr' id='par_1_3' title="bbox 362 823 1579 1022">
     <span class='ocr_line' id='line_1_3' title="bbox 363 823 1579 914; baseline -0.003 -17"><span class='ocrx_word' id='word_1_13' title='bbox 363 832 450 896; x_wconf 87' lang='lat' dir='ltr'>xima</span> <span class='ocrx_word' id='word_1_14' title='bbox 480 837 553 914; x_wconf 85' lang='lat' dir='ltr'>post</span> <span class='ocrx_word' id='word_1_15' title='bbox 584 829 703 896; x_wconf 87' lang='lat' dir='ltr'>festum</span> <span class='ocrx_word' id='word_1_16' title='bbox 732 830 821 896; x_wconf 88' lang='lat' dir='ltr'>beati</span> <span class='ocrx_word' id='word_1_17' title='bbox 854 831 992 897; x_wconf 86' lang='lat' dir='ltr'>Martini</span> <span class='ocrx_word' id='word_1_18' title='bbox 1024 830 1222 910; x_wconf 84' lang='lat' dir='ltr'>confessoris,</span> <span class='ocrx_word' id='word_1_19' title='bbox 1255 853 1341 898; x_wconf 84' lang='lat' dir='ltr'>anuo</span> <span class='ocrx_word' id='word_1_20' title='bbox 1376 831 1492 896; x_wconf 89' lang='lat' dir='ltr'>domiui</span> <span class='ocrx_word' id='word_1_21' title='bbox 1578 823 1579 864; x_wconf 70' lang='lat'>³</span> 
     </span>
     <span class='ocr_line' id='line_1_4' title="bbox 362 936 852 1022; baseline 0.006 -19"><span class='ocrx_word' id='word_1_22' title='bbox 362 938 414 1003; x_wconf 81' lang='grc' dir='ltr'>Μο</span> <span class='ocrx_word' id='word_1_23' title='bbox 438 936 558 1004; x_wconf 65' lang='lat' dir='ltr'>Goon</span> <span class='ocrx_word' id='word_1_24' title='bbox 575 939 852 1022; x_wconf 84' lang='lat' dir='ltr'>quinquagesimo.</span> 
     </span>
    </p>
   </div>
   <div class='ocr_carea' id='block_1_4' title="bbox 362 1120 1580 1726">
    <p class='ocr_par' dir='ltr' id='par_1_4' title="bbox 362 1120 1580 1726">
     <span class='ocr_line' id='line_1_5' title="bbox 470 1120 1493 1188; baseline 0 -18"><span class='ocrx_word' id='word_1_25' title='bbox 470 1123 493 1170; x_wconf 91' lang='grc' dir='ltr'>Ι.</span> <span class='ocrx_word' id='word_1_26' title='bbox 513 1120 595 1184; x_wconf 85' lang='lat' dir='ltr'>Lajos</span> <span class='ocrx_word' id='word_1_27' title='bbox 620 1122 769 1184; x_wconf 73' lang='lat' dir='ltr'>kirt&#39;slynak</span> <span class='ocrx_word' id='word_1_28' title='bbox 798 1127 873 1172; x_wconf 89' lang='lat'>1358.</span> <span class='ocrx_word' id='word_1_29' title='bbox 897 1121 961 1186; x_wconf 76' lang='lat' dir='ltr'>maij.</span> <span class='ocrx_word' id='word_1_30' title='bbox 995 1122 1077 1172; x_wconf 75' lang='lat' dir='ltr'>26=dn</span> <span class='ocrx_word' id='word_1_31' title='bbox 1111 1123 1260 1188; x_wconf 69' lang='lat' dir='ltr'>»magister</span> <span class='ocrx_word' id='word_1_32' title='bbox 1284 1125 1384 1173; x_wconf 85' lang='lat' dir='ltr'>Petrus</span> <span class='ocrx_word' id='word_1_33' title='bbox 1410 1123 1493 1172; x_wconf 80' lang='lat' dir='ltr'>dictus</span> 
     </span>
     <span class='ocr_line' id='line_1_6' title="bbox 365 1211 1493 1276; baseline 0.002 -15"><span class='ocrx_word' id='word_1_34' title='bbox 365 1211 464 1262; x_wconf 82' lang='lat' dir='ltr'>deor</span> <span class='ocrx_word' id='word_1_35' title='bbox 478 1213 551 1276; x_wconf 85' lang='lat' dir='ltr'>filius</span> <span class='ocrx_word' id='word_1_36' title='bbox 564 1211 703 1262; x_wconf 88' lang='lat' dir='ltr'>Dominici</span> <span class='ocrx_word' id='word_1_37' title='bbox 716 1212 750 1261; x_wconf 90' lang='lat' dir='ltr'>de</span> <span class='ocrx_word' id='word_1_38' title='bbox 764 1212 875 1273; x_wconf 85' lang='lat' dir='ltr'>Bu(l)eh</span> <span class='ocrx_word' id='word_1_39' title='bbox 889 1227 979 1262; x_wconf 88' lang='lat' dir='ltr'>comes</span> <span class='ocrx_word' id='word_1_40' title='bbox 993 1213 1026 1262; x_wconf 87' lang='lat' dir='ltr'>ds</span> <span class='ocrx_word' id='word_1_41' title='bbox 1040 1214 1123 1263; x_wconf 80' lang='lat' dir='ltr'>Serus</span> <span class='ocrx_word' id='word_1_42' title='bbox 1137 1219 1165 1264; x_wconf 89' lang='lat' dir='ltr'>et</span> <span class='ocrx_word' id='word_1_43' title='bbox 1183 1215 1351 1265; x_wconf 86' lang='lat' dir='ltr'>castellanus</span> <span class='ocrx_word' id='word_1_44' title='bbox 1364 1213 1399 1264; x_wconf 87' lang='lat' dir='ltr'>de</span> <span class='ocrx_word' id='word_1_45' title='bbox 1413 1214 1493 1276; x_wconf 79' lang='lat' dir='ltr'>Gyos·</span> 
     </span>
     <span class='ocr_line' id='line_1_7' title="bbox 362 1302 1491 1368; baseline 0.001 -17"><span class='ocrx_word' id='word_1_46' title='bbox 362 1315 438 1367; x_wconf 83' lang='lat' dir='ltr'>gewr</span> <span class='ocrx_word' id='word_1_47' title='bbox 450 1302 480 1351; x_wconf 90' lang='lat' dir='ltr'>iu</span> <span class='ocrx_word' id='word_1_48' title='bbox 495 1317 552 1366; x_wconf 75' lang='lat' dir='ltr'>sua,</span> <span class='ocrx_word' id='word_1_49' title='bbox 566 1302 634 1352; x_wconf 87' lang='lat' dir='ltr'>item</span> <span class='ocrx_word' id='word_1_50' title='bbox 647 1303 791 1352; x_wconf 81' lang='lat' dir='ltr'>Michaelis</span> <span class='ocrx_word' id='word_1_51' title='bbox 804 1302 918 1368; x_wconf 77' lang='lat' dir='ltr'><strong>Georgii</strong></span> <span class='ocrx_word' id='word_1_52' title='bbox 932 1303 1052 1353; x_wconf 81' lang='lat' dir='ltr'>Simonis</span> <span class='ocrx_word' id='word_1_53' title='bbox 1066 1304 1175 1354; x_wconf 80' lang='lat' dir='ltr'>Nicolai</span> <span class='ocrx_word' id='word_1_54' title='bbox 1198 1305 1334 1367; x_wconf 75' lang='lat' dir='ltr'><strong>Stephani</strong></span> <span class='ocrx_word' id='word_1_55' title='bbox 1358 1305 1491 1354; x_wconf 81' lang='lat' dir='ltr'>Johannis</span> 
     </span>
     <span class='ocr_line' id='line_1_8' title="bbox 363 1393 1493 1457; baseline 0.002 -16"><span class='ocrx_word' id='word_1_56' title='bbox 363 1397 391 1441; x_wconf 89' lang='lat' dir='ltr'>et</span> <span class='ocrx_word' id='word_1_57' title='bbox 405 1393 519 1442; x_wconf 84' lang='lat' dir='ltr'>Emirici</span> <span class='ocrx_word' id='word_1_58' title='bbox 542 1395 661 1443; x_wconf 76' lang='lat' dir='ltr'><strong>fratrum</strong></span> <span class='ocrx_word' id='word_1_59' title='bbox 683 1409 796 1444; x_wconf 85' lang='lat' dir='ltr'>suorum</span> <span class='ocrx_word' id='word_1_60' title='bbox 817 1395 990 1444; x_wconf 87' lang='lat' dir='ltr'>uterinorum</span> <span class='ocrx_word' id='word_1_61' title='bbox 1003 1394 1034 1444; x_wconf 90' lang='lat' dir='ltr'>iu</span> <span class='ocrx_word' id='word_1_62' title='bbox 1047 1396 1185 1457; x_wconf 74' lang='lat' dir='ltr'>personis«</span> <span class='ocrx_word' id='word_1_63' title='bbox 1200 1396 1323 1446; x_wconf 77' lang='lat' dir='ltr'>eldadctt</span> <span class='ocrx_word' id='word_1_64' title='bbox 1345 1395 1493 1446; x_wconf 71' lang='lat' dir='ltr'>kei-elmere</span> 
     </span>
     <span class='ocr_line' id='line_1_9' title="bbox 363 1481 1580 1550; baseline 0.003 -20"><span class='ocrx_word' id='word_1_65' title='bbox 363 1481 481 1548; x_wconf 76' lang='lat' dir='ltr'>kiadott‚</span> <span class='ocrx_word' id='word_1_66' title='bbox 492 1482 520 1531; x_wconf 76' lang='lat' dir='ltr'>es</span> <span class='ocrx_word' id='word_1_67' title='bbox 536 1487 603 1532; x_wconf 75' lang='lat'>1364</span> <span class='ocrx_word' id='word_1_68' title='bbox 618 1485 685 1534; x_wconf 78' lang='lat' dir='ltr'>febr.</span> <span class='ocrx_word' id='word_1_69' title='bbox 701 1483 764 1532; x_wconf 75' lang='lat' dir='ltr'>3·tn</span> <span class='ocrx_word' id='word_1_70' title='bbox 778 1483 838 1533; x_wconf 88' lang='lat' dir='ltr'>kelt</span> <span class='ocrx_word' id='word_1_71' title='bbox 850 1484 1014 1550; x_wconf 75' lang='lat' dir='ltr'>megerdsltb</span> <span class='ocrx_word' id='word_1_72' title='bbox 1028 1484 1196 1534; x_wconf 74' lang='lat' dir='ltr'>zer-aderrat</span> <span class='ocrx_word' id='word_1_73' title='bbox 1209 1485 1322 1536; x_wconf 77' lang='lat' dir='ltr'>ellitott</span> <span class='ocrx_word' id='word_1_74' title='bbox 1336 1485 1488 1550; x_wconf 78' lang='lat' dir='ltr'>privilegia·</span> <span class='ocrx_word' id='word_1_75' title='bbox 1579 1543 1580 1546; x_wconf 8' lang='grc' dir='ltr'><strong>Ἴ</strong></span> 
     </span>
     <span class='ocr_line' id='line_1_10' title="bbox 362 1573 1491 1639; baseline 0.001 -17"><span class='ocrx_word' id='word_1_76' title='bbox 362 1573 396 1622; x_wconf 91' lang='lat' dir='ltr'>lis</span> <span class='ocrx_word' id='word_1_77' title='bbox 409 1573 569 1638; x_wconf 67' lang='lat' dir='ltr'>senectuti,</span> <span class='ocrx_word' id='word_1_78' title='bbox 582 1573 712 1636; x_wconf 86' lang='lat' dir='ltr'>melyuek</span> <span class='ocrx_word' id='word_1_79' title='bbox 725 1573 855 1636; x_wconf 86' lang='lat' dir='ltr'>eredetije</span> <span class='ocrx_word' id='word_1_80' title='bbox 868 1589 987 1639; x_wconf 82' lang='lat' dir='ltr'>megvan</span> <span class='ocrx_word' id='word_1_81' title='bbox 1000 1590 1032 1624; x_wconf 84' lang='lat' dir='ltr'>az</span> <span class='ocrx_word' id='word_1_82' title='bbox 1046 1590 1115 1624; x_wconf 87' lang='lat' dir='ltr'>orsz.</span> <span class='ocrx_word' id='word_1_83' title='bbox 1130 1577 1160 1624; x_wconf 86' lang='lat' dir='ltr'>lt.</span> <span class='ocrx_word' id='word_1_84' title='bbox 1174 1577 1274 1626; x_wconf 82' lang='lat' dir='ltr'>kincst.</span> <span class='ocrx_word' id='word_1_85' title='bbox 1288 1582 1357 1624; x_wconf 84' lang='lat' dir='ltr'>oszt.</span> <span class='ocrx_word' id='word_1_86' title='bbox 1373 1577 1407 1624; x_wconf 79' lang='lat' dir='ltr'>N.</span> <span class='ocrx_word' id='word_1_87' title='bbox 1421 1577 1450 1624; x_wconf 85' lang='lat' dir='ltr'>R.</span> <span class='ocrx_word' id='word_1_88' title='bbox 1463 1579 1491 1623; x_wconf 71' lang='lat' dir='ltr'>A.</span> 
     </span>
     <span class='ocr_line' id='line_1_11' title="bbox 366 1662 1045 1726; baseline 0.007 -16"><span class='ocrx_word' id='word_1_89' title='bbox 366 1667 442 1712; x_wconf 83' lang='lat'>1537.</span> <span class='ocrx_word' id='word_1_90' title='bbox 456 1667 499 1713; x_wconf 84' lang='lat'>40.</span> <span class='ocrx_word' id='word_1_91' title='bbox 513 1662 580 1726; x_wconf 86' lang='lat' dir='ltr'>dipl.</span> <span class='ocrx_word' id='word_1_92' title='bbox 592 1669 659 1713; x_wconf 85' lang='lat' dir='ltr'>oszt.</span> <span class='ocrx_word' id='word_1_93' title='bbox 674 1668 753 1714; x_wconf 77' lang='lat'>4154.</span> <span class='ocrx_word' id='word_1_94' title='bbox 773 1664 872 1714; x_wconf 78' lang='lat' dir='ltr'>Kozli:</span> <span class='ocrx_word' id='word_1_95' title='bbox 892 1666 999 1714; x_wconf 74' lang='lat' dir='ltr'>Koraos</span> <span class='ocrx_word' id='word_1_96' title='bbox 1013 1666 1045 1715; x_wconf 88' lang='lat' dir='ltr'>N.</span> 
     </span>
    </p>
   </div>
   <div class='ocr_carea' id='block_1_5' title="bbox 894 1920 968 1982">
    <p class='ocr_par' dir='ltr' id='par_1_5' title="bbox 894 1920 968 1982">
     <span class='ocr_line' id='line_1_12' title="bbox 894 1920 968 1982; baseline -0.014 0"><span class='ocrx_word' id='word_1_97' title='bbox 894 1920 968 1982; x_wconf 79' lang='lat'>258.</span> 
     </span>
    </p>
   </div>
   <div class='ocr_carea' id='block_1_6' title="bbox 355 2076 1581 2380">
    <p class='ocr_par' dir='ltr' id='par_1_6' title="bbox 355 2076 1581 2380">
     <span class='ocr_line' id='line_1_13' title="bbox 366 2076 1581 2174; baseline -0.001 -31"><span class='ocrx_word' id='word_1_98' title='bbox 366 2081 460 2146; x_wconf 79' lang='lat'><em>1350.</em></span> <span class='ocrx_word' id='word_1_99' title='bbox 476 2102 543 2144; x_wconf 79' lang='lat' dir='ltr'>nov.</span> <span class='ocrx_word' id='word_1_100' title='bbox 563 2081 613 2144; x_wconf 81' lang='lat'>18.</span> <span class='ocrx_word' id='word_1_101' title='bbox 639 2079 777 2164; x_wconf 61' lang='lat' dir='ltr'>Appon</span> <span class='ocrx_word' id='word_1_102' title='bbox 799 2078 955 2164; x_wconf 68' lang='lat' dir='ltr'>lco&#39;ptakm</span> <span class='ocrx_word' id='word_1_103' title='bbox 980 2079 1052 2144; x_wconf 73' lang='lat' dir='ltr'>etto</span> <span class='ocrx_word' id='word_1_104' title='bbox 1074 2078 1197 2165; x_wconf 74' lang='lat' dir='ltr'>Olpyay</span> <span class='ocrx_word' id='word_1_105' title='bbox 1213 2076 1357 2164; x_wconf 64' lang='lat' dir='ltr'>Arzdpclu</span> <span class='ocrx_word' id='word_1_106' title='bbox 1375 2079 1491 2144; x_wconf 71' lang='lat' dir='ltr'>Ne&#39;nut</span> <span class='ocrx_word' id='word_1_107' title='bbox 1580 2135 1581 2174; x_wconf 58' lang='lat'>;</span> 
     </span>
     <span class='ocr_line' id='line_1_14' title="bbox 355 2175 1581 2274; baseline -0.005 -20"><span class='ocrx_word' id='word_1_108' title='bbox 355 2188 437 2274; x_wconf 81' lang='lat' dir='ltr'>fula</span> <span class='ocrx_word' id='word_1_109' title='bbox 453 2196 532 2252; x_wconf 72' lang='lat' dir='ltr'>creuit</span> <span class='ocrx_word' id='word_1_110' title='bbox 549 2187 691 2264; x_wconf 78' lang='lat' dir='ltr'>diriolcot,</span> <span class='ocrx_word' id='word_1_111' title='bbox 702 2187 813 2274; x_wconf 75' lang='lat' dir='ltr'>rrielyel</span> <span class='ocrx_word' id='word_1_112' title='bbox 829 2187 924 2252; x_wconf 69' lang='lat' dir='ltr'>astrol</span> <span class='ocrx_word' id='word_1_113' title='bbox 936 2184 1089 2252; x_wconf 67' lang='lat' dir='ltr'>Cselcldszi</span> <span class='ocrx_word' id='word_1_114' title='bbox 1103 2187 1259 2250; x_wconf 78' lang='lat' dir='ltr'>Bakenlb&#39;l</span> <span class='ocrx_word' id='word_1_115' title='bbox 1274 2187 1402 2263; x_wconf 72' lang='lat' dir='ltr'>bretoil,</span> <span class='ocrx_word' id='word_1_116' title='bbox 1413 2185 1491 2250; x_wconf 84' lang='lat' dir='ltr'>Bod-</span> <span class='ocrx_word' id='word_1_117' title='bbox 1580 2175 1581 2192; x_wconf 45' lang='lat'>¹</span> 
     </span>
     <span class='ocr_line' id='line_1_15' title="bbox 364 2293 1493 2380; baseline -0.001 -23"><span class='ocrx_word' id='word_1_118' title='bbox 364 2298 434 2379; x_wconf 69' lang='lat' dir='ltr'>aopi</span> <span class='ocrx_word' id='word_1_119' title='bbox 474 2295 616 2359; x_wconf 69' lang='lat' dir='ltr'>Benedet</span> <span class='ocrx_word' id='word_1_120' title='bbox 656 2295 869 2359; x_wconf 72' lang='lat' dir='ltr'>ezerr-ildrinczi</span> <span class='ocrx_word' id='word_1_121' title='bbox 910 2293 997 2380; x_wconf 72' lang='lat' dir='ltr'>Gyr&#39;ir·</span> <span class='ocrx_word' id='word_1_122' title='bbox 1038 2297 1218 2380; x_wconf 70' lang='lat' dir='ltr'>vdrrneqyei</span> <span class='ocrx_word' id='word_1_123' title='bbox 1256 2297 1416 2358; x_wconf 59' lang='lat' dir='ltr'>»remecurt-</span> <span class='ocrx_word' id='word_1_124' title='bbox 1446 2300 1493 2358; x_wconf 76' lang='lat' dir='ltr'>:ri-</span> 
     </span>
    </p>
   </div>
   <div class='ocr_carea' id='block_1_7' title="bbox 831 2401 1028 2486">
    <p class='ocr_par' dir='ltr' id='par_1_7' title="bbox 831 2401 1028 2486">
     <span class='ocr_line' id='line_1_16' title="bbox 831 2401 1028 2486; baseline 0 -22"><span class='ocrx_word' id='word_1_125' title='bbox 831 2401 919 2486; x_wconf 76' lang='lat' dir='ltr'>lopda</span> <span class='ocrx_word' id='word_1_126' title='bbox 940 2401 1028 2484; x_wconf 76' lang='lat' dir='ltr'>adju.</span> 
     </span>
    </p>
   </div>
   <div class='ocr_carea' id='block_1_8' title="bbox 367 2563 1494 2757">
    <p class='ocr_par' dir='ltr' id='par_1_8' title="bbox 367 2563 1494 2757">
     <span class='ocr_line' id='line_1_17' title="bbox 473 2563 1493 2649; baseline 0 -19"><span class='ocrx_word' id='word_1_127' title='bbox 473 2565 541 2630; x_wconf 90' lang='lat' dir='ltr'>Nos</span> <span class='ocrx_word' id='word_1_128' title='bbox 566 2564 744 2649; x_wconf 89' lang='lat' dir='ltr'>capitulum</span> <span class='ocrx_word' id='word_1_129' title='bbox 778 2563 964 2628; x_wconf 87' lang='lat' dir='ltr'>Jauriensis</span> <span class='ocrx_word' id='word_1_130' title='bbox 988 2563 1144 2628; x_wconf 81' lang='lat' dir='ltr'>ecclesie.</span> <span class='ocrx_word' id='word_1_131' title='bbox 1173 2615 1180 2630; x_wconf 91' lang='lat'><em>.</em></span> <span class='ocrx_word' id='word_1_132' title='bbox 1219 2563 1459 2648; x_wconf 84' lang='lat' dir='ltr'>significamus.</span> <span class='ocrx_word' id='word_1_133' title='bbox 1488 2617 1493 2629; x_wconf 91' lang='lat'><strong>.</strong></span> 
     </span>
     <span class='ocr_line' id='line_1_18' title="bbox 367 2671 1494 2757; baseline -0.004 -19"><span class='ocrx_word' id='word_1_134' title='bbox 367 2673 454 2754; x_wconf 88' lang='lat' dir='ltr'>quod</span> <span class='ocrx_word' id='word_1_135' title='bbox 470 2673 626 2756; x_wconf 85' lang='lat' dir='ltr'>magister</span> <span class='ocrx_word' id='word_1_136' title='bbox 642 2671 774 2737; x_wconf 91' lang='lat' dir='ltr'>Andich</span> <span class='ocrx_word' id='word_1_137' title='bbox 790 2671 874 2737; x_wconf 90' lang='lat' dir='ltr'>filius</span> <span class='ocrx_word' id='word_1_138' title='bbox 891 2671 982 2736; x_wconf 90' lang='lat' dir='ltr'>Petri</span> <span class='ocrx_word' id='word_1_139' title='bbox 998 2671 1058 2736; x_wconf 90' lang='lat' dir='ltr'>filii</span> <span class='ocrx_word' id='word_1_140' title='bbox 1074 2671 1208 2737; x_wconf 89' lang='lat' dir='ltr'>Andree</span> <span class='ocrx_word' id='word_1_141' title='bbox 1226 2673 1265 2737; x_wconf 90' lang='lat' dir='ltr'>de</span> <span class='ocrx_word' id='word_1_142' title='bbox 1282 2671 1374 2757; x_wconf 86' lang='lat' dir='ltr'>Ogey</span> <span class='ocrx_word' id='word_1_143' title='bbox 1384 2673 1494 2738; x_wconf 76' lang='lat' dir='ltr'>nobilis</span> 
     </span>
    </p>
   </div>
   <div class='ocr_carea' id='block_1_9' title="bbox 366 2779 1582 2858">
    <p class='ocr_par' dir='ltr' id='par_1_9' title="bbox 366 2779 1582 2858">
     <span class='ocr_line' id='line_1_19' title="bbox 366 2779 1582 2858; baseline -0.002 -12"><span class='ocrx_word' id='word_1_144' title='bbox 366 2785 416 2847; x_wconf 90' lang='lat' dir='ltr'>vir</span> <span class='ocrx_word' id='word_1_145' title='bbox 432 2782 471 2847; x_wconf 92' lang='lat' dir='ltr'>de</span> <span class='ocrx_word' id='word_1_146' title='bbox 488 2785 644 2849; x_wconf 86' lang='lat' dir='ltr'>comitatu</span> <span class='ocrx_word' id='word_1_147' title='bbox 661 2782 850 2846; x_wconf 89' lang='lat' dir='ltr'>Posoniensi</span> <span class='ocrx_word' id='word_1_148' title='bbox 867 2779 907 2844; x_wconf 91' lang='lat' dir='ltr'>de</span> <span class='ocrx_word' id='word_1_149' title='bbox 923 2779 1073 2845; x_wconf 85' lang='lat' dir='ltr'>districtu</span> <span class='ocrx_word' id='word_1_150' title='bbox 1089 2779 1265 2846; x_wconf 79' lang='lat' dir='ltr'>Olrollolruu</span> <span class='ocrx_word' id='word_1_151' title='bbox 1279 2803 1403 2858; x_wconf 86' lang='lat' dir='ltr'>exuua,</span> <span class='ocrx_word' id='word_1_152' title='bbox 1422 2783 1493 2846; x_wconf 86' lang='lat' dir='ltr'>item</span> <span class='ocrx_word' id='word_1_153' title='bbox 1581 2821 1582 2858; x_wconf 42' lang='lat' dir='ltr'>t</span> 
     </span>
    </p>
   </div>
   <div class='ocr_carea' id='block_1_10' title="bbox 366 2887 1582 3195">
    <p class='ocr_par' dir='ltr' id='par_1_10' title="bbox 366 2887 1582 3195">
     <span class='ocr_line' id='line_1_20' title="bbox 366 2887 1582 2974; baseline -0.004 -18"><span class='ocrx_word' id='word_1_154' title='bbox 366 2891 522 2974; x_wconf 85' lang='lat' dir='ltr'>magister</span> <span class='ocrx_word' id='word_1_155' title='bbox 537 2890 733 2956; x_wconf 79' lang='lat' dir='ltr'>Benedictus</span> <span class='ocrx_word' id='word_1_156' title='bbox 748 2890 853 2954; x_wconf 89' lang='lat' dir='ltr'>dictus</span> <span class='ocrx_word' id='word_1_157' title='bbox 870 2889 999 2954; x_wconf 65' lang='lat' dir='ltr'>‘Wcrew</span> <span class='ocrx_word' id='word_1_158' title='bbox 1025 2887 1111 2953; x_wconf 93' lang='lat' dir='ltr'>filius</span> <span class='ocrx_word' id='word_1_159' title='bbox 1127 2889 1218 2954; x_wconf 90' lang='lat' dir='ltr'>Petri</span> <span class='ocrx_word' id='word_1_160' title='bbox 1235 2889 1275 2953; x_wconf 90' lang='lat' dir='ltr'>de</span> <span class='ocrx_word' id='word_1_161' title='bbox 1292 2889 1428 2974; x_wconf 84' lang='lat' dir='ltr'>Budrug</span> <span class='ocrx_word' id='word_1_162' title='bbox 1445 2913 1494 2953; x_wconf 77' lang='lat' dir='ltr'>uo</span> <span class='ocrx_word' id='word_1_163' title='bbox 1581 2909 1582 2914; x_wconf 49' lang='lat'>¹</span> 
     </span>
     <span class='ocr_line' id='line_1_21' title="bbox 367 2998 1494 3074; baseline 0 -10"><span class='ocrx_word' id='word_1_164' title='bbox 367 2999 441 3065; x_wconf 92' lang='lat' dir='ltr'>bilis</span> <span class='ocrx_word' id='word_1_165' title='bbox 467 3001 506 3066; x_wconf 89' lang='lat' dir='ltr'>de</span> <span class='ocrx_word' id='word_1_166' title='bbox 531 2999 652 3066; x_wconf 87' lang='lat' dir='ltr'>Sancto</span> <span class='ocrx_word' id='word_1_167' title='bbox 672 3000 854 3065; x_wconf 89' lang='lat' dir='ltr'>Laurencio</span> <span class='ocrx_word' id='word_1_168' title='bbox 879 2999 919 3064; x_wconf 90' lang='lat' dir='ltr'>de</span> <span class='ocrx_word' id='word_1_169' title='bbox 943 3000 1100 3064; x_wconf 89' lang='lat' dir='ltr'>comitatu</span> <span class='ocrx_word' id='word_1_170' title='bbox 1124 2998 1295 3065; x_wconf 89' lang='lat' dir='ltr'>Jaurieusi</span> <span class='ocrx_word' id='word_1_171' title='bbox 1322 3021 1361 3064; x_wconf 85' lang='lat' dir='ltr'>ex</span> <span class='ocrx_word' id='word_1_172' title='bbox 1387 3000 1494 3074; x_wconf 79' lang='lat' dir='ltr'>alteru,</span> 
     </span>
     <span class='ocr_line' id='line_1_22' title="bbox 367 3109 1492 3195; baseline 0.002 -23"><span class='ocrx_word' id='word_1_173' title='bbox 367 3129 475 3175; x_wconf 88' lang='lat' dir='ltr'>coram</span> <span class='ocrx_word' id='word_1_174' title='bbox 500 3109 591 3175; x_wconf 91' lang='lat' dir='ltr'>nobis</span> <span class='ocrx_word' id='word_1_175' title='bbox 617 3110 829 3195; x_wconf 86' lang='lat' dir='ltr'>personaliter</span> <span class='ocrx_word' id='word_1_176' title='bbox 854 3111 1030 3188; x_wconf 89' lang='lat' dir='ltr'>constituti,</span> <span class='ocrx_word' id='word_1_177' title='bbox 1057 3131 1114 3194; x_wconf 87' lang='lat' dir='ltr'>per</span> <span class='ocrx_word' id='word_1_178' title='bbox 1142 3111 1278 3176; x_wconf 89' lang='lat' dir='ltr'>eundem</span> <span class='ocrx_word' id='word_1_179' title='bbox 1306 3111 1492 3193; x_wconf 85' lang='lat' dir='ltr'>magistrum</span> 
     </span>
    </p>
   </div>
   <div class='ocr_carea' id='block_1_11' title="bbox 261 3215 1495 3302">
    <p class='ocr_par' dir='ltr' id='par_1_11' title="bbox 261 3215 1495 3302">
     <span class='ocr_line' id='line_1_23' title="bbox 261 3215 1495 3302; baseline -0.002 -20"><span class='ocrx_word' id='word_1_180' title='bbox 261 3275 265 3282; x_wconf 94' lang='lat'>.</span> <span class='ocrx_word' id='word_1_181' title='bbox 366 3215 499 3282; x_wconf 90' lang='lat' dir='ltr'>Andich</span> <span class='ocrx_word' id='word_1_182' title='bbox 515 3218 715 3301; x_wconf 88' lang='lat' dir='ltr'>propositum</span> <span class='ocrx_word' id='word_1_183' title='bbox 732 3218 878 3282; x_wconf 87' lang='lat' dir='ltr'>exstitit.</span> <span class='ocrx_word' id='word_1_184' title='bbox 904 3265 911 3280; x_wconf 92' lang='lat'><strong>.</strong></span> <span class='ocrx_word' id='word_1_185' title='bbox 936 3217 969 3280; x_wconf 93' lang='lat' dir='ltr'>in</span> <span class='ocrx_word' id='word_1_186' title='bbox 985 3217 1070 3282; x_wconf 92' lang='lat' dir='ltr'>huno</span> <span class='ocrx_word' id='word_1_187' title='bbox 1087 3218 1225 3297; x_wconf 89' lang='lat' dir='ltr'>modum,</span> <span class='ocrx_word' id='word_1_188' title='bbox 1243 3218 1331 3299; x_wconf 91' lang='lat' dir='ltr'>quod</span> <span class='ocrx_word' id='word_1_189' title='bbox 1350 3219 1418 3302; x_wconf 88' lang='lat' dir='ltr'>ipse</span> <span class='ocrx_word' id='word_1_190' title='bbox 1428 3239 1495 3300; x_wconf 84' lang='lat' dir='ltr'>pos-</span> 
     </span>
    </p>
   </div>
   <div class='ocr_carea' id='block_1_12' title="bbox 367 3323 1503 4819">
    <p class='ocr_par' dir='ltr' id='par_1_12' title="bbox 367 3323 1503 4819">
     <span class='ocr_line' id='line_1_24' title="bbox 371 3323 1494 3390; baseline 0 -2"><span class='ocrx_word' id='word_1_191' title='bbox 371 3325 546 3390; x_wconf 85' lang='lat' dir='ltr'>sessionem</span> <span class='ocrx_word' id='word_1_192' title='bbox 561 3346 653 3390; x_wconf 89' lang='lat' dir='ltr'>suam</span> <span class='ocrx_word' id='word_1_193' title='bbox 668 3325 898 3390; x_wconf 86' lang='lat' dir='ltr'>hereditariam</span> <span class='ocrx_word' id='word_1_194' title='bbox 924 3323 965 3388; x_wconf 88' lang='lat' dir='ltr'>ab</span> <span class='ocrx_word' id='word_1_195' title='bbox 991 3345 1049 3388; x_wconf 83' lang='lat' dir='ltr'>avo</span> <span class='ocrx_word' id='word_1_196' title='bbox 1074 3347 1131 3390; x_wconf 93' lang='lat' dir='ltr'>suo</span> <span class='ocrx_word' id='word_1_197' title='bbox 1157 3325 1272 3390; x_wconf 79' lang='lat' dir='ltr'>Bulren</span> <span class='ocrx_word' id='word_1_198' title='bbox 1298 3325 1366 3390; x_wconf 94' lang='lat' dir='ltr'>filio</span> <span class='ocrx_word' id='word_1_199' title='bbox 1385 3325 1494 3390; x_wconf 81' lang='lat' dir='ltr'>Bulreu</span> 
     </span>
     <span class='ocr_line' id='line_1_25' title="bbox 368 3431 1496 3511; baseline 0.001 -14"><span class='ocrx_word' id='word_1_200' title='bbox 368 3433 429 3498; x_wconf 92' lang='lat' dir='ltr'>sibi</span> <span class='ocrx_word' id='word_1_201' title='bbox 445 3432 629 3498; x_wconf 74' lang='lat' dir='ltr'>devolutam</span> <span class='ocrx_word' id='word_1_202' title='bbox 646 3433 685 3497; x_wconf 92' lang='lat' dir='ltr'>de</span> <span class='ocrx_word' id='word_1_203' title='bbox 702 3431 834 3498; x_wconf 85' lang='lat' dir='ltr'>Ohekliz</span> <span class='ocrx_word' id='word_1_204' title='bbox 859 3437 890 3496; x_wconf 89' lang='lat' dir='ltr'>et</span> <span class='ocrx_word' id='word_1_205' title='bbox 910 3431 1087 3511; x_wconf 83' lang='lat' dir='ltr'>deventum,</span> <span class='ocrx_word' id='word_1_206' title='bbox 1103 3431 1320 3498; x_wconf 85' lang='lat' dir='ltr'>Nemethfolw</span> <span class='ocrx_word' id='word_1_207' title='bbox 1345 3441 1496 3510; x_wconf 77' lang='lat' dir='ltr'>vocatam,</span> 
     </span>
     <span class='ocr_line' id='line_1_26' title="bbox 367 3539 1497 3608; baseline -0.002 -2"><span class='ocrx_word' id='word_1_208' title='bbox 367 3541 402 3606; x_wconf 92' lang='lat' dir='ltr'>in</span> <span class='ocrx_word' id='word_1_209' title='bbox 418 3541 503 3606; x_wconf 86' lang='lat' dir='ltr'>dicto</span> <span class='ocrx_word' id='word_1_210' title='bbox 519 3543 674 3608; x_wconf 86' lang='lat' dir='ltr'>comitatu</span> <span class='ocrx_word' id='word_1_211' title='bbox 690 3540 880 3606; x_wconf 89' lang='lat' dir='ltr'>Posoniensi</span> <span class='ocrx_word' id='word_1_212' title='bbox 896 3539 929 3604; x_wconf 91' lang='lat' dir='ltr'>iu</span> <span class='ocrx_word' id='word_1_213' title='bbox 946 3539 1058 3605; x_wconf 90' lang='lat' dir='ltr'>eadem</span> <span class='ocrx_word' id='word_1_214' title='bbox 1077 3541 1254 3608; x_wconf 82' lang='lat' dir='ltr'>Ohollokuz</span> <span class='ocrx_word' id='word_1_215' title='bbox 1279 3543 1314 3606; x_wconf 90' lang='lat' dir='ltr'>iu</span> <span class='ocrx_word' id='word_1_216' title='bbox 1330 3543 1497 3608; x_wconf 78' lang='lat' dir='ltr'>vicinitati·</span> 
     </span>
     <span class='ocr_line' id='line_1_27' title="bbox 368 3648 1498 3716; baseline 0 -2"><span class='ocrx_word' id='word_1_217' title='bbox 368 3651 427 3715; x_wconf 90' lang='lat' dir='ltr'>bus</span> <span class='ocrx_word' id='word_1_218' title='bbox 443 3650 593 3716; x_wconf 82' lang='lat' dir='ltr'>villarum</span> <span class='ocrx_word' id='word_1_219' title='bbox 610 3650 718 3716; x_wconf 78' lang='lat' dir='ltr'>Beelre</span> <span class='ocrx_word' id='word_1_220' title='bbox 735 3650 827 3714; x_wconf 87' lang='lat' dir='ltr'>Poka</span> <span class='ocrx_word' id='word_1_221' title='bbox 844 3648 980 3715; x_wconf 84' lang='lat' dir='ltr'>Samoth</span> <span class='ocrx_word' id='word_1_222' title='bbox 996 3650 1133 3715; x_wconf 84' lang='lat' dir='ltr'>Wzsaur</span> <span class='ocrx_word' id='word_1_223' title='bbox 1160 3649 1339 3716; x_wconf 82' lang='lat' dir='ltr'>Nemctsclr</span> <span class='ocrx_word' id='word_1_224' title='bbox 1364 3651 1498 3716; x_wconf 85' lang='lat' dir='ltr'>eristen·</span> 
     </span>
     <span class='ocr_line' id='line_1_28' title="bbox 368 3757 1497 3842; baseline -0.002 -20"><span class='ocrx_word' id='word_1_225' title='bbox 368 3763 434 3824; x_wconf 88' lang='lat' dir='ltr'>tem</span> <span class='ocrx_word' id='word_1_226' title='bbox 450 3757 604 3837; x_wconf 82' lang='lat' dir='ltr'>habitam,</span> <span class='ocrx_word' id='word_1_227' title='bbox 621 3781 692 3824; x_wconf 89' lang='lat' dir='ltr'>oum</span> <span class='ocrx_word' id='word_1_228' title='bbox 709 3759 775 3822; x_wconf 91' lang='lat' dir='ltr'>suis</span> <span class='ocrx_word' id='word_1_229' title='bbox 792 3757 988 3823; x_wconf 89' lang='lat' dir='ltr'>utilitatibus</span> <span class='ocrx_word' id='word_1_230' title='bbox 1005 3807 1011 3822; x_wconf 96' lang='lat'>.</span> <span class='ocrx_word' id='word_1_231' title='bbox 1028 3807 1035 3822; x_wconf 90' lang='lat'>.</span> <span class='ocrx_word' id='word_1_232' title='bbox 1060 3780 1119 3842; x_wconf 91' lang='lat' dir='ltr'>pro</span> <span class='ocrx_word' id='word_1_233' title='bbox 1144 3759 1364 3842; x_wconf 82' lang='lat' dir='ltr'>quadraginta</span> <span class='ocrx_word' id='word_1_234' title='bbox 1382 3759 1497 3824; x_wconf 85' lang='lat' dir='ltr'>marcis</span> 
     </span>
     <span class='ocr_line' id='line_1_29' title="bbox 369 3865 1496 3948; baseline -0.001 -18"><span class='ocrx_word' id='word_1_235' title='bbox 369 3867 512 3930; x_wconf 86' lang='lat' dir='ltr'>latorum</span> <span class='ocrx_word' id='word_1_236' title='bbox 542 3866 749 3932; x_wconf 87' lang='lat' dir='ltr'>denariorum</span> <span class='ocrx_word' id='word_1_237' title='bbox 774 3865 990 3946; x_wconf 86' lang='lat' dir='ltr'>wiennesium‚</span> <span class='ocrx_word' id='word_1_238' title='bbox 1016 3887 1159 3931; x_wconf 91' lang='lat' dir='ltr'>marcam</span> <span class='ocrx_word' id='word_1_239' title='bbox 1185 3865 1366 3948; x_wconf 75' lang='lat' dir='ltr'>quamlibet</span> <span class='ocrx_word' id='word_1_240' title='bbox 1388 3865 1496 3930; x_wconf 88' lang='lat' dir='ltr'>decem</span> 
     </span>
     <span class='ocr_line' id='line_1_30' title="bbox 369 3973 1498 4057; baseline -0.002 -19"><span class='ocrx_word' id='word_1_241' title='bbox 369 3974 477 4057; x_wconf 92' lang='lat' dir='ltr'>pensis</span> <span class='ocrx_word' id='word_1_242' title='bbox 494 3973 717 4056; x_wconf 71' lang='lat' dir='ltr'>computando</span> <span class='ocrx_word' id='word_1_243' title='bbox 733 3995 753 4038; x_wconf 89' lang='lat' dir='ltr'>a</span> <span class='ocrx_word' id='word_1_244' title='bbox 769 3973 914 4057; x_wconf 82' lang='lat' dir='ltr'>proxime</span> <span class='ocrx_word' id='word_1_245' title='bbox 929 3995 1015 4038; x_wconf 91' lang='lat' dir='ltr'>nunc</span> <span class='ocrx_word' id='word_1_246' title='bbox 1031 3978 1165 4038; x_wconf 85' lang='lat' dir='ltr'>venturo</span> <span class='ocrx_word' id='word_1_247' title='bbox 1182 3973 1264 4039; x_wconf 87' lang='lat' dir='ltr'>festo</span> <span class='ocrx_word' id='word_1_248' title='bbox 1280 3973 1375 4038; x_wconf 87' lang='lat' dir='ltr'>beate</span> <span class='ocrx_word' id='word_1_249' title='bbox 1391 3973 1498 4038; x_wconf 79' lang='lat' dir='ltr'>Elias-</span> 
     </span>
     <span class='ocr_line' id='line_1_31' title="bbox 369 4081 1498 4164; baseline -0.005 -16"><span class='ocrx_word' id='word_1_250' title='bbox 369 4083 566 4164; x_wconf 84' lang='lat' dir='ltr'>beth&#39;usque</span> <span class='ocrx_word' id='word_1_251' title='bbox 586 4083 629 4148; x_wconf 90' lang='lat' dir='ltr'>ad</span> <span class='ocrx_word' id='word_1_252' title='bbox 655 4083 801 4164; x_wconf 86' lang='lat' dir='ltr'>quintam</span> <span class='ocrx_word' id='word_1_253' title='bbox 818 4083 1053 4148; x_wconf 85' lang='lat' dir='ltr'>revolucioncm</span> <span class='ocrx_word' id='word_1_254' title='bbox 1079 4083 1222 4160; x_wconf 84' lang='lat' dir='ltr'>eiusdem</span> <span class='ocrx_word' id='word_1_255' title='bbox 1245 4083 1330 4161; x_wconf 86' lang='lat' dir='ltr'>festi,</span> <span class='ocrx_word' id='word_1_256' title='bbox 1355 4103 1413 4148; x_wconf 91' lang='lat' dir='ltr'>nec</span> <span class='ocrx_word' id='word_1_257' title='bbox 1438 4081 1498 4146; x_wconf 88' lang='lat' dir='ltr'>sibi</span> 
     </span>
     <span class='ocr_line' id='line_1_32' title="bbox 369 4191 1499 4276; baseline -0.003 -20"><span class='ocrx_word' id='word_1_258' title='bbox 369 4193 431 4275; x_wconf 89' lang='lat' dir='ltr'>ipsi</span> <span class='ocrx_word' id='word_1_259' title='bbox 447 4214 505 4258; x_wconf 92' lang='lat' dir='ltr'>nec</span> <span class='ocrx_word' id='word_1_260' title='bbox 521 4193 595 4258; x_wconf 86' lang='lat' dir='ltr'>aliis</span> <span class='ocrx_word' id='word_1_261' title='bbox 611 4191 766 4276; x_wconf 87' lang='lat' dir='ltr'>proximis</span> <span class='ocrx_word' id='word_1_262' title='bbox 783 4193 858 4270; x_wconf 85' lang='lat' dir='ltr'>suis,</span> <span class='ocrx_word' id='word_1_263' title='bbox 875 4193 927 4256; x_wconf 89' lang='lat' dir='ltr'>cui</span> <span class='ocrx_word' id='word_1_264' title='bbox 937 4193 989 4256; x_wconf 86' lang='lat' dir='ltr'>vel</span> <span class='ocrx_word' id='word_1_265' title='bbox 999 4191 1117 4274; x_wconf 91' lang='lat' dir='ltr'>quibus</span> <span class='ocrx_word' id='word_1_266' title='bbox 1137 4192 1280 4258; x_wconf 90' lang='lat' dir='ltr'>eiusdem</span> <span class='ocrx_word' id='word_1_267' title='bbox 1290 4191 1499 4276; x_wconf 85' lang='lat' dir='ltr'>possessionis</span> 
     </span>
     <span class='ocr_line' id='line_1_33' title="bbox 368 4297 1499 4384; baseline -0.002 -20"><span class='ocrx_word' id='word_1_268' title='bbox 368 4299 528 4366; x_wconf 88' lang='lat' dir='ltr'>redemcio</span> <span class='ocrx_word' id='word_1_269' title='bbox 568 4302 745 4384; x_wconf 89' lang='lat' dir='ltr'>pertineret</span> <span class='ocrx_word' id='word_1_270' title='bbox 780 4305 854 4365; x_wconf 87' lang='lat' dir='ltr'>ante</span> <span class='ocrx_word' id='word_1_271' title='bbox 885 4297 1114 4380; x_wconf 86' lang='lat' dir='ltr'>redimendam,</span> <span class='ocrx_word' id='word_1_272' title='bbox 1140 4301 1315 4384; x_wconf 83' lang='lat' dir='ltr'>pignori..</span> <span class='ocrx_word' id='word_1_273' title='bbox 1346 4299 1499 4383; x_wconf 83' lang='lat' dir='ltr'>obligavit</span> 
     </span>
     <span class='ocr_line' id='line_1_34' title="bbox 369 4407 1501 4493; baseline -0.004 -18"><span class='ocrx_word' id='word_1_274' title='bbox 369 4431 478 4476; x_wconf 90' lang='lat' dir='ltr'>coram</span> <span class='ocrx_word' id='word_1_275' title='bbox 494 4409 585 4476; x_wconf 91' lang='lat' dir='ltr'>nobis</span> <span class='ocrx_word' id='word_1_276' title='bbox 602 4410 664 4492; x_wconf 91' lang='lat' dir='ltr'>ipsi</span> <span class='ocrx_word' id='word_1_277' title='bbox 679 4409 836 4493; x_wconf 87' lang='lat' dir='ltr'>magistro</span> <span class='ocrx_word' id='word_1_278' title='bbox 861 4407 1038 4474; x_wconf 89' lang='lat' dir='ltr'>Benedicto</span> <span class='ocrx_word' id='word_1_279' title='bbox 1063 4407 1150 4475; x_wconf 86' lang='lat' dir='ltr'>dicto</span> <span class='ocrx_word' id='word_1_280' title='bbox 1166 4409 1296 4474; x_wconf 84' lang='lat' dir='ltr'>Wcrew</span> <span class='ocrx_word' id='word_1_281' title='bbox 1314 4415 1347 4474; x_wconf 85' lang='lat' dir='ltr'>et</span> <span class='ocrx_word' id='word_1_282' title='bbox 1364 4409 1431 4476; x_wconf 87' lang='lat' dir='ltr'>suis</span> <span class='ocrx_word' id='word_1_283' title='bbox 1447 4407 1501 4472; x_wconf 79' lang='lat' dir='ltr'>he</span> 
     </span>
     <span class='ocr_line' id='line_1_35' title="bbox 370 4515 1502 4601; baseline -0.003 -21"><span class='ocrx_word' id='word_1_284' title='bbox 370 4517 501 4582; x_wconf 87' lang='lat' dir='ltr'>redibus</span> <span class='ocrx_word' id='word_1_285' title='bbox 518 4539 618 4601; x_wconf 85' lang='lat' dir='ltr'>usquc</span> <span class='ocrx_word' id='word_1_286' title='bbox 634 4516 791 4600; x_wconf 78' lang='lat' dir='ltr'>prefixum</span> <span class='ocrx_word' id='word_1_287' title='bbox 816 4517 991 4582; x_wconf 89' lang='lat' dir='ltr'>terminum</span> <span class='ocrx_word' id='word_1_288' title='bbox 1021 4515 1297 4599; x_wconf 87' lang='lat' dir='ltr'>possidendam..</span> <span class='ocrx_word' id='word_1_289' title='bbox 1322 4521 1356 4580; x_wconf 85' lang='lat' dir='ltr'>et</span> <span class='ocrx_word' id='word_1_290' title='bbox 1375 4517 1502 4580; x_wconf 85' lang='lat' dir='ltr'>nomine</span> 
     </span>
     <span class='ocr_line' id='line_1_36' title="bbox 372 4623 1503 4708; baseline 0.001 -21"><span class='ocrx_word' id='word_1_291' title='bbox 372 4623 451 4688; x_wconf 89' lang='lat' dir='ltr'>iuris</span> <span class='ocrx_word' id='word_1_292' title='bbox 485 4625 735 4708; x_wconf 85' lang='lat' dir='ltr'>impignoraticii</span> <span class='ocrx_word' id='word_1_293' title='bbox 775 4625 938 4708; x_wconf 89' lang='lat' dir='ltr'>utendam,</span> <span class='ocrx_word' id='word_1_294' title='bbox 963 4623 1087 4690; x_wconf 91' lang='lat' dir='ltr'>nullum</span> <span class='ocrx_word' id='word_1_295' title='bbox 1116 4627 1167 4690; x_wconf 88' lang='lat' dir='ltr'>ius</span> <span class='ocrx_word' id='word_1_296' title='bbox 1184 4676 1213 4690; x_wconf 93' lang='lat'>..</span> <span class='ocrx_word' id='word_1_297' title='bbox 1238 4643 1343 4706; x_wconf 91' lang='lat' dir='ltr'>usquc</span> <span class='ocrx_word' id='word_1_298' title='bbox 1374 4631 1503 4707; x_wconf 86' lang='lat' dir='ltr'>tempus</span> 
     </span>
     <span class='ocr_line' id='line_1_37' title="bbox 370 4731 1503 4819; baseline 0 -23"><span class='ocrx_word' id='word_1_299' title='bbox 370 4731 528 4814; x_wconf 87' lang='lat' dir='ltr'>prefixum</span> <span class='ocrx_word' id='word_1_300' title='bbox 545 4732 606 4797; x_wconf 92' lang='lat' dir='ltr'>sibi</span> <span class='ocrx_word' id='word_1_301' title='bbox 629 4741 662 4798; x_wconf 87' lang='lat' dir='ltr'>et</span> <span class='ocrx_word' id='word_1_302' title='bbox 677 4736 743 4802; x_wconf 90' lang='lat' dir='ltr'>suis</span> <span class='ocrx_word' id='word_1_303' title='bbox 761 4733 1005 4819; x_wconf 86' lang='lat' dir='ltr'>posteritatibus</span> <span class='ocrx_word' id='word_1_304' title='bbox 1030 4735 1064 4800; x_wconf 92' lang='lat' dir='ltr'>iu</span> <span class='ocrx_word' id='word_1_305' title='bbox 1090 4733 1201 4800; x_wconf 88' lang='lat' dir='ltr'>eadem</span> <span class='ocrx_word' id='word_1_306' title='bbox 1227 4733 1428 4818; x_wconf 80' lang='lat' dir='ltr'>possessione</span> <span class='ocrx_word' id='word_1_307' title='bbox 1454 4753 1503 4796; x_wconf 77' lang='lat' dir='ltr'>re</span> 
     </span>
    </p>
   </div>
   <div class='ocr_carea' id='block_1_13' title="bbox 0 0 1611 5470">
    <p class='ocr_par' dir='ltr' id='par_1_13' title="bbox 0 0 1611 5470">
     <span class='ocr_line' id='line_1_38' title="bbox 0 0 1611 5470; baseline 0 0"><span class='ocrx_word' id='word_1_308' title='bbox 0 0 1611 5470; x_wconf 95' lang='lat' dir='ltr'> </span> 
     </span>
    </p>
   </div>
  </div>
 </body>
</html>
