3226 5462
372 491 413 552 72
728 506 914 553 nxuouxoar
931 489 1146 551 oxulurnix.

374 667 502 752 preberi
521 666 710 751 postularat,
722 688 780 751 pro
796 689 833 733 eo
849 668 882 732 in
899 667 1016 735 iudicio
1033 667 1137 750 regali
1152 668 1362 751 persolvendo
1378 671 1512 735 easdem

374 776 519 842 dominas
561 776 823 846 commiseramus
863 776 1023 842 convictas
1061 777 1227 857 extitisse3
1266 777 1396 844 tandem
1429 778 1515 862 ipsis

374 883 495 950 octavis
511 883 760 964 occurrentibus,
777 884 959 968 sepedictus
975 883 1079 949 frater
1090 881 1264 950 Ladislaus
1280 907 1338 967 pro
1354 885 1513 972 predictis

374 995 534 1079 religiosis
551 994 742 1062 dominabus
759 1047 765 1060 .
783 1047 790 1061 .
807 997 885 1061 item
902 1015 961 1080 pro
986 1000 1157 1079 prenotato
1182 994 1325 1078 caluitulo
1341 992 1514 1078 Quinque-

375 1102 558 1169 ecclesionsi
576 1102 761 1187 Stephanus
777 1103 928 1169 literatus
945 1153 953 1167 .
968 1152 975 1166 .
992 1101 1034 1168 ad
1050 1107 1195 1168 nostram
1220 1101 1411 1168 accedentes
1438 1123 1513 1186 pre-

376 1212 527 1295 senciam,
542 1211 654 1277 literas
670 1213 807 1294 predicti
824 1217 994 1278 conventus
1010 1209 1310 1276 Peobwaradiensis
1327 1231 1424 1294 super
1441 1231 1515 1293 pre·

377 1320 483 1384 missis
499 1319 590 1385 nobis
607 1319 871 1404 rescripcionales
888 1320 1159 1396 demonstrarunt,
1176 1319 1260 1384 inter
1277 1325 1385 1384 cetera
1409 1319 1514 1384 eonti-

378 1433 499 1510 nentes,
524 1427 608 1510 quod
633 1426 717 1493 idem
749 1434 922 1494 conventus
953 1447 1034 1493 cum
1058 1425 1194 1492 Nicolao
1227 1426 1265 1492 de
1290 1427 1428 1511 Bogdan
1455 1449 1515 1510 pro

378 1541 471 1620 parte
486 1535 587 1620 ipsius
603 1535 735 1619 capituli
752 1542 785 1601 et
800 1535 926 1601 Jacobo
941 1535 981 1600 de
997 1531 1115 1620 Gyogh
1141 1555 1200 1619 pro
1216 1541 1309 1618 parte
1325 1536 1514 1600 earumdem

380 1692 412 1708 ..
437 1642 717 1708 sanctimonalium
742 1643 924 1708 bominibus
950 1643 1077 1722 nostris,
1103 1640 1270 1707 Andream
1296 1643 1335 1709 de
1359 1643 1459 1728 Hyrd
1485 1649 1517 1708 et

380 1750 512 1816 fratrem
529 1750 554 1814 J
555 1749 714 1816 ohannem
731 1751 913 1817 secerdotes
938 1773 997 1835 pro
1023 1752 1169 1833 utrisque
1185 1749 1333 1834 partibus
1349 1772 1409 1834 pro
1424 1752 1517 1816 testi-

380 1859 497 1924 moniis
513 1859 739 1942 destinassent,
756 1860 812 1943 qui
829 1858 959 1943 quidem
975 1859 1119 1923 homines
1139 1857 1242 1923 nostri
1268 1864 1301 1923 et
1326 1859 1516 1924 testimonia

381 1965 523 2031 eiusdem
539 1971 713 2032 conventus
724 2019 729 2031 .
741 2016 748 2031 .
758 1966 861 2031 eidem
877 1967 1045 2032 conventui
1057 1987 1095 2031 eo
1105 1965 1199 2030 modo
1216 1965 1413 2045 retulissent,
1427 1965 1516 2050 quod

383 2073 460 2139 licet
475 2073 538 2158 ipsi
554 2074 587 2138 in
604 2073 756 2158 predictis
782 2074 903 2140 octavis
923 2074 1011 2139 beati
1036 2070 1172 2157 Georgii
1198 2073 1344 2139 martiris
1368 2075 1516 2158 proxime

385 2187 464 2247 tunc
483 2181 647 2264 preteritis
665 2231 671 2246 .
689 2233 695 2247 .
712 2182 753 2246 ad
780 2181 877 2248 facies
903 2182 1140 2266 possessionum
1168 2181 1330 2264 ReremuS,
1356 2181 1518 2258 Harazth,

388 2287 541 2372 Voyzlou,
572 2289 739 2356 Keherieb
765 2297 797 2355 et
826 2289 940 2356 Lusuk
970 2295 1157 2355 vocatarum
1182 2295 1215 2354 et
1241 2295 1402 2355 terrarum
1431 2291 1519 2355 inter·

387 2396 515 2462 easdem
524 2403 634 2480 partes
644 2397 858 2480 litigiosarum
876 2398 1087 2464 accessissent
1096 2403 1129 2462 et
1139 2397 1268 2463 easdem
1279 2398 1371 2463 iuxta
1380 2397 1518 2462 sormam

386 2507 488 2574 nostri
504 2507 614 2574 iudicii
639 2515 735 2592 prout
750 2507 784 2572 in
800 2505 954 2591 predictis
970 2507 1073 2574 literis
1086 2508 1204 2572 nostris
1221 2499 1382 2588 prioribus
1399 2505 1519 2570 seriose

387 2616 614 2694 contineretur,
630 2617 734 2700 primo
750 2637 770 2681 a
786 2614 912 2680 duabus
937 2615 1032 2680 metis
1050 2615 1173 2696 terreis,
1201 2635 1280 2695 quas
1306 2612 1464 2680 Nicolaus
1480 2613 1519 2678 de

387 2723 504 2790 Kasuk
520 2730 709 2807 procurator
725 2723 910 2788 earumdem
927 2723 1130 2788 dominarum
1140 2722 1228 2788 ultra
1237 2729 1370 2806 pratum
1382 2743 1518 2806 parvum

389 2833 479 2896 iuxta
502 2837 623 2896 terram
649 2831 784 2914 predicti
809 2830 944 2914 capituli
970 2830 1171 2910 ostendisset,
1196 2831 1352 2914 magister
1376 2829 1519 2896 Michael

389 2939 562 3005 canonicus
571 2937 656 3005 dicte
666 2938 798 3004 ecclesie
809 2935 1164 3022 Quinqueeoclesiensis
1174 2945 1364 3022 procurator
1374 2938 1518 3003 eiusdem

390 3039 525 3131 capituli
541 3046 618 3113 illas
635 3046 721 3114 inter
736 3051 856 3112 terram
873 3046 1010 3131 predicti
1026 3046 1161 3130 capituli
1173 3053 1205 3110 et
1221 3045 1353 3111 ecclesie
1370 3047 1409 3110 de
1426 3043 1520 3111 Okur

393 3154 1521 3234 foreasseruissetdebincautemaliasmetasscilicetterreasarboreas
1588 3130 1594 3145 ⁰

392 3270 425 3329 et
450 3263 483 3328 in
509 3284 595 3345 aqua
621 3263 821 3344 ostendisset,
847 3283 928 3346 quas
954 3262 1103 3328 similiter
1134 3262 1297 3346 predictus
1329 3268 1521 3346 procurator

392 3373 493 3458 ipsius
509 3373 643 3457 capituli
659 3373 727 3438 fore
751 3373 924 3456 allegasset
948 3373 1086 3437 existere
1104 3373 1137 3436 in
1153 3376 1242 3436 terre
1258 3369 1395 3452 capituli
1411 3391 1521 3452 supra-

393 3481 489 3560 dioti3
512 3501 696 3550 econverso
712 3487 820 3546 autem
846 3480 1029 3562 ubicunque
1055 3485 1244 3562 procurator
1268 3478 1371 3560 ipsius
1387 3477 1522 3561 capituli

394 3587 742 3672 Quinqueecolosiensis
758 3588 885 3670 aliquas
905 3594 1008 3653 metas
1033 3587 1236 3665 ostendisset,
1262 3591 1453 3670 procurator
1469 3605 1521 3649 ea-

394 3695 540 3761 rumdem
556 3744 562 3759 .
580 3744 586 3760 .
602 3695 804 3760 dominarum
820 3694 963 3760 totaliter
982 3715 1051 3760 esse
1073 3693 1246 3777 allegasset
1264 3695 1296 3758 in
1315 3699 1406 3758 terra
1425 3692 1524 3757 domi-

395 3824 511 3868 narum
526 3803 757 3886 predictarum
773 3808 806 3866 et
817 3804 894 3886 quia
910 3803 1047 3868 viciniat
1057 3801 1268 3868 commetanei
1283 3801 1522 3885 possessionum

396 3917 609 3994 utrarumque
633 3911 780 3994 parcium
805 3911 959 3994 premisse
984 3909 1237 3976 reambulsoioni
1268 3915 1301 3974 et
1324 3907 1525 3974 estimaeioni

397 4039 506 4084 omnes
521 4019 675 4084 interesse
691 4039 755 4084 non
771 4020 959 4102 potuissent,
974 4018 1045 4084 ideo
1055 4018 1117 4102 ipsi
1134 4017 1352 4084 continencias
1368 4015 1525 4100 predicta-

312 4127 314 4133 ’
398 4149 470 4194 rum
493 4127 661 4192 literarum
686 4133 870 4193 nostrarum
894 4125 1025 4191 minime
1050 4127 1164 4207 exequi
1189 4126 1378 4209 potuissent,
1404 4123 1457 4188 sed
1482 4123 1525 4188 ad

398 4235 559 4320 predictas
587 4241 715 4300 octavas
740 4233 815 4300 festi
831 4235 1039 4300 Pentecostes
1064 4239 1172 4298 nostre
1197 4231 1426 4298 deliberacioni
1440 4251 1525 4296 oom-

399 4344 579 4423 misissent3
602 4365 622 4408 a
647 4341 764 4426 quibus
793 4342 922 4425 quidem
947 4344 1069 4409 octavis
1095 4341 1168 4407 festi
1193 4341 1402 4406 Pentecostes
1426 4339 1527 4422 ipsius

399 4471 495 4519 cause
510 4450 776 4518 deliberacionem
802 4451 841 4516 de
866 4451 1084 4534 legitimorum
1111 4455 1357 4534 procuratorum
1382 4448 1526 4532 parcium

400 4561 564 4626 voluntate
580 4567 667 4626 statu
683 4561 716 4625 in
733 4561 843 4625 eodem
854 4561 895 4625 ad
906 4565 1034 4625 octavas
1050 4559 1123 4624 festi
1134 4546 1286 4625 Omnium
1298 4555 1490 4622 Sanctorum
1507 4577 1527 4620 a

401 4677 479 4736 tunc
494 4676 644 4736 venturas
669 4670 862 4735 duxeramus
888 4669 1143 4753 prorogandam
1167 4667 1297 4733 tandem
1313 4665 1391 4747 ipsis
1407 4665 1526 4730 octavis
