3138 5462
952 289 958 320 l
972 333 974 338 ,

334 387 337 398 ’
365 413 428 472 120
723 424 910 471 nrrounonr
927 411 1139 472 onulurrlu.

363 588 477 687 bnlare
503 610 561 654 nec
590 609 779 653 mensurare
804 609 861 652 neo
886 589 987 652 eciam
1012 587 1164 652 estimare
1189 587 1377 672 potuissent,
1402 591 1476 656 iuria

364 697 640 766 adiudioacionem
667 703 812 762 nostram
838 703 1061 781 prenotatam,
1093 697 1260 764 retulisset
1285 700 1385 764 eciam
1407 698 1478 764 idem

363 809 459 873 bomo
474 807 591 890 regina,
608 807 694 889 quod
709 807 786 872 olim
802 828 912 872 versus
937 812 1063 872 meatus
1080 827 1164 887 aque
1181 805 1276 891 Sapo,
1302 827 1366 888 que
1381 807 1477 874 fuisset

365 921 451 980 meta
482 915 667 980 earumdem
699 915 837 980 duarum
866 915 1105 998 possessionum
1130 915 1299 1002 Hydwegh
1332 923 1364 980 et
1388 915 1478 982 Olnud

365 1024 583 1106 discurrentis
608 1045 717 1089 versus
734 1025 839 1107 ipsam
865 1026 1097 1107 possessionem
1123 1023 1231 1090 Olnad
1257 1025 1339 1089 duas
1363 1024 1479 1090 circula·

366 1133 472 1196 rioues
488 1137 562 1214 post
577 1151 646 1196 sese
662 1133 798 1196 invicem
814 1131 910 1216 vulgo
926 1133 1054 1218 Zygeth
1069 1137 1201 1198 vocatas
1220 1133 1371 1199 fecissent
1386 1133 1416 1196 in
1431 1155 1478 1198 suo

365 1261 469 1318 eursu,
494 1259 556 1320 que
573 1239 702 1321 quidem
718 1259 804 1322 aqna
819 1262 904 1305 nnnc
920 1243 1061 1324 primum
1077 1247 1219 1306 meatum
1235 1241 1267 1306 in
1284 1240 1402 1306 eisdem
1417 1241 1480 1305 dua-

364 1349 424 1414 bus
441 1347 709 1414 oirculacionibus
726 1349 946 1432 relinquendo,
962 1351 1105 1432 rupisset
1121 1349 1182 1415 sibi
1211 1356 1353 1414 meatum
1377 1348 1481 1414 directe

365 1457 450 1520 inter
459 1463 561 1520 metas
572 1461 604 1520 et
613 1456 731 1521 limites
747 1459 956 1540 possessionis
969 1457 1138 1542 Hyduegb
1154 1463 1332 1541 prenotate.
1348 1455 1481 1540 Quarum

365 1565 534 1630 literarum
549 1564 699 1646 perlectis
715 1566 934 1648 continenoiis,
960 1567 1037 1648 quia
1056 1566 1200 1650 predicte
1225 1565 1385 1649 particule
1408 1571 1482 1629 terre

367 1678 400 1737 et
425 1673 589 1757 piscature
614 1694 671 1755 per
695 1673 877 1757 predictum
902 1674 1068 1739 dominum
1094 1675 1277 1758 episcopum
1303 1673 1482 1756 Agriensen

369 1780 497 1844 nomine
513 1781 594 1844 iuris
610 1779 696 1845 dicto
712 1781 845 1846 ecclesie
862 1803 918 1846 sue
933 1781 1104 1864 Agriensis
1115 1783 1207 1846 inrta
1222 1781 1482 1848 adiudicaoionem

368 1894 513 1954 nostram
529 1889 736 1971 recaptivate,
756 1894 902 1972 tempore
918 1892 1073 1972 premisse
1089 1889 1358 1954 reambulaoionis
1375 1909 1484 1972 posses-

370 1996 509 2062 sionarie
534 1997 692 2079 premissa
716 1997 846 2061 racione
863 2018 922 2062 nec
937 1997 1134 2063 reambulari
1159 2019 1218 2063 neo
1242 1999 1420 2063 mensurari
1436 2017 1483 2061 nec

369 2105 470 2168 eciam
488 2105 631 2169 estimari
647 2106 790 2188 potuisse
801 2106 1055 2190 reperiebantur,
1072 2112 1105 2171 et
1121 2106 1244 2186 absque
1260 2107 1380 2171 iterata
1395 2127 1482 2169 ream·
1549 2154 1550 2194 ,

368 2210 537 2276 bulacionc
568 2211 652 2276 dicte
684 2213 842 2295 particule
873 2219 959 2278 terre
985 2221 1017 2279 et
1041 2215 1204 2296 piscature
1229 2235 1288 2295 per
1314 2213 1434 2296 regium
1458 2219 1485 2276 et
1550 2248 1551 2288 ,

370 2319 512 2384 eiusdem
528 2321 660 2402 capituli
678 2322 883 2386 Wachiensis
899 2323 1045 2387 homines
1061 2322 1166 2387 denuo
1181 2321 1330 2387 facienda
1346 2322 1484 2386 iudicium
1551 2340 1552 2386 l

368 2428 454 2491 inter
470 2435 579 2509 partes
596 2428 700 2494 facere
717 2451 780 2494 non
796 2430 997 2512 potuerimus
1013 2429 1046 2494 in
1062 2429 1235 2512 promissis,
1268 2429 1340 2493 ideo
1356 2429 1487 2511 predicto
1552 2432 1553 2460 ¹

369 2535 511 2617 capitulo
535 2537 668 2600 ecclesio
695 2537 899 2602 ll'acbiensis
924 2587 954 2602 ..
980 2536 1157 2614 scribendo,
1183 2557 1294 2600 eorum
1320 2536 1487 2601 amiciciam

370 2644 585 2724 petiveramus
601 2693 607 2708 .
625 2693 631 2708 .
650 2653 810 2726 ‹luatenus
826 2647 971 2729 ipsorum
986 2648 1153 2710 mitterent
1167 2645 1329 2710 hominem
1340 2667 1399 2727 pro
1410 2645 1489 2710 testi·
1555 2712 1556 2744 1

369 2752 476 2815 monio
492 2751 554 2815 fide
570 2752 713 2834 dignum,
737 2773 801 2834 quo
817 2760 966 2835 presente
991 2753 1135 2818 Michael
1160 2751 1247 2816 lilius
1263 2751 1425 2816 ‹lobannis
1441 2753 1489 2816 ho·

372 2882 425 2924 mo
452 2859 573 2924 domini
602 2861 686 2943 regis
712 2855 749 2925 in‘
770 2863 890 2926 octavis
915 2861 988 2925 festi
1014 2861 1221 2926 Pentecostes
1246 2881 1333 2924 nuno
1357 2859 1490 2942 proximo

370 2969 534 3050 preteritis
551 2969 592 3033 ad
608 2969 722 3035 faciem
738 2971 959 3054 predictarum
975 2971 1224 3054 possessionarie
1239 2969 1398 3052 particule
1415 2975 1490 3032 terre

371 3083 404 3140 et
419 3076 548 3158 piscine,
572 3097 653 3157 quas
669 3077 754 3142 idem
780 3078 928 3142 dominus
954 3078 1120 3160 episcopus
1137 3075 1308 3158 Agriensis
1324 3076 1374 3141 vel
1390 3098 1491 3158 procn-

372 3190 462 3248 rator
487 3183 629 3249 eiusdem
654 3185 820 3268 legitimus
845 3187 973 3250 nominc
990 3185 1069 3250 iuris
1085 3184 1162 3250 dicti
1179 3185 1312 3249 ecclesie
1328 3182 1491 3268 Agriensis

372 3291 413 3354 ad
438 3290 616 3372 predictam
641 3293 867 3373 possessiosem
891 3292 1061 3376 Hydwegh
1086 3291 1320 3374 pertinencium
1351 3311 1493 3374 resapere

372 3397 493 3463 diceret
508 3449 515 3463 .
532 3449 538 3463 .
556 3400 743 3476 accedendo,
759 3402 916 3466 omniaea
935 3422 997 3482 que
1008 3400 1204 3483 inprediotis
1220 3399 1382 3482 prioribus
1399 3401 1494 3465 litoris

373 3509 492 3571 nostris
509 3508 645 3572 formam
661 3508 829 3574 iudiciario
845 3507 1089 3574 deliberacionis
1115 3514 1224 3574 nostre
1250 3508 1495 3590 exprimentibus

374 3619 432 3696 pei
448 3623 556 3697 partes
573 3617 622 3680 vel
638 3617 784 3697 aliquam
800 3618 946 3700 parcium
966 3617 1025 3682 sub
1051 3618 1155 3700 capite
1181 3615 1280 3700 sigilli
1306 3617 1406 3681 nostri
1424 3616 1496 3681 inibi

372 3722 558 3789 exhibendis
575 3725 823 3806 continerentur,
833 3729 1106 3808 prosequerentur
1122 3774 1129 3788 .
1146 3773 1153 3788 .
1171 3730 1204 3788 et
1220 3731 1295 3807 post
1310 3725 1369 3789 bec
1385 3725 1494 3789 seriem

373 3831 475 3896 tocius
491 3830 568 3898 sacti
585 3885 591 3898 .
608 3882 615 3896 .
631 3833 759 3898 domino
777 3835 845 3915 rogi
862 3833 903 3897 ad
919 3840 1068 3898 octavum
1093 3833 1178 3898 diem
1197 3832 1360 3897 dictarum
1377 3837 1496 3898 actara-

373 3961 445 4003 rum
470 3939 544 4005 festi
577 3942 782 4006 Pentecostes
799 3991 829 4006 ..
860 3941 1053 4006 rescriberet
1087 3941 1265 4024 capitulum
1300 3941 1492 4006 Wachiense

373 4051 589 4130 prenotatam.
614 4049 759 4115 Tandem
774 4052 845 4133 ipso
860 4049 997 4116 termino
1014 4049 1245 4132 reportacionis
1262 4049 1356 4115 seriei
1373 4049 1500 4132 premis·

375 4178 483 4222 sorum
500 4164 695 4236 occurrente,
711 4158 875 4241 predictus
890 4156 966 4222 Dok
982 4157 1131 4222 literatus
1156 4179 1215 4239 pro
1239 4156 1352 4222 eodem
1376 4157 1500 4221 domino

374 4267 510 4332 Nicolao
536 4267 683 4349 episcopo
708 4265 839 4332 ecclesie
863 4263 1035 4349 Agriensis
1060 4314 1091 4330 ..
1117 4265 1159 4330 ab
1176 4285 1250 4342 nna,
1275 4268 1308 4328 et
1333 4263 1499 4330 Dionisius

375 4375 461 4439 filius
488 4371 621 4457 Georgii
647 4395 705 4457 pro
730 4374 874 4457 predicto
898 4372 1064 4456 Stephano
1089 4372 1155 4438 filio
1180 4372 1278 4438 Pauli
1294 4371 1334 4436 de
1350 4370 1460 4438 Olnad
1474 4421 1502 4436 ..

375 4487 469 4564 parte
494 4503 533 4546 ex
558 4481 662 4548 altera
689 4482 732 4547 ad
757 4487 901 4546 nostram
936 4481 1124 4546 accedentes
1150 4479 1360 4564 presenciam,
1394 4479 1503 4544 literas

377 4590 602 4677 prememorati
619 4591 752 4673 capituli
778 4588 909 4656 ecclesie
935 4589 1140 4656 Waohicnsis
1165 4589 1252 4674 regie
1278 4587 1442 4654 maiestati
1459 4609 1503 4652 re·
