3192 5466
353 415 417 478 246
705 433 891 477 assuunour
909 417 1120 478 oxulurrtu.

352 592 437 658 idem
454 593 564 677 Bogus
582 643 587 656 .
606 645 612 657 .
629 618 687 678 pro
705 617 738 660 se
752 595 967 678 personaliter
983 602 1016 662 et
1032 615 1090 677 pro
1102 592 1267 678 Stephano
1285 595 1351 660 filio
1363 596 1484 662 Tlromo

352 703 464 768 fratris
490 705 587 770 sui..
609 705 767 789 quasdam
793 705 1062 789 possessionarias
1089 704 1256 788 porciones
1282 706 1427 790 ipsorum
1452 707 1483 771 iu

354 811 554 894 possessione
564 811 765 880 Athaueleze
775 821 896 892 vocata,
907 814 940 878 in
951 814 1105 880 comitutu
1115 814 1324 880 Borsodiensi
1334 816 1484 880 existenti

352 919 488 998 habitas,
504 921 653 989 videlicet
668 945 766 988 uuam
783 923 978 1005 particulam
988 943 1044 986 seu
1055 924 1239 1006 porcionem
1255 923 1362 1006 ipsum
1376 924 1484 1007 Bogus

354 1036 387 1094 et
404 1027 604 1114 Stephanum
632 1032 853 1109 communiter,
878 1031 976 1097 aliam
1001 1031 1185 1115 porcionem
1210 1054 1267 1097 seu
1292 1032 1485 1114 particulam

352 1138 457 1220 ipsum
483 1139 586 1203 solum
610 1139 729 1223 Bogus,
758 1141 881 1206 scilicet
906 1125 1091 1224 porcionem
1116 1141 1278 1224 quondam
1294 1139 1484 1216 Alexandri,

352 1269 434 1330 quas
460 1253 495 1312 ut
520 1248 671 1313 dixeram
696 1249 832 1315 aPetro
857 1248 923 1314 filio
948 1249 1057 1314 Deseu
1082 1249 1167 1314 idem
1192 1249 1348 1333 magister
1373 1250 1483 1333 Bogus

354 1357 552 1435 redemisset,
570 1380 589 1422 a
605 1363 699 1441 parte
724 1359 932 1443 possessionis
958 1359 1053 1424 Keza
1079 1365 1197 1438 vocate,
1214 1366 1312 1442 prout
1327 1366 1361 1423 et
1377 1360 1486 1442 quovis

354 1465 424 1530 iure
442 1465 529 1548 ipsos
545 1467 767 1550 contingerent
782 1469 963 1545 existentes,
980 1489 1052 1532 cum
1068 1465 1216 1531 omuibus
1233 1516 1239 1529 .
1256 1518 1262 1531 .
1279 1465 1485 1550 pertinenciis

354 1627 359 1639 .
376 1627 382 1640 .
400 1595 439 1640 ae
455 1573 527 1640 aliis
544 1573 742 1658 quibuslibet
758 1577 883 1642 iuribus
895 1583 927 1640 et
935 1575 1144 1660 proventibus
1153 1577 1187 1640 iu
1198 1575 1341 1640 broiebus
1358 1597 1483 1641 earum-

353 1683 426 1748 dem
443 1681 663 1766 existentibus,
680 1685 739 1750 sub
756 1685 822 1750 suis
839 1685 936 1750 certis
951 1683 1046 1748 metis
1063 1689 1095 1748 et
1110 1683 1267 1762 terminis,
1284 1684 1412 1767 prelato
1428 1682 1483 1748 do

352 1791 453 1856 hanni
467 1791 534 1855 filio
550 1790 680 1857 Nioolai
696 1792 774 1858 dicti
789 1791 884 1857 Kuer
899 1791 1045 1875 proximo
1062 1792 1205 1874 ipsorum
1216 1797 1248 1856 et
1257 1812 1314 1875 per
1331 1773 1406 1855 euin
1422 1792 1486 1856 suis

352 1897 527 1964 heredibus
545 1949 551 1963 .
569 1949 575 1964 .
592 1903 730 1984 receptis
746 1908 783 1966 ut
793 1901 945 1966 dixerunt
959 1901 1072 1984 viginti
1083 1906 1225 1984 quatuor
1235 1899 1363 1978 marcis,
1375 1922 1485 1983 quam-

351 2007 430 2072 libet
446 2029 588 2074 marcam
605 2030 677 2074 cum
693 2015 833 2092 quatuor
857 2007 987 2073 florenis
1003 2009 1228 2092 computando,
1254 2029 1313 2092 pro
1339 2010 1486 2092 expensis

353 2115 484 2182 suisaJ
485 2117 611 2182 ohanne
627 2097 813 2195 memorato,
824 2117 894 2182 iure
904 2123 1062 2201 perpetuo
1080 2168 1085 2180 .
1103 2165 1109 2180 .
1127 2117 1195 2182 sine
1211 2117 1392 2200 preiudicio
1409 2117 1486 2182 iuris

354 2224 571 2305 quorumlibet
586 2224 742 2306 aliorum;
761 2246 778 2290 e
794 2245 946 2290 converso
962 2230 1069 2289 autem
1094 2224 1178 2288 idem
1204 2223 1229 2289 J
1230 2225 1374 2290 ohannes
1401 2226 1484 2290 filius

353 2330 481 2397 Nicolai
497 2331 575 2398 dicti
591 2332 693 2412 Kuer,
711 2333 868 2416 quasdam
885 2332 1154 2416 possessionarias
1176 2353 1251 2398 suas
1267 2333 1436 2416 porciones
1453 2335 1485 2398 iu

354 2439 607 2522 possessionibus
623 2441 793 2507 Harmach
810 2447 841 2505 et
858 2438 957 2505 Anow
973 2441 1102 2518 voeatis,
1128 2441 1162 2504 iu
1188 2441 1346 2506 comitatu
1362 2438 1485 2507 Gumu·

353 2547 453 2612 riensi
469 2548 678 2614 existentibus
702 2549 841 2632 habitas,
866 2555 963 2632 prout
979 2555 1012 2612 et
1028 2549 1139 2631 quovis
1155 2549 1225 2613 iure
1241 2550 1349 2632 ipsum
1365 2550 1487 2615 contin·

353 2662 473 2740 gerent,
489 2655 610 2740 ubsque
625 2657 802 2741 preludioio
813 2659 934 2723 iurium
944 2657 1162 2740 quorumlibet
1172 2657 1318 2735 aliorum,
1336 2658 1485 2723 similiter

352 2785 425 2829 cum
440 2765 587 2830 omnibus
604 2817 610 2830 .
628 2817 634 2830 .
650 2765 858 2848 pertinenciis
875 2816 881 2829 .
899 2817 904 2829 .
922 2771 954 2829 et
979 2765 1052 2830 aliis
1077 2765 1275 2848 quibuslibet
1300 2765 1427 2831 iuribus
1453 2773 1485 2830 et

353 2873 568 2956 proventibus,
593 2874 735 2958 undique
752 2875 794 2940 ad
810 2874 938 2940 easdem
954 2873 994 2938 de
1011 2875 1080 2938 iure
1097 2875 1264 2957 provenire
1283 2873 1484 2940 debentibus.

354 2981 412 3046 sub
430 3001 541 3047 earum
557 2983 654 3048 certis
670 2982 765 3048 metis
778 2987 811 3046 et
820 2983 975 3060 terminis,
992 2981 1145 3065 predictis
1163 2983 1319 3065 magistro
1329 2983 1441 3066 Bogus
1453 2990 1486 3047 et

353 3088 519 3172 Stephano
539 3111 643 3173 seper
656 3091 782 3156 eosdem
797 3092 940 3174 ipsorum
956 3090 1129 3155 heredibus
1146 3141 1152 3155 .
1170 3140 1176 3154 .
1194 3098 1350 3175 perpetuo
1367 3141 1373 3154 .
1391 3141 1398 3156 .
1415 3099 1484 3156 tum

356 3198 485 3263 racione
500 3199 717 3281 proximitatis
734 3200 897 3282 premisse,
916 3205 986 3263 tum
1013 3198 1115 3263 eciam
1139 3205 1288 3282 pretextu
1315 3207 1488 3266 commeta·

356 3305 488 3371 neitatis
506 3357 512 3370 .
529 3357 536 3372 .
552 3306 762 3371 coutuhssent
779 3355 785 3369 .
803 3357 809 3371 .
826 3306 1049 3389 possidendas;
1069 3305 1194 3371 nullum
1208 3307 1383 3372 dominium
1401 3359 1408 3372 .
1425 3357 1432 3372 .
1448 3308 1487 3372 de

355 3413 509 3497 predictis
525 3414 785 3496 possessionariis
801 3414 1006 3498 porcionibus
1023 3413 1179 3499 sibiipsis
1198 3414 1248 3478 rel
1273 3416 1417 3498 ipsorum
1434 3417 1487 3480 he

356 3521 486 3586 redibas
502 3527 713 3596 reservantes,
738 3522 793 3587 sed
810 3545 967 3604 unapars
984 3523 1016 3586 in
1034 3521 1171 3587 alteram
1187 3523 1335 3588 totaliter
1351 3523 1486 3588 housle-

355 3629 454 3693 reudo
476 3677 506 3692 ..
532 3628 656 3694 Datum
682 3651 739 3712 per
764 3652 878 3695 manus
904 3630 1033 3695 discreti
1059 3631 1119 3695 viri
1145 3631 1291 3714 magistri
1317 3630 1487 3696 Benedicti

353 3737 482 3802 lectoris
498 3737 630 3802 ecclesie
647 3743 763 3816 nostre,
779 3737 902 3803 infesto
918 3738 1089 3804 beatorum
1106 3737 1246 3804 Simonis
1263 3745 1295 3803 et
1305 3739 1395 3804 Jude
1413 3761 1486 3824 apo·

354 3845 518 3922 stolorum,
534 3867 619 3909 anuo
635 3845 754 3910 domini
775 3845 825 3909 M⁰
850 3845 948 3912 ΟΟΟ0
972 3845 1077 3911 XL¹¹¹⁰
1094 3853 1223 3927 octav03
1248 3845 1413 3913 Michaele
1438 3869 1488 3912 ou·

353 3952 453 4031 stode,
469 3953 616 4031 Posouio,
633 3953 658 4018 J
659 3953 767 4032 acon
784 3953 918 4032 Thema,
934 3954 959 4019 J
961 3953 1060 4020 acobo
1076 3954 1161 4018 dioto
1177 3953 1217 4018 de
1233 3953 1359 4020 Calidis
1368 3955 1485 4037 Aquis,

353 4063 462 4142 Petro,
478 4064 636 4142 Emerioo,
652 4064 813 4130 Michaele
829 4069 861 4128 et
877 4064 950 4129 aliis
967 4063 1129 4130 canonicis
1154 4064 1186 4128 in
1213 4061 1325 4128 eadem
1352 4065 1487 4130 ecclesia

355 4177 466 4236 nostra
482 4171 540 4236 deo
558 4171 670 4237 devote
687 4171 928 4238 famulantibus.

463 4299 519 4349 Ket
532 4299 716 4364 pelddnyban,
729 4301 807 4350 mind
820 4316 837 4350 a
846 4301 925 4351 kettd
939 4301 1229 4366 chyrographummal,
1243 4316 1260 4350 a
1274 4301 1368 4363 peoset
1380 4301 1458 4352 mind
1473 4318 1488 4350 a

354 4389 477 4438 kettdrbl
490 4391 630 4454 elveszett,
645 4405 676 4439 az
691 4391 816 4455 egyiken,
839 4391 949 4454 melyeu
970 4405 987 4440 a
1009 4391 1234 4456 chyrographum
1257 4406 1290 4442 ez
1313 4390 1372 4440 also
1397 4391 1489 4440 suellen

358 4493 422 4542 van,
436 4493 512 4528 seres
525 4479 553 4528 ds
567 4481 628 4528 zbld
652 4481 886 4543 selyemsodraton
899 4481 1027 4546 siiggdtt;
1048 4479 1178 4544 eredetije
1201 4495 1233 4529 az
1257 4495 1327 4530 orsu.
1341 4481 1374 4530 lt.
1388 4480 1487 4530 kinest.

355 4571 423 4617 oszt.
437 4567 471 4616 N.
485 4569 518 4618 R.
531 4569 565 4617 A.
581 4573 640 4618 734.
655 4575 678 4618 6.
693 4569 720 4617 es
735 4573 794 4620 737.
810 4573 851 4618 32.
866 4568 933 4632 dipl.
947 4575 1015 4618 oszt.
1030 4573 1109 4619 4019.
1129 4570 1228 4618 Kozli:
1250 4570 1359 4620 Kovdes
1373 4571 1406 4620 N.

947 4661 1003 4668 ...-
