3138 5462
374 424 437 485 11o
732 437 917 486 snroosonr
934 427 1148 485 onustatis.

323 611 326 616 '
373 597 503 664 Nicolai
519 599 654 664 condam
669 599 745 664 bani
762 599 801 664 de
817 599 965 684 Lyndua,
980 599 1007 664 J
1007 599 1149 664 ohannes
1166 604 1199 664 et
1215 596 1352 664 Omodei
1368 599 1424 664 filii
1439 603 1489 678 sui,

369 729 428 792 per
444 707 628 791 iobagiones
644 730 754 774 eornm
770 709 810 774 de
826 709 984 794 Mesynch
1000 709 1088 776 etde
1104 710 1267 792 Belmura,
1283 729 1362 774 ustis
1378 707 1490 774 fructus
1550 737 1551 782 1

371 824 404 882 et
419 817 577 882 utilitates
604 818 813 901 possessionis
838 819 980 900 ipsorum
1005 817 1185 884 Peteninch
1210 823 1320 882 vocate
1347 839 1368 882 a
1392 819 1490 882 multis

371 925 569 1010 temporibus
586 925 755 992 retroactis
772 931 885 991 contra
900 927 1100 990 voluntatem
1123 926 1268 1010 ipsorum
1284 925 1333 991 uti
1349 925 1488 990 fecissent
1550 909 1551 944 ³

369 1033 872 1114 etnuncfacerentinoessanter3
892 1055 988 1117 super
999 1055 1062 1117 quo
1072 1055 1130 1099 nos
1141 1033 1299 1118 petebatis
1316 1031 1486 1116 diligenter,
1550 1027 1551 1030 '

370 1147 407 1206 ut
423 1162 495 1205 oum
511 1139 649 1206 Nicolao
664 1140 724 1206 filii
740 1141 890 1225 Marcbyl
908 1139 959 1206 de
964 1141 1056 1206 Kald
1072 1141 1200 1206 bomine
1216 1147 1322 1206 vestro
1338 1140 1487 1206 hominem

371 1255 517 1314 nostrum
532 1270 591 1331 pro
608 1250 793 1314 testimonio
817 1250 1026 1326 mitteremus,
1052 1270 1116 1332 quo
1130 1255 1280 1333 presente
1296 1248 1382 1312 idem
1406 1247 1489 1312 Nico
1550 1237 1551 1316 1

370 1355 442 1420 laus
458 1356 682 1438 homorester‚
699 1355 871 1423 adfaciem
897 1357 995 1420 castri
1020 1356 1155 1440 Lyndva
1172 1355 1362 1436 accedendo,
1388 1375 1489 1438 apro·
1550 1333 1551 1446 l

372 1463 468 1529 dictis
483 1462 558 1530 filiis
575 1464 722 1548 magistri
738 1463 868 1528 Nicolai
883 1469 917 1528 ct
931 1451 1061 1529 domina
1071 1465 1186 1530 relicta
1201 1465 1251 1529 vel
1266 1462 1452 1528 officialibus
1465 1472 1490 1527 et

372 1570 595 1656 iobagionibus
627 1593 737 1636 eorum
767 1571 807 1635 de
831 1571 927 1635 dictis
952 1571 1168 1656 Mesyncbet
1187 1571 1353 1650 Belmura‚
1378 1577 1488 1654 peteret
1550 1563 1551 1654 1

374 1678 471 1744 verbo
487 1686 601 1756 vestro,
627 1687 664 1745 ut
678 1681 751 1745 iura
775 1678 894 1762 quibus
919 1679 1039 1745 dictam
1064 1681 1297 1781 possessionem
1321 1679 1486 1744 Petoninoh

371 1792 516 1852 vocatam
533 1788 582 1852 usi
594 1787 737 1868 fuissent,
753 1787 855 1852 dicari
872 1788 999 1870 stipsis
1015 1789 1178 1871 magistris
1194 1789 1219 1853 J
1221 1789 1342 1853 ohanni
1357 1787 1421 1852 filio
1437 1787 1487 1851 La·
1550 1817 1551 1858 1

372 1893 467 1960 dislai
483 1899 515 1958 et
530 1893 714 1962 Laurentio
731 1893 797 1958 filio
811 1893 970 1978 Stephani
980 1894 1336 1960 darietamministrari
1352 1893 1488 1969 facerent,
1550 1861 1551 1938 1

373 2000 523 2084 factaque
554 2002 714 2085 peticione
740 2001 913 2067 infaciem
939 2002 1064 2084 prefate
1088 2004 1299 2088 possessionis
1326 2003 1486 2068 Petoninoh

371 2109 514 2193 prefatos
529 2109 554 2174 J
556 2109 715 2175 ohannem
725 2115 757 2174 et
768 2107 903 2176 Omodei
918 2109 1002 2175 filios
1018 2112 1166 2194 magistri
1182 2109 1323 2189 Nicolai,
1339 2109 1485 2174 dominam

372 2218 518 2282 relictam
528 2218 605 2299 eius,
622 2216 774 2287 officiales
784 2223 817 2282 et
827 2217 1012 2300 iobagiones
1028 2239 1147 2298 eorum,
1162 2220 1487 2303 arecepcionousunm

374 2324 538 2390 fructuum
554 2329 587 2388 et
602 2325 783 2390 utilitatum
808 2325 1018 2408 possessionis
1038 2327 1182 2410 predicte
1197 2328 1377 2394 Petoninoh
1392 2333 1488 2392 vocate

372 2432 607 2515 prohiberet..
629 2440 662 2497 et
687 2439 760 2515 post
775 2433 836 2498 hec
861 2434 975 2498 seriem
995 2435 1138 2499 omniurn
1162 2437 1392 2519 premissorum
1413 2434 1488 2498 robis

374 2540 631 2606 rescriberemus.
655 2539 781 2606 Verum
797 2539 1010 2623 peticionibus
1036 2543 1151 2608 vestris
1171 2542 1267 2608 iustis
1292 2549 1325 2608 et
1348 2541 1486 2624 legitimis

374 2649 579 2732 acquiescere
604 2648 747 2730 velimus,
781 2671 853 2714 oum
877 2650 1058 2734 prescripto
1083 2650 1220 2717 Nicolao
1244 2652 1373 2715 homine
1396 2657 1488 2714 restro

373 2757 536 2821 hominem
551 2763 697 2821 nostrum
713 2757 906 2840 magistrum
931 2755 1103 2822 Nicolaum
1128 2759 1249 2824 socium
1265 2763 1298 2822 et
1314 2756 1488 2823 concanoni-

375 2886 448 2928 cum
463 2872 608 2930 nostrum
634 2886 694 2948 pro
710 2865 894 2930 testimonio
920 2867 1158 2933 transmisimus
1183 2868 1225 2932 ad
1250 2867 1489 2952 premissa—exe-

374 2973 511 3056 quenda,
528 2973 583 3056 qni
599 2973 803 3058 postmodum
819 2973 861 3038 ad
876 2996 933 3040 nos
950 2977 1069 3041 reversi
1088 3025 1094 3039 .
1111 3025 1118 3039 .
1134 2976 1325 3054 retulerunt,
1351 2973 1432 3056 quod
1445 2973 1489 3035 die

374 3079 533 3145 dominico
549 3081 695 3162 proximo
711 3087 787 3146 ante
803 3080 920 3145 festum
936 3080 1023 3146 beati
1047 3081 1166 3148 Jacobi
1191 3083 1329 3168 apostoli
1354 3083 1489 3149 accessis·

375 3188 504 3251 sentin
529 3195 672 3252 castrum
696 3188 834 3274 Lyndua
858 3189 899 3254 ad
924 3189 1066 3273 prefatos
1092 3189 1117 3255 J
1119 3191 1278 3256 ohannem
1303 3197 1336 3255 et
1360 3189 1489 3271 Omodep

374 3294 458 3360 filios
473 3297 620 3380 magistri
636 3297 765 3363 Nicolai
790 3318 828 3362 ac
844 3297 1006 3362 dominam
1026 3297 1172 3364 relictam
1200 3300 1276 3381 eius,
1301 3299 1427 3382 ipsique
1442 3296 1464 3361 J
1465 3317 1489 3359 o·

375 3403 497 3470 hannes
522 3413 554 3471 et
579 3405 723 3491 Omodey
748 3405 807 3470 filii
831 3406 979 3490 magistri
1003 3405 1132 3472 Nicolai
1164 3413 1196 3471 et
1225 3407 1356 3472 domina
1380 3405 1489 3478 relicto,

375 3509 579 3602 Demetrium
606 3515 645 3579 de
670 3513 800 3597 Bolugd
824 3519 857 3579 et
881 3513 1023 3579 Paulum
1054 3513 1176 3578 dictum
1201 3513 1342 3580 Nemeth
1367 3513 1489 3578 famulos

375 3639 486 3685 eorum
501 3621 658 3687 mittendo
683 3644 757 3688 cum
784 3621 913 3703 eisdem,
937 3622 1010 3686 iura
1034 3620 1159 3706 prefate
1184 3623 1394 3704 possessionis
1410 3621 1491 3686 Pete

375 3727 472 3792 ninch
497 3735 607 3794 vocate
631 3729 717 3794 intra
742 3750 854 3795 cursus
880 3729 996 3793 harum
1022 3733 1182 3794 metarum
1207 3731 1241 3794 in
1266 3727 1370 3793 literis
1387 3727 1491 3793 nostris

375 3835 628 3920 privilegialibus
646 3858 743 3920 super
758 3836 878 3900 eisdem
903 3838 1060 3901 emunctis
1085 3837 1333 3916 continenciam,
1357 3837 1492 3902 videlieet

376 3949 480 4032 prima
496 3956 582 4014 meta
597 3949 636 4014 de
652 3950 786 4015 ecclesia
801 3955 893 4014 sante
908 3947 1015 4013 Marie
1025 3950 1065 4014 de
1075 3949 1244 4034 Mysniche
1259 3944 1491 4033 progrediendo,

376 4056 490 4140 incipit
505 4079 602 4142 super
626 4057 724 4122 fluvio
738 4054 961 4141 Athochycha‚
978 4064 1011 4122 et
1028 4079 1087 4142 per
1103 4079 1202 4122 unam
1226 4057 1343 4122 vallem
1369 4075 1429 4137 qne
1444 4071 1491 4135 per

376 4163 621 4230 inundacionem
652 4187 736 4249 aque
767 4165 964 4246 fluminatur,
995 4166 1080 4230 inter
1102 4165 1336 4248 possessionem
1367 4161 1490 4247 [lystra

377 4271 608 4338 Thamasfolua
623 4279 770 4338 vocatam
780 4293 818 4336 ac
827 4271 963 4337 eandem
972 4274 1203 4356 possessionem
1214 4271 1394 4338 Peteunioh
1404 4267 1492 4334 currit

377 4380 419 4445 ad
434 4379 565 4446 fluvium
580 4381 680 4448 Mura
694 4382 728 4446 in
743 4382 813 4446 loco
829 4379 1082 4464 Noghaygethur
1095 4387 1217 4462 vocato,
1232 4381 1403 4465 ipsamque
1418 4380 1491 4442 insu·

377 4489 443 4552 lam
460 4489 637 4572 separando
653 4489 693 4553 ad
710 4488 897 4566 Peteunich‚
922 4488 1028 4554 dictus
1053 4488 1168 4554 fluvius
1193 4487 1293 4553 Mura
1320 4485 1491 4569 distingito

378 4599 657 4662 commutansitate
681 4597 946 4674 theutonicorum,
972 4599 1048 4662 etin
1068 4597 1178 4662 eodem
1203 4593 1298 4660 fluvio
1323 4596 1418 4678 longe
1433 4612 1491 4657 cru·-
