<?xml version="1.0" encoding="UTF-8"?>
<!DOCTYPE html PUBLIC "-//W3C//DTD XHTML 1.0 Transitional//EN"
    "http://www.w3.org/TR/xhtml1/DTD/xhtml1-transitional.dtd">
<html xmlns="http://www.w3.org/1999/xhtml" xml:lang="en" lang="en">
 <head>
  <title>
</title>
<meta http-equiv="Content-Type" content="text/html;charset=utf-8" />
  <meta name='ocr-system' content='tesseract 3.04.00' />
  <meta name='ocr-capabilities' content='ocr_page ocr_carea ocr_par ocr_line ocrx_word'/>
</head>
<body>
  <div class='ocr_page' id='page_1' title='image "./codexdiplomatic06nagygoog_0441.png"; bbox 0 0 3180 5470; ppageno 0'>
   <div class='ocr_carea' id='block_1_1' title="bbox 312 482 1079 546">
    <p class='ocr_par' dir='ltr' id='par_1_1' title="bbox 312 482 1079 546">
     <span class='ocr_line' id='line_1_1' title="bbox 312 482 1079 546; baseline 0.003 -4"><span class='ocrx_word' id='word_1_1' title='bbox 312 482 376 543; x_wconf 76' lang='lat'><strong>426</strong></span> <span class='ocrx_word' id='word_1_2' title='bbox 675 501 852 544; x_wconf 75' lang='lat' dir='ltr'><strong>rumorosi</strong></span> <span class='ocrx_word' id='word_1_3' title='bbox 869 488 1079 546; x_wconf 77' lang='lat' dir='ltr'><strong>ouulurrln.</strong></span> 
     </span>
    </p>
   </div>
   <div class='ocr_carea' id='block_1_2' title="bbox 310 659 1456 1941">
    <p class='ocr_par' dir='ltr' id='par_1_2' title="bbox 310 659 1456 1941">
     <span class='ocr_line' id='line_1_2' title="bbox 313 659 1453 744; baseline 0.005 -21"><span class='ocrx_word' id='word_1_4' title='bbox 313 661 450 724; x_wconf 71' lang='lat' dir='ltr'><strong>eiusdem</strong></span> <span class='ocrx_word' id='word_1_5' title='bbox 473 659 666 743; x_wconf 80' lang='lat' dir='ltr'><strong>nragistrum</strong></span> <span class='ocrx_word' id='word_1_6' title='bbox 683 661 819 726; x_wconf 83' lang='lat' dir='ltr'><strong>Petrum</strong></span> <span class='ocrx_word' id='word_1_7' title='bbox 846 682 950 744; x_wconf 87' lang='lat' dir='ltr'><strong>usque</strong></span> <span class='ocrx_word' id='word_1_8' title='bbox 976 662 1060 728; x_wconf 88' lang='lat' dir='ltr'><strong>diem</strong></span> <span class='ocrx_word' id='word_1_9' title='bbox 1086 662 1297 730; x_wconf 89' lang='lat' dir='ltr'><strong>redemoionis</strong></span> <span class='ocrx_word' id='word_1_10' title='bbox 1322 686 1453 730; x_wconf 89' lang='lat' dir='ltr'><strong>conser-</strong></span> 
     </span>
     <span class='ocr_line' id='line_1_3' title="bbox 312 769 1456 858; baseline 0.008 -28"><span class='ocrx_word' id='word_1_11' title='bbox 312 789 388 833; x_wconf 85' lang='lat' dir='ltr'><strong>vare</strong></span> <span class='ocrx_word' id='word_1_12' title='bbox 414 774 619 849; x_wconf 82' lang='lat' dir='ltr'><strong>tenerentur3</strong></span> <span class='ocrx_word' id='word_1_13' title='bbox 645 769 671 834; x_wconf 90' lang='lat' dir='ltr'><strong>si</strong></span> <span class='ocrx_word' id='word_1_14' title='bbox 692 777 801 836; x_wconf 84' lang='lat' dir='ltr'><strong>autem</strong></span> <span class='ocrx_word' id='word_1_15' title='bbox 818 770 852 835; x_wconf 94' lang='lat' dir='ltr'><strong>in</strong></span> <span class='ocrx_word' id='word_1_16' title='bbox 868 771 980 836; x_wconf 83' lang='lat' dir='ltr'><strong>eadem</strong></span> <span class='ocrx_word' id='word_1_17' title='bbox 1005 791 1194 838; x_wconf 86' lang='lat' dir='ltr'><strong>conservare</strong></span> <span class='ocrx_word' id='word_1_18' title='bbox 1220 795 1282 839; x_wconf 89' lang='lat' dir='ltr'><strong>non</strong></span> <span class='ocrx_word' id='word_1_19' title='bbox 1307 779 1456 858; x_wconf 81' lang='lat' dir='ltr'><strong>possent,</strong></span> 
     </span>
     <span class='ocr_line' id='line_1_4' title="bbox 314 875 1456 966; baseline 0.008 -26"><span class='ocrx_word' id='word_1_20' title='bbox 314 883 432 942; x_wconf 81' lang='lat' dir='ltr'><strong>extunc</strong></span> <span class='ocrx_word' id='word_1_21' title='bbox 447 875 545 942; x_wconf 82' lang='lat' dir='ltr'><strong>sliam</strong></span> <span class='ocrx_word' id='word_1_22' title='bbox 562 877 794 962; x_wconf 88' lang='lat' dir='ltr'><strong>possessionem</strong></span> <span class='ocrx_word' id='word_1_23' title='bbox 815 879 952 945; x_wconf 84' lang='lat' dir='ltr'>similem</span> <span class='ocrx_word' id='word_1_24' title='bbox 969 882 1002 945; x_wconf 93' lang='lat' dir='ltr'><strong>in</strong></span> <span class='ocrx_word' id='word_1_25' title='bbox 1019 883 1204 964; x_wconf 83' lang='lat' dir='ltr'><strong>quontitate</strong></span> <span class='ocrx_word' id='word_1_26' title='bbox 1229 889 1262 948; x_wconf 86' lang='lat' dir='ltr'><strong>et</strong></span> <span class='ocrx_word' id='word_1_27' title='bbox 1281 884 1456 966; x_wconf 76' lang='lat' dir='ltr'>qualitate,</span> 
     </span>
     <span class='ocr_line' id='line_1_5' title="bbox 312 985 1454 1071; baseline 0.004 -21"><span class='ocrx_word' id='word_1_28' title='bbox 312 985 372 1050; x_wconf 90' lang='lat' dir='ltr'><strong>hoc</strong></span> <span class='ocrx_word' id='word_1_29' title='bbox 398 990 447 1051; x_wconf 89' lang='lat' dir='ltr'><strong>est</strong></span> <span class='ocrx_word' id='word_1_30' title='bbox 471 985 625 1069; x_wconf 79' lang='lat' dir='ltr'><strong>predictis</strong></span> <span class='ocrx_word' id='word_1_31' title='bbox 652 987 836 1071; x_wconf 68' lang='lat' dir='ltr'><strong>quingentis</strong></span> <span class='ocrx_word' id='word_1_32' title='bbox 863 994 895 1053; x_wconf 91' lang='lat' dir='ltr'><strong>et</strong></span> <span class='ocrx_word' id='word_1_33' title='bbox 920 990 1028 1054; x_wconf 85' lang='lat' dir='ltr'><strong>decem</strong></span> <span class='ocrx_word' id='word_1_34' title='bbox 1054 995 1087 1054; x_wconf 90' lang='lat' dir='ltr'><strong>et</strong></span> <span class='ocrx_word' id='word_1_35' title='bbox 1102 996 1175 1056; x_wconf 85' lang='lat' dir='ltr'><strong>octo</strong></span> <span class='ocrx_word' id='word_1_36' title='bbox 1190 989 1320 1056; x_wconf 89' lang='lat' dir='ltr'><strong>florenis</strong></span> <span class='ocrx_word' id='word_1_37' title='bbox 1339 991 1454 1057; x_wconf 78' lang='lat' dir='ltr'><strong>valen·</strong></span> 
     </span>
     <span class='ocr_line' id='line_1_6' title="bbox 311 1093 1453 1181; baseline 0.006 -24"><span class='ocrx_word' id='word_1_38' title='bbox 311 1099 384 1170; x_wconf 90' lang='lat' dir='ltr'><strong>tem,</strong></span> <span class='ocrx_word' id='word_1_39' title='bbox 402 1093 505 1158; x_wconf 88' lang='lat' dir='ltr'><strong>eidem</strong></span> <span class='ocrx_word' id='word_1_40' title='bbox 532 1095 687 1176; x_wconf 86' lang='lat' dir='ltr'><strong>magistro</strong></span> <span class='ocrx_word' id='word_1_41' title='bbox 703 1094 803 1160; x_wconf 90' lang='lat' dir='ltr'><strong>Petro</strong></span> <span class='ocrx_word' id='word_1_42' title='bbox 824 1117 924 1178; x_wconf 90' lang='lat' dir='ltr'><strong>usque</strong></span> <span class='ocrx_word' id='word_1_43' title='bbox 950 1099 1123 1164; x_wconf 89' lang='lat' dir='ltr'><strong>terminum</strong></span> <span class='ocrx_word' id='word_1_44' title='bbox 1139 1099 1361 1181; x_wconf 76' lang='lat' dir='ltr'><strong>redemtionis,</strong></span> <span class='ocrx_word' id='word_1_45' title='bbox 1377 1100 1453 1164; x_wconf 87' lang='lat' dir='ltr'><strong>sine</strong></span> 
     </span>
     <span class='ocr_line' id='line_1_7' title="bbox 311 1201 1449 1290; baseline 0.004 -23"><span class='ocrx_word' id='word_1_46' title='bbox 311 1203 448 1284; x_wconf 86' lang='lat' dir='ltr'><strong>strepitu</strong></span> <span class='ocrx_word' id='word_1_47' title='bbox 478 1201 623 1268; x_wconf 90' lang='lat' dir='ltr'><strong>iudiciali</strong></span> <span class='ocrx_word' id='word_1_48' title='bbox 655 1211 797 1269; x_wconf 89' lang='lat' dir='ltr'><strong>statuere</strong></span> <span class='ocrx_word' id='word_1_49' title='bbox 829 1209 1025 1284; x_wconf 90' lang='lat' dir='ltr'><strong>tenerentur,</strong></span> <span class='ocrx_word' id='word_1_50' title='bbox 1051 1213 1148 1290; x_wconf 85' lang='lat' dir='ltr'><strong>prout</strong></span> <span class='ocrx_word' id='word_1_51' title='bbox 1173 1207 1234 1290; x_wconf 90' lang='lat' dir='ltr'><strong>ipsi</strong></span> <span class='ocrx_word' id='word_1_52' title='bbox 1258 1206 1384 1272; x_wconf 83' lang='lat' dir='ltr'><strong>adhoc</strong></span> <span class='ocrx_word' id='word_1_53' title='bbox 1410 1228 1449 1272; x_wconf 87' lang='lat' dir='ltr'><strong>se</strong></span> 
     </span>
     <span class='ocr_line' id='line_1_8' title="bbox 311 1309 1448 1404; baseline 0.006 -31"><span class='ocrx_word' id='word_1_54' title='bbox 311 1309 504 1404; x_wconf 79' lang='lat' dir='ltr'><strong>obligarunt.</strong></span> <span class='ocrx_word' id='word_1_55' title='bbox 537 1310 611 1377; x_wconf 87' lang='lat' dir='ltr'><strong>Hoc</strong></span> <span class='ocrx_word' id='word_1_56' title='bbox 630 1312 826 1392; x_wconf 84' lang='lat' dir='ltr'><strong>adiecerunt,</strong></span> <span class='ocrx_word' id='word_1_57' title='bbox 846 1315 932 1397; x_wconf 86' lang='lat' dir='ltr'><strong>quod</strong></span> <span class='ocrx_word' id='word_1_58' title='bbox 958 1313 1135 1398; x_wconf 78' lang='lat' dir='ltr'><strong>predictam</strong></span> <span class='ocrx_word' id='word_1_59' title='bbox 1155 1316 1448 1399; x_wconf 83' lang='lat' dir='ltr'><strong>possessionsriam</strong></span> 
     </span>
     <span class='ocr_line' id='line_1_9' title="bbox 312 1415 1454 1506; baseline 0.006 -24"><span class='ocrx_word' id='word_1_60' title='bbox 312 1420 493 1502; x_wconf 81' lang='lat' dir='ltr'><strong>porcionem</strong></span> <span class='ocrx_word' id='word_1_61' title='bbox 505 1415 597 1504; x_wconf 83' lang='lat' dir='ltr'><strong>(non)</strong></span> <span class='ocrx_word' id='word_1_62' title='bbox 607 1421 640 1485; x_wconf 89' lang='lat' dir='ltr'><strong>in</strong></span> <span class='ocrx_word' id='word_1_63' title='bbox 657 1422 860 1487; x_wconf 87' lang='lat' dir='ltr'><strong>estimatione</strong></span> <span class='ocrx_word' id='word_1_64' title='bbox 869 1424 961 1488; x_wconf 86' lang='lat' dir='ltr'><strong>iuxta</strong></span> <span class='ocrx_word' id='word_1_65' title='bbox 976 1425 1069 1506; x_wconf 82' lang='lat' dir='ltr'><strong>regni</strong></span> <span class='ocrx_word' id='word_1_66' title='bbox 1080 1421 1340 1488; x_wconf 77' lang='lat' dir='ltr'><strong>consvesudinem</strong></span> <span class='ocrx_word' id='word_1_67' title='bbox 1351 1422 1454 1503; x_wconf 85' lang='lat' dir='ltr'><strong>fsota,</strong></span> 
     </span>
     <span class='ocr_line' id='line_1_10' title="bbox 311 1526 1454 1614; baseline 0.004 -23"><span class='ocrx_word' id='word_1_68' title='bbox 311 1526 366 1592; x_wconf 89' lang='lat' dir='ltr'><strong>sed</strong></span> <span class='ocrx_word' id='word_1_69' title='bbox 381 1547 461 1610; x_wconf 87' lang='lat' dir='ltr'><strong>pure</strong></span> <span class='ocrx_word' id='word_1_70' title='bbox 478 1534 510 1592; x_wconf 89' lang='lat' dir='ltr'><strong>et</strong></span> <span class='ocrx_word' id='word_1_71' title='bbox 525 1529 714 1612; x_wconf 86' lang='lat' dir='ltr'><strong>simpliciter</strong></span> <span class='ocrx_word' id='word_1_72' title='bbox 723 1531 801 1614; x_wconf 90' lang='lat' dir='ltr'><strong>ipsis</strong></span> <span class='ocrx_word' id='word_1_73' title='bbox 813 1533 997 1614; x_wconf 84' lang='lat' dir='ltr'><strong>quingentis</strong></span> <span class='ocrx_word' id='word_1_74' title='bbox 1014 1538 1046 1596; x_wconf 93' lang='lat' dir='ltr'><strong>et</strong></span> <span class='ocrx_word' id='word_1_75' title='bbox 1065 1531 1174 1597; x_wconf 90' lang='lat' dir='ltr'><strong>decem</strong></span> <span class='ocrx_word' id='word_1_76' title='bbox 1185 1539 1218 1596; x_wconf 88' lang='lat' dir='ltr'><strong>et</strong></span> <span class='ocrx_word' id='word_1_77' title='bbox 1232 1537 1303 1596; x_wconf 87' lang='lat' dir='ltr'><strong>octo</strong></span> <span class='ocrx_word' id='word_1_78' title='bbox 1313 1529 1454 1596; x_wconf 89' lang='lat' dir='ltr'><strong>florenis</strong></span> 
     </span>
     <span class='ocr_line' id='line_1_11' title="bbox 311 1637 1451 1724; baseline 0.008 -26"><span class='ocrx_word' id='word_1_79' title='bbox 311 1637 458 1702; x_wconf 85' lang='lat' dir='ltr'><strong>valerent</strong></span> <span class='ocrx_word' id='word_1_80' title='bbox 483 1637 641 1703; x_wconf 85' lang='lat' dir='ltr'><strong>redimere</strong></span> <span class='ocrx_word' id='word_1_81' title='bbox 657 1660 678 1703; x_wconf 89' lang='lat' dir='ltr'><strong>a</strong></span> <span class='ocrx_word' id='word_1_82' title='bbox 693 1641 850 1722; x_wconf 81' lang='lat' dir='ltr'><strong>magistro</strong></span> <span class='ocrx_word' id='word_1_83' title='bbox 875 1640 975 1706; x_wconf 88' lang='lat' dir='ltr'><strong>Petro</strong></span> <span class='ocrx_word' id='word_1_84' title='bbox 995 1645 1175 1724; x_wconf 87' lang='lat' dir='ltr'><strong>prenotato.</strong></span> <span class='ocrx_word' id='word_1_85' title='bbox 1199 1637 1324 1705; x_wconf 83' lang='lat' dir='ltr'><strong>Datum</strong></span> <span class='ocrx_word' id='word_1_86' title='bbox 1339 1641 1451 1707; x_wconf 82' lang='lat' dir='ltr'><strong>tercia</strong></span> 
     </span>
     <span class='ocr_line' id='line_1_12' title="bbox 310 1745 1451 1832; baseline 0.004 -23"><span class='ocrx_word' id='word_1_87' title='bbox 310 1745 761 1828; x_wconf 77' lang='lat' dir='ltr'><strong>leriaproximaantefestum</strong></span> <span class='ocrx_word' id='word_1_88' title='bbox 771 1747 1014 1814; x_wconf 85' lang='lat' dir='ltr'><strong>Purifioacionis</strong></span> <span class='ocrx_word' id='word_1_89' title='bbox 1034 1748 1167 1832; x_wconf 87' lang='lat' dir='ltr'><strong>virginis</strong></span> <span class='ocrx_word' id='word_1_90' title='bbox 1188 1749 1335 1832; x_wconf 82' lang='lat' dir='ltr'><strong>gloriose,</strong></span> <span class='ocrx_word' id='word_1_91' title='bbox 1356 1765 1451 1814; x_wconf 86' lang='lat' dir='ltr'><strong>anno</strong></span> 
     </span>
     <span class='ocr_line' id='line_1_13' title="bbox 311 1853 1081 1941; baseline 0.009 -24"><span class='ocrx_word' id='word_1_92' title='bbox 311 1853 430 1919; x_wconf 84' lang='lat' dir='ltr'><strong>domini</strong></span> <span class='ocrx_word' id='word_1_93' title='bbox 457 1855 509 1920; x_wconf 83' lang='grc' dir='ltr'><strong>Μ0</strong></span> <span class='ocrx_word' id='word_1_94' title='bbox 538 1853 659 1924; x_wconf 73' lang='grc' dir='ltr'><strong>00οῐ110</strong></span> <span class='ocrx_word' id='word_1_95' title='bbox 685 1857 951 1941; x_wconf 84' lang='lat' dir='ltr'><strong>quinquagesimo</strong></span> <span class='ocrx_word' id='word_1_96' title='bbox 966 1857 1081 1941; x_wconf 89' lang='lat' dir='ltr'><strong>primo.</strong></span> 
     </span>
    </p>
   </div>
   <div class='ocr_carea' id='block_1_3' title="bbox 311 1998 1454 2155">
    <p class='ocr_par' dir='ltr' id='par_1_3' title="bbox 311 1998 1454 2155">
     <span class='ocr_line' id='line_1_14' title="bbox 419 1998 1454 2067; baseline 0.006 -19"><span class='ocrx_word' id='word_1_97' title='bbox 419 1998 572 2064; x_wconf 75' lang='lat' dir='ltr'><strong>Httlapjan</strong></span> <span class='ocrx_word' id='word_1_98' title='bbox 594 2000 686 2064; x_wconf 70' lang='lat' dir='ltr'><strong>pessit</strong></span> <span class='ocrx_word' id='word_1_99' title='bbox 706 2001 884 2067; x_wconf 81' lang='lat' dir='ltr'><strong>nyomaiva13</strong></span> <span class='ocrx_word' id='word_1_100' title='bbox 904 2001 1035 2066; x_wconf 81' lang='lat' dir='ltr'><strong>credetiJ‘o</strong></span> <span class='ocrx_word' id='word_1_101' title='bbox 1057 2017 1089 2052; x_wconf 87' lang='lat' dir='ltr'><strong>az</strong></span> <span class='ocrx_word' id='word_1_102' title='bbox 1113 2016 1182 2052; x_wconf 82' lang='lat' dir='ltr'><strong>orsa.</strong></span> <span class='ocrx_word' id='word_1_103' title='bbox 1198 2003 1229 2053; x_wconf 88' lang='lat' dir='ltr'><strong>lt.</strong></span> <span class='ocrx_word' id='word_1_104' title='bbox 1251 2003 1353 2060; x_wconf 74' lang='lat' dir='ltr'><strong>kincst,</strong></span> <span class='ocrx_word' id='word_1_105' title='bbox 1377 2009 1454 2054; x_wconf 86' lang='lat' dir='ltr'><strong>oszt.</strong></span> 
     </span>
     <span class='ocr_line' id='line_1_15' title="bbox 311 2084 1135 2155; baseline 0.001 -16"><span class='ocrx_word' id='word_1_106' title='bbox 311 2090 345 2139; x_wconf 80' lang='lat' dir='ltr'><strong>N.</strong></span> <span class='ocrx_word' id='word_1_107' title='bbox 359 2090 392 2141; x_wconf 86' lang='lat' dir='ltr'><strong>B.</strong></span> <span class='ocrx_word' id='word_1_108' title='bbox 406 2084 441 2141; x_wconf 85' lang='lat' dir='ltr'><strong>A.</strong></span> <span class='ocrx_word' id='word_1_109' title='bbox 459 2095 516 2140; x_wconf 79' lang='lat'>134.</span> <span class='ocrx_word' id='word_1_110' title='bbox 533 2095 573 2140; x_wconf 82' lang='lat'><strong>15.</strong></span> <span class='ocrx_word' id='word_1_111' title='bbox 588 2091 654 2155; x_wconf 79' lang='lat' dir='ltr'><strong>dipl.</strong></span> <span class='ocrx_word' id='word_1_112' title='bbox 677 2096 743 2143; x_wconf 88' lang='lat' dir='ltr'><strong>oszt.</strong></span> <span class='ocrx_word' id='word_1_113' title='bbox 759 2096 836 2142; x_wconf 76' lang='lat'>4174.</span> <span class='ocrx_word' id='word_1_114' title='bbox 856 2085 961 2142; x_wconf 80' lang='lat' dir='ltr'><strong>szli:</strong></span> <span class='ocrx_word' id='word_1_115' title='bbox 980 2091 1089 2143; x_wconf 74' lang='lat' dir='ltr'><strong>Kovtcs</strong></span> <span class='ocrx_word' id='word_1_116' title='bbox 1102 2092 1135 2141; x_wconf 86' lang='lat' dir='ltr'><strong>N.</strong></span> 
     </span>
    </p>
   </div>
   <div class='ocr_carea' id='block_1_4' title="bbox 799 2255 957 2264">
    <p class='ocr_par' dir='ltr' id='par_1_4' title="bbox 799 2255 957 2264">
     <span class='ocr_line' id='line_1_16' title="bbox 799 2255 957 2264; baseline -0.013 -1"><span class='ocrx_word' id='word_1_117' title='bbox 799 2255 957 2264; x_wconf 77' lang='lat'><strong>----.-—-.</strong></span> 
     </span>
    </p>
   </div>
   <div class='ocr_carea' id='block_1_5' title="bbox 843 2419 915 2479">
    <p class='ocr_par' dir='ltr' id='par_1_5' title="bbox 843 2419 915 2479">
     <span class='ocr_line' id='line_1_17' title="bbox 843 2419 915 2479; baseline -0.014 0"><span class='ocrx_word' id='word_1_118' title='bbox 843 2419 915 2479; x_wconf 76' lang='lat'>263.</span> 
     </span>
    </p>
   </div>
   <div class='ocr_carea' id='block_1_6' title="bbox 312 2575 1450 2881">
    <p class='ocr_par' dir='ltr' id='par_1_6' title="bbox 312 2575 1450 2881">
     <span class='ocr_line' id='line_1_18' title="bbox 314 2575 1450 2666; baseline 0.005 -28"><span class='ocrx_word' id='word_1_119' title='bbox 314 2577 407 2640; x_wconf 86' lang='lat'><em>1351.</em></span> <span class='ocrx_word' id='word_1_120' title='bbox 434 2577 549 2657; x_wconf 82' lang='lat' dir='ltr'><strong>Tordo,</strong></span> <span class='ocrx_word' id='word_1_121' title='bbox 558 2576 644 2663; x_wconf 81' lang='lat' dir='ltr'><strong>febr.</strong></span> <span class='ocrx_word' id='word_1_122' title='bbox 661 2579 690 2640; x_wconf 86' lang='lat'><strong>5.</strong></span> <span class='ocrx_word' id='word_1_123' title='bbox 721 2575 837 2642; x_wconf 76' lang='lat' dir='ltr'><strong>Tenuis</strong></span> <span class='ocrx_word' id='word_1_124' title='bbox 854 2579 975 2664; x_wconf 72' lang='lat' dir='ltr'><strong>errtetyi</strong></span> <span class='ocrx_word' id='word_1_125' title='bbox 989 2579 1087 2664; x_wconf 72' lang='lat' dir='ltr'><strong>cajolo</strong></span> <span class='ocrx_word' id='word_1_126' title='bbox 1103 2579 1309 2666; x_wconf 76' lang='lat' dir='ltr'><strong>Balcizsfotvi</strong></span> <span class='ocrx_word' id='word_1_127' title='bbox 1324 2579 1450 2646; x_wconf 78' lang='lat' dir='ltr'><strong>Baldzs</strong></span> 
     </span>
     <span class='ocr_line' id='line_1_19' title="bbox 312 2683 1445 2775; baseline 0.004 -27"><span class='ocrx_word' id='word_1_128' title='bbox 312 2686 343 2748; x_wconf 84' lang='lat' dir='ltr'><strong>e&#39;s</strong></span> <span class='ocrx_word' id='word_1_129' title='bbox 368 2683 513 2748; x_wconf 64' lang='lat' dir='ltr'><strong>Hortor-d</strong></span> <span class='ocrx_word' id='word_1_130' title='bbox 529 2685 594 2767; x_wconf 80' lang='lat' dir='ltr'><strong>fici</strong></span> <span class='ocrx_word' id='word_1_131' title='bbox 619 2687 756 2750; x_wconf 83' lang='lat' dir='ltr'><strong>lre&#39;re&#39;se&#39;re</strong></span> <span class='ocrx_word' id='word_1_132' title='bbox 789 2688 903 2772; x_wconf 78' lang='lat' dir='ltr'><strong>Kapus</strong></span> <span class='ocrx_word' id='word_1_133' title='bbox 928 2697 1006 2750; x_wconf 72' lang='lat' dir='ltr'><strong>nect</strong></span> <span class='ocrx_word' id='word_1_134' title='bbox 1023 2686 1124 2752; x_wconf 81' lang='lat' dir='ltr'><strong>birtok</strong></span> <span class='ocrx_word' id='word_1_135' title='bbox 1149 2689 1332 2754; x_wconf 67' lang='lat' dir='ltr'><strong>intercinat</strong></span> <span class='ocrx_word' id='word_1_136' title='bbox 1359 2713 1445 2775; x_wconf 74' lang='lat' dir='ltr'><strong>irreq-</strong></span> 
     </span>
     <span class='ocr_line' id='line_1_20' title="bbox 523 2794 1220 2881; baseline 0.001 -24"><span class='ocrx_word' id='word_1_137' title='bbox 523 2795 683 2877; x_wconf 59' lang='lat' dir='ltr'><strong>jai-asara</strong></span> <span class='ocrx_word' id='word_1_138' title='bbox 699 2818 736 2858; x_wconf 83' lang='lat' dir='ltr'><strong>oz</strong></span> <span class='ocrx_word' id='word_1_139' title='bbox 752 2794 872 2880; x_wconf 61' lang='lat' dir='ltr'><strong>erattpi</strong></span> <span class='ocrx_word' id='word_1_140' title='bbox 888 2795 1056 2881; x_wconf 66' lang='lat' dir='ltr'><strong>triptotam</strong></span> <span class='ocrx_word' id='word_1_141' title='bbox 1084 2795 1220 2860; x_wconf 67' lang='lat' dir='ltr'><strong>tristetur.</strong></span> 
     </span>
    </p>
   </div>
   <div class='ocr_carea' id='block_1_7' title="bbox 310 2953 1449 3802">
    <p class='ocr_par' dir='ltr' id='par_1_7' title="bbox 310 2953 1449 3802">
     <span class='ocr_line' id='line_1_21' title="bbox 401 2953 1449 3044; baseline 0.001 -21"><span class='ocrx_word' id='word_1_142' title='bbox 401 3009 408 3023; x_wconf 93' lang='lat'>.</span> <span class='ocrx_word' id='word_1_143' title='bbox 433 3008 440 3022; x_wconf 91' lang='lat'><strong>.</strong></span> <span class='ocrx_word' id='word_1_144' title='bbox 472 2954 613 3039; x_wconf 85' lang='lat' dir='ltr'><strong>capitulo</strong></span> <span class='ocrx_word' id='word_1_145' title='bbox 630 2953 783 3021; x_wconf 85' lang='lat' dir='ltr'><strong>Albensis</strong></span> <span class='ocrx_word' id='word_1_146' title='bbox 803 2955 935 3021; x_wconf 82' lang='lat' dir='ltr'><strong>ecclesie</strong></span> <span class='ocrx_word' id='word_1_147' title='bbox 953 2955 1187 3022; x_wconf 73' lang='lat' dir='ltr'><strong>Tronssilvane</strong></span> <span class='ocrx_word' id='word_1_148' title='bbox 1204 2957 1346 3024; x_wconf 78' lang='lat' dir='ltr'><strong>Thomas</strong></span> <span class='ocrx_word' id='word_1_149' title='bbox 1363 2981 1449 3044; x_wconf 71' lang='lat' dir='ltr'><strong>woy-</strong></span> 
     </span>
     <span class='ocr_line' id='line_1_22' title="bbox 312 3063 1448 3133; baseline 0.004 -5"><span class='ocrx_word' id='word_1_150' title='bbox 312 3067 394 3130; x_wconf 82' lang='lat' dir='ltr'><strong>voda</strong></span> <span class='ocrx_word' id='word_1_151' title='bbox 409 3064 659 3130; x_wconf 80' lang='lat' dir='ltr'><strong>Trsnssilvanus</strong></span> <span class='ocrx_word' id='word_1_152' title='bbox 678 3070 711 3128; x_wconf 86' lang='lat' dir='ltr'><strong>et</strong></span> <span class='ocrx_word' id='word_1_153' title='bbox 726 3085 830 3129; x_wconf 88' lang='lat' dir='ltr'><strong>comes</strong></span> <span class='ocrx_word' id='word_1_154' title='bbox 847 3063 886 3128; x_wconf 91' lang='lat' dir='ltr'><strong>de</strong></span> <span class='ocrx_word' id='word_1_155' title='bbox 902 3063 1036 3130; x_wconf 84' lang='lat' dir='ltr'><strong>Zonuk.</strong></span> <span class='ocrx_word' id='word_1_156' title='bbox 1056 3115 1062 3129; x_wconf 93' lang='lat'>.</span> <span class='ocrx_word' id='word_1_157' title='bbox 1082 3063 1205 3130; x_wconf 88' lang='lat' dir='ltr'><strong>Dicunt</strong></span> <span class='ocrx_word' id='word_1_158' title='bbox 1236 3067 1330 3131; x_wconf 91' lang='lat' dir='ltr'><strong>nobis</strong></span> <span class='ocrx_word' id='word_1_159' title='bbox 1346 3068 1448 3133; x_wconf 84' lang='lat' dir='ltr'><strong>Ladi-</strong></span> 
     </span>
     <span class='ocr_line' id='line_1_23' title="bbox 312 3170 1448 3266; baseline 0.001 -27"><span class='ocrx_word' id='word_1_160' title='bbox 312 3174 400 3239; x_wconf 88' lang='lat' dir='ltr'><strong>slaus</strong></span> <span class='ocrx_word' id='word_1_161' title='bbox 425 3178 458 3238; x_wconf 86' lang='lat' dir='ltr'><strong>et</strong></span> <span class='ocrx_word' id='word_1_162' title='bbox 477 3171 501 3237; x_wconf 86' lang='lat' dir='ltr'><strong>J</strong></span> <span class='ocrx_word' id='word_1_163' title='bbox 503 3174 645 3238; x_wconf 87' lang='lat' dir='ltr'><strong>ohannes</strong></span> <span class='ocrx_word' id='word_1_164' title='bbox 663 3170 722 3237; x_wconf 86' lang='lat' dir='ltr'><strong>tilii</strong></span> <span class='ocrx_word' id='word_1_165' title='bbox 738 3171 843 3266; x_wconf 81' lang='lat' dir='ltr'><strong>Blasii</strong></span> <span class='ocrx_word' id='word_1_166' title='bbox 869 3180 901 3237; x_wconf 91' lang='lat' dir='ltr'><strong>et</strong></span> <span class='ocrx_word' id='word_1_167' title='bbox 925 3172 1077 3238; x_wconf 86' lang='lat' dir='ltr'><strong>Andreas</strong></span> <span class='ocrx_word' id='word_1_168' title='bbox 1101 3172 1187 3238; x_wconf 88' lang='lat' dir='ltr'><strong>filius</strong></span> <span class='ocrx_word' id='word_1_169' title='bbox 1212 3173 1379 3240; x_wconf 84' lang='lat' dir='ltr'><strong>Herbordi</strong></span> <span class='ocrx_word' id='word_1_170' title='bbox 1406 3173 1448 3240; x_wconf 89' lang='lat' dir='ltr'><strong>de</strong></span> 
     </span>
     <span class='ocr_line' id='line_1_24' title="bbox 310 3280 1448 3364; baseline 0.003 -17"><span class='ocrx_word' id='word_1_171' title='bbox 310 3281 515 3360; x_wconf 84' lang='lat' dir='ltr'><strong>Balasfolwa,</strong></span> <span class='ocrx_word' id='word_1_172' title='bbox 532 3280 618 3362; x_wconf 88' lang='lat' dir='ltr'><strong>quod</strong></span> <span class='ocrx_word' id='word_1_173' title='bbox 643 3281 782 3364; x_wconf 84' lang='lat' dir='ltr'><strong>quedam</strong></span> <span class='ocrx_word' id='word_1_174' title='bbox 807 3281 966 3364; x_wconf 85' lang='lat' dir='ltr'><strong>possessio</strong></span> <span class='ocrx_word' id='word_1_175' title='bbox 991 3280 1108 3364; x_wconf 86' lang='lat' dir='ltr'><strong>Kapus</strong></span> <span class='ocrx_word' id='word_1_176' title='bbox 1128 3281 1193 3347; x_wconf 81' lang='lat' dir='ltr'><strong>olio</strong></span> <span class='ocrx_word' id='word_1_177' title='bbox 1207 3283 1336 3347; x_wconf 89' lang='lat' dir='ltr'><strong>nomine</strong></span> <span class='ocrx_word' id='word_1_178' title='bbox 1354 3280 1448 3350; x_wconf 83' lang='lat' dir='ltr'><strong>Gak-</strong></span> 
     </span>
     <span class='ocr_line' id='line_1_25' title="bbox 311 3386 1448 3473; baseline 0.002 -18"><span class='ocrx_word' id='word_1_179' title='bbox 311 3389 397 3455; x_wconf 88' lang='lat' dir='ltr'><strong>telks</strong></span> <span class='ocrx_word' id='word_1_180' title='bbox 435 3395 550 3455; x_wconf 83' lang='lat' dir='ltr'><strong>vocata</strong></span> <span class='ocrx_word' id='word_1_181' title='bbox 580 3391 614 3454; x_wconf 92' lang='lat' dir='ltr'><strong>in</strong></span> <span class='ocrx_word' id='word_1_182' title='bbox 645 3391 800 3455; x_wconf 80' lang='lat' dir='ltr'><strong>comitatu</strong></span> <span class='ocrx_word' id='word_1_183' title='bbox 839 3386 978 3455; x_wconf 87' lang='lat' dir='ltr'><strong>Albensi</strong></span> <span class='ocrx_word' id='word_1_184' title='bbox 1017 3389 1170 3469; x_wconf 84' lang='lat' dir='ltr'><strong>existens,</strong></span> <span class='ocrx_word' id='word_1_185' title='bbox 1203 3389 1288 3473; x_wconf 89' lang='lat' dir='ltr'><strong>apud</strong></span> <span class='ocrx_word' id='word_1_186' title='bbox 1327 3413 1448 3457; x_wconf 88' lang='lat' dir='ltr'><strong>manus</strong></span> 
     </span>
     <span class='ocr_line' id='line_1_26' title="bbox 311 3497 1448 3585; baseline 0.003 -22"><span class='ocrx_word' id='word_1_187' title='bbox 311 3497 501 3582; x_wconf 72' lang='lat' dir='ltr'><strong>Iryprchthy</strong></span> <span class='ocrx_word' id='word_1_188' title='bbox 521 3498 560 3563; x_wconf 91' lang='lat' dir='ltr'><strong>de</strong></span> <span class='ocrx_word' id='word_1_189' title='bbox 576 3497 802 3563; x_wconf 87' lang='lat' dir='ltr'><strong>Weresmorth</strong></span> <span class='ocrx_word' id='word_1_190' title='bbox 827 3504 859 3562; x_wconf 91' lang='lat' dir='ltr'><strong>et</strong></span> <span class='ocrx_word' id='word_1_191' title='bbox 883 3497 1011 3564; x_wconf 87' lang='lat' dir='ltr'><strong>Nicolai</strong></span> <span class='ocrx_word' id='word_1_192' title='bbox 1038 3497 1097 3564; x_wconf 89' lang='lat' dir='ltr'><strong>filii</strong></span> <span class='ocrx_word' id='word_1_193' title='bbox 1122 3497 1256 3565; x_wconf 85' lang='lat' dir='ltr'><strong>Andree</strong></span> <span class='ocrx_word' id='word_1_194' title='bbox 1277 3499 1317 3564; x_wconf 89' lang='lat' dir='ltr'><strong>de</strong></span> <span class='ocrx_word' id='word_1_195' title='bbox 1335 3499 1448 3585; x_wconf 77' lang='lat' dir='ltr'><strong>Dalya</strong></span> 
     </span>
     <span class='ocr_line' id='line_1_27' title="bbox 312 3607 1445 3693; baseline 0.001 -20"><span class='ocrx_word' id='word_1_196' title='bbox 312 3607 497 3691; x_wconf 85' lang='lat' dir='ltr'><strong>occupative</strong></span> <span class='ocrx_word' id='word_1_197' title='bbox 516 3607 637 3687; x_wconf 83' lang='lat' dir='ltr'><strong>habita,</strong></span> <span class='ocrx_word' id='word_1_198' title='bbox 653 3607 795 3692; x_wconf 89' lang='lat' dir='ltr'><strong>ipsorum</strong></span> <span class='ocrx_word' id='word_1_199' title='bbox 822 3613 905 3672; x_wconf 88' lang='lat' dir='ltr'><strong>esset</strong></span> <span class='ocrx_word' id='word_1_200' title='bbox 930 3608 1152 3674; x_wconf 85' lang='lat' dir='ltr'><strong>hereditaria.</strong></span> <span class='ocrx_word' id='word_1_201' title='bbox 1178 3657 1185 3672; x_wconf 93' lang='lat'><strong>.</strong></span> <span class='ocrx_word' id='word_1_202' title='bbox 1217 3629 1280 3692; x_wconf 90' lang='lat' dir='ltr'><strong>que</strong></span> <span class='ocrx_word' id='word_1_203' title='bbox 1304 3611 1445 3693; x_wconf 85' lang='lat' dir='ltr'><strong>recapti-</strong></span> 
     </span>
     <span class='ocr_line' id='line_1_28' title="bbox 310 3715 1444 3802; baseline 0.002 -22"><span class='ocrx_word' id='word_1_204' title='bbox 310 3716 442 3782; x_wconf 84' lang='lat' dir='ltr'><strong>vacione</strong></span> <span class='ocrx_word' id='word_1_205' title='bbox 467 3721 499 3782; x_wconf 87' lang='lat' dir='ltr'><strong>ot</strong></span> <span class='ocrx_word' id='word_1_206' title='bbox 522 3715 801 3782; x_wconf 86' lang='lat' dir='ltr'><strong>reambuleoicno.</strong></span> <span class='ocrx_word' id='word_1_207' title='bbox 828 3767 834 3780; x_wconf 94' lang='lat'><strong><em>.</em></strong></span> <span class='ocrx_word' id='word_1_208' title='bbox 865 3715 1039 3800; x_wconf 85' lang='lat' dir='ltr'><strong>plurimam</strong></span> <span class='ocrx_word' id='word_1_209' title='bbox 1055 3717 1231 3801; x_wconf 86' lang='lat' dir='ltr'><strong>indigeret;</strong></span> <span class='ocrx_word' id='word_1_210' title='bbox 1251 3738 1349 3802; x_wconf 88' lang='lat' dir='ltr'><strong>super</strong></span> <span class='ocrx_word' id='word_1_211' title='bbox 1376 3737 1444 3798; x_wconf 91' lang='lat' dir='ltr'><strong>quo</strong></span> 
     </span>
    </p>
   </div>
   <div class='ocr_carea' id='block_1_8' title="bbox 312 3825 1578 3912">
    <p class='ocr_par' dir='ltr' id='par_1_8' title="bbox 312 3825 1578 3912">
     <span class='ocr_line' id='line_1_29' title="bbox 312 3825 1578 3912; baseline 0 -20"><span class='ocrx_word' id='word_1_212' title='bbox 312 3825 491 3892; x_wconf 87' lang='lat' dir='ltr'><strong>amiciciam</strong></span> <span class='ocrx_word' id='word_1_213' title='bbox 514 3826 720 3892; x_wconf 83' lang='lat' dir='ltr'><strong>discrecionis</strong></span> <span class='ocrx_word' id='word_1_214' title='bbox 745 3832 849 3892; x_wconf 81' lang='lat' dir='ltr'><strong>vestre</strong></span> <span class='ocrx_word' id='word_1_215' title='bbox 874 3826 1079 3911; x_wconf 86' lang='lat' dir='ltr'><strong>presentibus</strong></span> <span class='ocrx_word' id='word_1_216' title='bbox 1104 3828 1266 3912; x_wconf 90' lang='lat' dir='ltr'><strong>petimus.</strong></span> <span class='ocrx_word' id='word_1_217' title='bbox 1294 3879 1300 3894; x_wconf 93' lang='lat'><em>.</em></span> <span class='ocrx_word' id='word_1_218' title='bbox 1333 3833 1448 3909; x_wconf 83' lang='lat' dir='ltr'><strong>quate-</strong></span> <span class='ocrx_word' id='word_1_219' title='bbox 1573 3883 1578 3892; x_wconf 94' lang='lat'>.</span> 
     </span>
    </p>
   </div>
   <div class='ocr_carea' id='block_1_9' title="bbox 310 3933 1448 4781">
    <p class='ocr_par' dir='ltr' id='par_1_9' title="bbox 310 3933 1448 4781">
     <span class='ocr_line' id='line_1_30' title="bbox 311 3933 1446 4019; baseline 0.003 -20"><span class='ocrx_word' id='word_1_220' title='bbox 311 3955 371 3999; x_wconf 89' lang='lat' dir='ltr'><strong>nus</strong></span> <span class='ocrx_word' id='word_1_221' title='bbox 387 3940 529 4000; x_wconf 89' lang='lat' dir='ltr'><strong>vestrum</strong></span> <span class='ocrx_word' id='word_1_222' title='bbox 545 3935 682 4002; x_wconf 91' lang='lat' dir='ltr'><strong>mittatis</strong></span> <span class='ocrx_word' id='word_1_223' title='bbox 703 3935 865 4001; x_wconf 91' lang='lat' dir='ltr'><strong>hominem</strong></span> <span class='ocrx_word' id='word_1_224' title='bbox 881 3955 939 4019; x_wconf 90' lang='lat' dir='ltr'><strong>pro</strong></span> <span class='ocrx_word' id='word_1_225' title='bbox 956 3935 1139 4001; x_wconf 88' lang='lat' dir='ltr'><strong>testimonio</strong></span> <span class='ocrx_word' id='word_1_226' title='bbox 1155 3933 1362 4018; x_wconf 87' lang='lat' dir='ltr'><strong>fidedignum,</strong></span> <span class='ocrx_word' id='word_1_227' title='bbox 1379 3955 1446 4017; x_wconf 91' lang='lat' dir='ltr'><strong>quo</strong></span> 
     </span>
     <span class='ocr_line' id='line_1_31' title="bbox 312 4042 1447 4128; baseline 0 -20"><span class='ocrx_word' id='word_1_228' title='bbox 312 4047 461 4128; x_wconf 87' lang='lat' dir='ltr'><strong>presente</strong></span> <span class='ocrx_word' id='word_1_229' title='bbox 484 4043 602 4109; x_wconf 89' lang='lat' dir='ltr'><strong>Petrus</strong></span> <span class='ocrx_word' id='word_1_230' title='bbox 631 4043 715 4109; x_wconf 89' lang='lat' dir='ltr'><strong>filius</strong></span> <span class='ocrx_word' id='word_1_231' title='bbox 751 4044 913 4110; x_wconf 82' lang='lat' dir='ltr'><strong>Johannis</strong></span> <span class='ocrx_word' id='word_1_232' title='bbox 939 4043 978 4108; x_wconf 89' lang='lat' dir='ltr'><strong>de</strong></span> <span class='ocrx_word' id='word_1_233' title='bbox 1004 4042 1199 4110; x_wconf 87' lang='lat' dir='ltr'><strong>Petursolwa</strong></span> <span class='ocrx_word' id='word_1_234' title='bbox 1224 4043 1275 4108; x_wconf 85' lang='lat' dir='ltr'><strong>rel</strong></span> <span class='ocrx_word' id='word_1_235' title='bbox 1299 4043 1447 4110; x_wconf 81' lang='lat' dir='ltr'><strong>Michael</strong></span> 
     </span>
     <span class='ocr_line' id='line_1_32' title="bbox 310 4149 1447 4231; baseline 0.004 -17"><span class='ocrx_word' id='word_1_236' title='bbox 310 4149 395 4215; x_wconf 92' lang='lat' dir='ltr'><strong>filius</strong></span> <span class='ocrx_word' id='word_1_237' title='bbox 405 4149 510 4216; x_wconf 89' lang='lat' dir='ltr'><strong>Blasii</strong></span> <span class='ocrx_word' id='word_1_238' title='bbox 526 4151 565 4216; x_wconf 90' lang='lat' dir='ltr'><strong>de</strong></span> <span class='ocrx_word' id='word_1_239' title='bbox 575 4151 745 4217; x_wconf 81' lang='lat' dir='ltr'><strong>Zouchaal</strong></span> <span class='ocrx_word' id='word_1_240' title='bbox 761 4151 863 4217; x_wconf 86' lang='lat' dir='ltr'><strong>altero</strong></span> <span class='ocrx_word' id='word_1_241' title='bbox 878 4151 1012 4218; x_wconf 84' lang='lat' dir='ltr'><strong>absente</strong></span> <span class='ocrx_word' id='word_1_242' title='bbox 1028 4151 1122 4218; x_wconf 93' lang='lat' dir='ltr'><strong>bomo</strong></span> <span class='ocrx_word' id='word_1_243' title='bbox 1138 4158 1257 4231; x_wconf 87' lang='lat' dir='ltr'><strong>noster,</strong></span> <span class='ocrx_word' id='word_1_244' title='bbox 1267 4151 1310 4217; x_wconf 86' lang='lat' dir='ltr'><strong>ad</strong></span> <span class='ocrx_word' id='word_1_245' title='bbox 1326 4150 1447 4218; x_wconf 84' lang='lat' dir='ltr'><strong>facicm</strong></span> 
     </span>
     <span class='ocr_line' id='line_1_33' title="bbox 311 4257 1446 4343; baseline 0.003 -20"><span class='ocrx_word' id='word_1_246' title='bbox 311 4257 455 4342; x_wconf 86' lang='lat' dir='ltr'><strong>predicte</strong></span> <span class='ocrx_word' id='word_1_247' title='bbox 480 4259 690 4343; x_wconf 88' lang='lat' dir='ltr'><strong>possessionis</strong></span> <span class='ocrx_word' id='word_1_248' title='bbox 715 4259 904 4343; x_wconf 86' lang='lat' dir='ltr'><strong>accedendo,</strong></span> <span class='ocrx_word' id='word_1_249' title='bbox 927 4259 1040 4325; x_wconf 86' lang='lat' dir='ltr'><strong>vicinis</strong></span> <span class='ocrx_word' id='word_1_250' title='bbox 1056 4265 1090 4326; x_wconf 92' lang='lat' dir='ltr'><strong>et</strong></span> <span class='ocrx_word' id='word_1_251' title='bbox 1106 4259 1335 4326; x_wconf 84' lang='lat' dir='ltr'><strong>commetaneis</strong></span> <span class='ocrx_word' id='word_1_252' title='bbox 1361 4261 1446 4326; x_wconf 87' lang='lat' dir='ltr'><strong>eius·</strong></span> 
     </span>
     <span class='ocr_line' id='line_1_34' title="bbox 312 4366 1447 4452; baseline 0.001 -20"><span class='ocrx_word' id='word_1_253' title='bbox 312 4367 385 4432; x_wconf 87' lang='lat' dir='ltr'><strong>dem</strong></span> <span class='ocrx_word' id='word_1_254' title='bbox 415 4366 558 4451; x_wconf 87' lang='lat' dir='ltr'><strong>legitime</strong></span> <span class='ocrx_word' id='word_1_255' title='bbox 604 4369 783 4434; x_wconf 77' lang='lat' dir='ltr'><strong>convocatis</strong></span> <span class='ocrx_word' id='word_1_256' title='bbox 817 4374 850 4433; x_wconf 88' lang='lat' dir='ltr'><strong>et</strong></span> <span class='ocrx_word' id='word_1_257' title='bbox 875 4369 1087 4452; x_wconf 89' lang='lat' dir='ltr'><strong>presentibus,</strong></span> <span class='ocrx_word' id='word_1_258' title='bbox 1112 4368 1296 4434; x_wconf 83' lang='lat' dir='ltr'><strong>resmbulet</strong></span> <span class='ocrx_word' id='word_1_259' title='bbox 1323 4389 1398 4434; x_wconf 84' lang='lat' dir='ltr'><strong>eam</strong></span> <span class='ocrx_word' id='word_1_260' title='bbox 1416 4418 1447 4433; x_wconf 94' lang='lat'><strong>..</strong></span> 
     </span>
     <span class='ocr_line' id='line_1_35' title="bbox 312 4475 1448 4561; baseline 0.001 -19"><span class='ocrx_word' id='word_1_261' title='bbox 312 4475 630 4558; x_wconf 85' lang='lat' dir='ltr'><strong>reambulatamque.</strong></span> <span class='ocrx_word' id='word_1_262' title='bbox 656 4527 662 4541; x_wconf 91' lang='lat'>.</span> <span class='ocrx_word' id='word_1_263' title='bbox 690 4481 815 4542; x_wconf 85' lang='lat' dir='ltr'><strong>statuat</strong></span> <span class='ocrx_word' id='word_1_264' title='bbox 831 4477 965 4542; x_wconf 87' lang='lat' dir='ltr'><strong>eandem</strong></span> <span class='ocrx_word' id='word_1_265' title='bbox 981 4477 1059 4561; x_wconf 93' lang='lat' dir='ltr'><strong>ipsis</strong></span> <span class='ocrx_word' id='word_1_266' title='bbox 1075 4475 1231 4544; x_wconf 85' lang='lat' dir='ltr'><strong>Ladislso</strong></span> <span class='ocrx_word' id='word_1_267' title='bbox 1248 4483 1281 4542; x_wconf 86' lang='lat' dir='ltr'><strong>ct</strong></span> <span class='ocrx_word' id='word_1_268' title='bbox 1295 4476 1321 4542; x_wconf 83' lang='lat' dir='ltr'>J</span> <span class='ocrx_word' id='word_1_269' title='bbox 1322 4478 1448 4543; x_wconf 81' lang='lat' dir='ltr'><strong>ohanni</strong></span> 
     </span>
     <span class='ocr_line' id='line_1_36' title="bbox 311 4581 1448 4669; baseline 0.003 -20"><span class='ocrx_word' id='word_1_270' title='bbox 311 4584 387 4652; x_wconf 91' lang='lat' dir='ltr'><strong>filiis</strong></span> <span class='ocrx_word' id='word_1_271' title='bbox 402 4583 508 4650; x_wconf 84' lang='lat' dir='ltr'><strong>Blasii</strong></span> <span class='ocrx_word' id='word_1_272' title='bbox 524 4589 557 4650; x_wconf 90' lang='lat' dir='ltr'><strong>et</strong></span> <span class='ocrx_word' id='word_1_273' title='bbox 571 4581 704 4650; x_wconf 73' lang='lat' dir='ltr'><strong>Anclree</strong></span> <span class='ocrx_word' id='word_1_274' title='bbox 729 4583 795 4650; x_wconf 91' lang='lat' dir='ltr'><strong>filio</strong></span> <span class='ocrx_word' id='word_1_275' title='bbox 811 4583 987 4663; x_wconf 89' lang='lat' dir='ltr'><strong>Herbordi,</strong></span> <span class='ocrx_word' id='word_1_276' title='bbox 1012 4586 1081 4650; x_wconf 87' lang='lat' dir='ltr'><strong>iure</strong></span> <span class='ocrx_word' id='word_1_277' title='bbox 1106 4605 1169 4667; x_wconf 89' lang='lat' dir='ltr'><strong>quo</strong></span> <span class='ocrx_word' id='word_1_278' title='bbox 1185 4583 1226 4650; x_wconf 86' lang='lat' dir='ltr'><strong>ad</strong></span> <span class='ocrx_word' id='word_1_279' title='bbox 1242 4585 1329 4669; x_wconf 88' lang='lat' dir='ltr'><strong>ipsos</strong></span> <span class='ocrx_word' id='word_1_280' title='bbox 1356 4585 1448 4652; x_wconf 86' lang='lat' dir='ltr'><strong>dino-</strong></span> 
     </span>
     <span class='ocr_line' id='line_1_37' title="bbox 311 4691 1447 4781; baseline 0.002 -22"><span class='ocrx_word' id='word_1_281' title='bbox 311 4691 412 4760; x_wconf 88' lang='lat' dir='ltr'><strong>scitur</strong></span> <span class='ocrx_word' id='word_1_282' title='bbox 436 4692 606 4781; x_wconf 82' lang='lat' dir='ltr'><strong>pertinere,</strong></span> <span class='ocrx_word' id='word_1_283' title='bbox 631 4698 787 4780; x_wconf 86' lang='lat' dir='ltr'><strong>perpetuo</strong></span> <span class='ocrx_word' id='word_1_284' title='bbox 811 4691 1036 4780; x_wconf 85' lang='lat' dir='ltr'><strong>possidendum</strong></span> <span class='ocrx_word' id='word_1_285' title='bbox 1052 4693 1153 4780; x_wconf 88' lang='lat' dir='ltr'><strong>siper</strong></span> <span class='ocrx_word' id='word_1_286' title='bbox 1170 4693 1355 4780; x_wconf 83' lang='lat' dir='ltr'><strong>quempiam</strong></span> <span class='ocrx_word' id='word_1_287' title='bbox 1376 4715 1447 4762; x_wconf 91' lang='lat' dir='ltr'><strong>non</strong></span> 
     </span>
    </p>
   </div>
   <div class='ocr_carea' id='block_1_10' title="bbox 0 0 1594 5470">
    <p class='ocr_par' dir='ltr' id='par_1_10' title="bbox 0 0 1594 5470">
     <span class='ocr_line' id='line_1_38' title="bbox 0 0 1594 5470; baseline 0 0"><span class='ocrx_word' id='word_1_288' title='bbox 0 0 1594 5470; x_wconf 95' lang='lat' dir='ltr'><strong> </strong></span> 
     </span>
    </p>
   </div>
  </div>
 </body>
</html>
