3188 5470
555 558 650 620 1349.
668 560 739 619 nir.
757 558 808 619 16.
1178 562 1240 620 217

119 737 200 802 sitati
218 735 372 801 nobilium
388 738 560 814 comitatus
586 733 795 820 Symigiensis
821 735 903 800 feria
929 734 1071 800 secunda
1097 737 1243 822 proxima

120 851 185 925 post
201 844 383 928 quindenas
399 845 473 910 sesti
490 845 577 910 beati
603 839 738 928 Georgii
763 843 906 908 martiris
932 865 1033 928 prope
1059 843 1245 932 Sumuguar

119 953 287 1034 celebrata,
297 953 324 1019 J
324 954 466 1020 ohannes
476 953 582 1019 dictus
592 951 745 1018 Darabos
763 1003 768 1016 .
786 1004 792 1017 .
809 973 869 1035 pro
879 953 1036 1036 magistro
1047 953 1146 1019 Petro
1156 955 1242 1022 dieto

120 1059 204 1125 Tuus
222 1061 291 1127 filio
307 1062 469 1128 Johannis
485 1060 546 1126 filii
563 1059 681 1144 Treplr,
697 1059 736 1125 de
755 1060 861 1125 medio
877 1060 1015 1126 aliorum
1032 1063 1243 1147 exsurgendo,

124 1172 287 1254 proposuit
297 1171 357 1237 tali
365 1170 468 1248 modo,
485 1170 570 1254 quod
587 1168 772 1252 Stephanus
781 1168 869 1234 lilius
879 1169 1023 1255 Philippi
1040 1170 1079 1236 de
1095 1172 1245 1256 Keethol,

123 1303 254 1347 unacum
271 1279 423 1345 Johanne
432 1278 502 1343 filio
511 1277 608 1344 Pauli
619 1277 657 1342 (16
668 1275 839 1360 Kyslolrud
855 1279 1012 1344 serviente
1028 1301 1094 1360 suo,
1111 1280 1245 1350 sabbato

119 1390 257 1473 proximo
274 1396 350 1454 ante
366 1387 560 1454 dominicam
576 1385 601 1454 J
603 1385 705 1463 udica,
730 1385 821 1452 cuius
847 1386 987 1452 secunda
1012 1387 1156 1470 proxime
1172 1413 1244 1474 pre·

118 1498 254 1563 iniisset
270 1497 429 1562 revolucio
445 1495 604 1572 annualis,
624 1492 792 1559 Andream
809 1494 945 1559 fratrem
962 1517 1054 1562 suum
1071 1496 1104 1561 in
1121 1520 1244 1582 posses·

120 1608 200 1671 sione
217 1628 278 1670 suu
293 1607 377 1671 Irata
394 1611 504 1670 vocata
522 1605 554 1668 in
571 1602 664 1668 domo
683 1623 742 1668 sua
758 1603 862 1688 culpis
878 1604 945 1668 suis
962 1625 1025 1668 non
1042 1605 1241 1689 exigentibus

119 1714 334 1796 interfecisset,
360 1713 466 1798 capud
482 1711 624 1778 eiusdem
650 1709 866 1796 amputanda,
892 1712 949 1777 lite
975 1713 1133 1796 pendente
1159 1715 1245 1782 inter

118 1823 216 1906 ipsos;
234 1829 267 1887 et
282 1823 343 1887 hoc
359 1820 517 1886 iudicibus
533 1819 689 1884 nobilium
705 1819 886 1900 iuratisque
911 1809 1126 1888 assessoribus
1143 1823 1244 1908 ipsius

117 1929 376 2015 congregacionis
393 1933 502 1994 nostre
518 1951 556 1994 ac
571 1928 726 1993 universis
743 1926 905 1991 nobilibus
920 1927 1057 2009 predicti
1074 1931 1245 1997 comitatus

117 2047 275 2105 constaret
291 2037 461 2116 evidenter,
478 2043 591 2122 petens
610 2057 666 2102 nos
683 2037 716 2100 in
733 2055 870 2120 persona
888 2035 966 2100 dicti
987 2038 1135 2121 magistri
1151 2039 1242 2105 Petri

117 2171 182 2212 cum
199 2145 370 2227 instancia,
387 2150 424 2209 ut
440 2144 582 2226 qualiter
597 2144 676 2228 ipsis
693 2145 811 2208 veritas
828 2165 924 2226 super
940 2145 1104 2227 premissis
1120 2152 1245 2214 consta·

117 2261 170 2332 ret
186 2254 317 2319 eosdem
332 2253 588 2338 requireremns3
612 2273 750 2335 cumque
767 2273 824 2316 uos
841 2257 1033 2318 memoratos
1050 2253 1172 2320 iudices
1189 2278 1243 2320 no·

118 2364 228 2429 bilium
245 2364 431 2446 iuratusque
441 2383 618 2428 assessores
629 2383 666 2426 ao
676 2361 841 2426 universos
852 2359 975 2424 nobiles
985 2361 1062 2428 dicti
1073 2364 1246 2430 comitatus

117 2477 242 2556 petente
259 2470 385 2555 prelato
401 2473 613 2554 procuratore
638 2467 739 2551 ipsius
765 2467 912 2550 magistri
937 2469 1028 2534 Petri
1054 2491 1151 2554 super
1176 2494 1247 2556 prc-

115 2581 217 2646 missis
233 2579 406 2660 requisitos
423 2577 656 2658 habuissemus,
673 2576 770 2642 iidem
786 2576 907 2642 iudices
924 2577 1080 2642 nobilium
1097 2584 1131 2644 ct
1147 2581 1245 2647 iurati

117 2709 293 2754 assessores
309 2686 446 2770 pretacti
463 2687 642 2768 comitatus,
659 2685 701 2750 ad
716 2684 815 2750 fidem
833 2705 943 2749 eorum
969 2685 1028 2750 deo
1056 2687 1197 2754 debitam
1214 2695 1247 2755 et

116 2797 305 2862 fidelitatem
320 2795 382 2879 ipsi
398 2795 527 2860 domino
544 2799 654 2859 nostro
670 2794 738 2876 regi
764 2812 885 2874 sueque
911 2814 1002 2858 sacre
1027 2815 1142 2860 corone
1159 2797 1246 2881 regie

113 2925 170 2986 pro
185 2903 325 2968 dicenda
340 2903 475 2968 veritate
495 2901 586 2968 nobis
603 2901 783 2986 prestitum,
803 2923 842 2966 ac
867 2901 1006 2967 universi
1022 2901 1145 2968 nobiles
1162 2905 1246 2970 simi·

114 3013 187 3076 liter
203 3011 346 3076 ciusdem
357 3012 536 3090 comitatus,
547 3011 652 3096 ipsum
663 3007 830 3075 Andream
842 3029 899 3092 per
910 3008 1031 3074 dictum
1042 3009 1245 3095 Stephanum

113 3121 218 3185 filiurn
234 3119 380 3203 Philippi
395 3119 489 3184 modo
506 3119 661 3203 premisso
682 3117 887 3183 interfectum
903 3117 1073 3198 exstitisse,
1100 3123 1245 3187 unanimi

112 3237 144 3294 et
159 3229 313 3294 concordi
328 3226 558 3294 testificatione
575 3226 790 3294 affirmarunt.
807 3229 848 3295 In
858 3229 950 3294 cuins
966 3227 1195 3296 affirmacionis
1213 3235 1246 3295 et

112 3335 577 3402 testificationistestimonium
586 3342 752 3420 presentes
762 3335 874 3401 litera's
884 3341 1020 3416 nostras,
1030 3341 1151 3416 nostra,
1161 3337 1242 3404 vice-

111 3442 239 3510 comitis
255 3449 287 3507 ct
303 3442 463 3508 dictorum
479 3443 620 3509 iudicum
631 3443 787 3509 nobilium
798 3443 912 3529 sigillis
923 3445 1132 3510 confirmatas
1143 3445 1248 3510 eidem

111 3553 263 3618 duximus
280 3551 508 3617 concedendas.
534 3551 659 3616 Datum
684 3559 774 3617 sexto
800 3553 851 3617 die
876 3552 961 3619 dicte
987 3553 1247 3637 congregacionis

109 3668 223 3727 nostre
239 3661 271 3725 in
287 3661 357 3726 loco
374 3666 553 3745 prenotato,
570 3681 655 3726 anno
671 3661 792 3726 domini
808 3661 860 3728 M⁰
875 3660 972 3730 000⁰
987 3659 1092 3726 XL¹¹¹⁰
1109 3681 1202 3727 nono.

222 3843 375 3907 Eatlapjan
387 3843 519 3906 kdzepett
531 3858 547 3890 a
557 3842 645 3892 cador
666 3842 839 3906 pecsetjevcl,
853 3844 956 3905 melyet
978 3845 1008 3892 bt
1031 3843 1140 3894 kissebb
1154 3841 1246 3906 penset

107 3949 171 3983 vesz
186 3933 278 3983 kordl.
301 3932 442 3996 Eredetije
464 3948 496 3982 az
517 3947 585 3982 orsa.
608 3933 639 3982 lt.
654 3933 752 3983 kinost.
773 3938 840 3984 oszt.
854 3935 888 3984 N.
902 3936 936 3986 R.
950 3933 982 3983 A.
998 3939 1021 3984 8.
1036 3938 1078 3984 62.
1092 3932 1160 3997 dipl.
1174 3936 1243 3982 oazt.

109 4029 191 4074 4011.
213 4023 313 4072 Kczli:
335 4023 444 4073 Koraos
457 4021 490 4072 N.
