3226 5462
510 511 606 586 1347.
622 523 752 586 Jsuoiu
769 511 820 587 30.
1020 509 1022 512 ’
1127 604 1131 615 ι
1214 519 1232 584 a

98 695 189 766 boves
206 706 240 766 et
255 695 337 766 alias
354 701 580 781 quaslibetres
592 725 666 769 suas
683 752 690 768 .
707 753 715 768 .
732 701 959 786 abstulissent3
980 723 1081 787 quare
1097 754 1104 769 .
1120 753 1128 768 .
1144 725 1233 768 man·

98 811 217 890 damus,
249 817 410 893 quatenus
440 818 583 877 vestrm
614 813 752 879 mittatis
782 813 945 880 hominem
960 836 1019 898 pro
1049 813 1233 880 testimonio

98 918 301 1004 fidedignum‚
327 941 391 1002 quo
411 926 562 1003 presente
582 911 682 988 Unoh
697 920 737 986 de
753 921 873 987 Peohel
888 921 939 986 uel
955 921 1130 988 Ladislaus
1146 920 1232 986 filius

99 1027 218 1094 'lhome
237 1028 277 1093 de
302 1019 416 1094 eedem
432 1077 439 1092 .
456 1081 463 1094 .
480 1029 577 1096 homo
592 1035 702 1094 noster
718 1079 725 1093 .
743 1079 749 1092 .
766 1029 805 1094 de
830 1030 995 1113 premissis
1020 1029 1103 1094 sciat
1128 1036 1162 1094 et
1185 1030 1233 1094 in-

99 1137 205 1217 quirat
219 1137 436 1202 omnimodam
451 1137 623 1202 veritatem
638 1185 645 1204 .
663 1186 670 1201 .
686 1135 811 1202 Datum
827 1133 929 1218 Bada,
945 1137 1077 1202 infesto
1093 1138 1232 1204 Oonver-

99 1247 193 1310 sionis
218 1243 308 1310 beati
323 1243 420 1311 Pauli
436 1243 584 1336 apostoli,
601 1265 686 1310 anno
711 1245 832 1310 domini
856 1244 932 1310 Μ“10
959 1242 1080 1312 OOCmo
1109 1243 1230 1310 XLmo

101 1355 241 1437 septimo.

200 1499 226 1551 A
237 1499 352 1562 tihauyi
364 1500 539 1549 conventuali
551 1513 717 1564 ugyanoaon
729 1498 774 1550 evi
784 1497 975 1563 jelenttsebttl,
993 1497 1124 1560 melynek
1137 1497 1229 1549 erede-

102 1587 149 1652 tije
162 1605 279 1653 magron
295 1605 312 1640 a
325 1592 372 1654 hg.
382 1591 555 1655 Eezt-orhazy
565 1605 601 1640 cs.
615 1589 781 1641 kimnartoni
794 1589 931 1656 lttrsbon,
946 1595 988 1638 47.
1002 1589 1033 1640 Β.
1047 1595 1087 1639 14.

580 1807 738 1815 *-

644 1991 673 2052 3.

101 2151 191 2213 1347.
199 2154 271 2235 jao.
282 2151 335 2214 30.
354 2149 418 2214 Pel
427 2149 608 2234 oraqubiro'
616 2147 876 2234 biso-opaciqlevele
886 2145 984 2227 orro'l,
995 2150 1074 2236 boqy
1084 2148 1229 2214 Boletos·

98 2257 196 2321 Jonas
203 2257 333 2338 fioiook
351 2256 508 2342 elleaselei
522 2281 543 2321 a
558 2256 689 2346 ttetzae
700 2257 900 2344 llatdmtapoa
916 2281 953 2321 oz
969 2256 1149 2342 orszctybiro
1156 2258 1229 2322 eloe

509 2387 580 2429 nom
595 2363 725 2448 jeleatelc
741 2387 817 2452 tracy.

200 2545 268 2612 Nos
280 2543 761 2612 comesPaulusiudexourie..
778 2545 935 2611 memorie
956 2546 1227 2628 commendamus,

99 2655 179 2735 quod
194 2656 283 2722 nobis
299 2658 334 2721 in
350 2657 471 2722 octavis
487 2655 551 2720 diei
562 2653 775 2721 Streunarum
791 2654 825 2718 in
841 2654 915 2719 sede
928 2661 1039 2721 nostra
1054 2655 1227 2721 iudiciaria

99 2764 274 2831 sedentibus
301 2771 334 2830 et
358 2764 503 2830 causales
527 2785 697 2849 processus
722 2763 940 2845 quorumlibet
964 2763 1167 2848 litiganoium
1192 2765 1228 2829 in
1292 2830 1296 2838 ,

101 2879 220 2938 statera
244 2873 400 2955 equitatis
416 2871 670 2955 dimeoientibus,
699 2870 874 2938 Ladislaus
904 2877 937 2936 et
968 2871 1134 2938 Fabianus
1165 2872 1225 2940 filii

98 2979 253 3046 Johannis
278 2981 319 3046 de
338 2980 469 3046 Ballxsu
493 3029 524 3046 ..
552 2980 709 3062 quasdam
734 2979 847 3045 literas
877 2977 1021 3062 religiosi
1052 2987 1226 3046 conventus

98 3089 224 3155 ecclesie
239 3089 345 3155 sancti
361 3089 520 3174 Stephani
551 3087 790 3172 protomartiris
816 3088 856 3153 de
872 3089 1092 3172 promontorio
1108 3081 1226 3156 Warass

97 3195 193 3263 diensi
218 3248 249 3264 ..
274 3199 308 3262 in
334 3197 416 3262 festo
440 3195 536 3262 beate
566 3195 751 3264 Katherine
791 3196 924 3279 virginis
955 3218 1041 3262 nunc
1080 3198 1226 3280 proxime

99 3305 243 3387 preterito
268 3311 445 3389 emanatas,
469 3304 561 3370 nobis
577 3309 807 3389 presentarunt
831 3304 919 3370 hunc
948 3312 1093 3370 tenorem
1125 3306 1226 3372 conti-

100 3421 202 3480 nentes
218 3465 225 3479 .
242 3465 249 3478 .
265 3413 428 3480 Lodovioo
445 3463 452 3478 .
469 3465 476 3480 .
492 3415 561 3497 regi
577 3463 584 3478 .
603 3464 609 3479 .
626 3414 652 3480 J
653 3415 795 3480 ohannes
813 3413 998 3499 prepositus
1009 3419 1042 3478 et
1051 3419 1238 3481 conventus

99 3524 277 3590 monasterii
311 3523 416 3589 sancti
447 3521 606 3607 Stephani
636 3523 874 3607 protomartiris
917 3523 958 3589 de
998 3524 1220 3607 promontorio

100 3631 299 3698 ll'aradiensi
324 3681 353 3697 ..
378 3633 504 3698 noverit
532 3637 641 3698 vestra
671 3630 873 3714 excellencia,
913 3631 1000 3713 quod
1031 3654 1107 3698 cum
1131 3632 1225 3697 iuxta

98 3743 279 3808 mandatum
303 3749 446 3808 vestrum
472 3791 500 3806 ..
526 3739 608 3806 alias
633 3739 745 3806 literas
776 3746 901 3806 vestras
927 3761 987 3825 pro
1011 3739 1167 3807 Ladislao
1191 3747 1225 3806 et

98 3847 237 3916 Fabiano
252 3851 329 3916 filiis
345 3851 371 3916 J
372 3850 508 3916 ohannis
533 3849 573 3914 de
597 3848 728 3914 Balhan
753 3849 846 3914 datas
872 3855 905 3915 et
921 3849 1090 3932 confectas,
1115 3871 1175 3935 per
1190 3899 1222 3916 ..

98 3955 223 4024 fratrem
237 3958 428 4025 Ladislaum
444 3957 609 4023 custodem
624 3957 813 4022 monasterii
828 3957 931 4023 nostri
946 3979 1046 4023 uuum
1062 3979 1102 4022 ex
1118 3957 1219 4040 nobis,

98 4065 215 4132 ‚lambo
230 4073 264 4133 et
278 4066 382 4134 Paulo
398 4067 563 4150 magistris
578 4065 654 4131 filiis
670 4065 782 4130 Dousc
808 4065 977 4130 comitibus
1002 4066 1042 4131 de
1066 4065 1221 4133 Zabouch

99 4177 388 4258 transmisissemus,
419 4176 551 4241 tandem
565 4175 650 4240 idem
666 4174 768 4240 freter
782 4174 956 4240 Ladislaus
972 4224 979 4240 .
996 4224 1003 4240 .
1019 4173 1110 4252 dixit,
1135 4175 1222 4256 quod

101 4283 195 4348 tercia
209 4283 290 4349 feria
305 4283 452 4367 proxima
468 4289 545 4348 ante
559 4281 677 4348 festum
692 4281 781 4347 beati
797 4279 973 4348 Clementis
989 4303 1073 4368 pape
1089 4287 1123 4348 et
1137 4303 1221 4348 mar·

101 4391 170 4456 tiris
182 4392 324 4476 proxime
339 4392 504 4476 preterita,
519 4390 681 4475 predictas
705 4389 818 4456 literas
834 4396 958 4456 vestras
985 4390 1221 4474 prenominatis

102 4497 126 4563 J
127 4499 219 4565 ooobo
235 4507 267 4566 ot
282 4499 388 4566 Paulo
403 4499 569 4584 magistris
584 4498 660 4564 filiis
684 4498 796 4564 Douse
811 4499 846 4564 in
861 4497 939 4564 villa
954 4497 1080 4567 Kallou
1094 4501 1130 4566 in
1146 4499 1221 4566 sede

101 4606 235 4688 ipsorum
260 4609 431 4674 iudiciaria
450 4607 656 4686 exhibuisset,
682 4606 799 4688 quibus
823 4608 898 4674 visis
915 4613 948 4673 et
972 4607 1134 4695 perlectis,
1149 4629 1221 4692 per·

100 4717 256 4798 captisque
271 4716 436 4782 tenoribus
461 4715 654 4798 earumdem,
670 4714 798 4781 easdem
814 4715 925 4780 literas
941 4723 1074 4800 vestras,
1090 4716 1221 4782 mauda-

1081 4843 1112 4894 1*
