3138 5462
338 497 380 558 82
690 507 877 555 rnrouxonr
893 492 1106 552 oxuturrln.

338 677 564 739 contentarum
575 671 728 748 seriatim,
737 669 779 736 ab
788 669 924 734 invicem
941 667 1473 750 sequestrassentetseparassent,

338 803 376 846 ac
391 783 483 846 iuxta
499 785 603 846 metas
619 779 771 862 antiquas
787 798 885 843 novas
901 782 1004 842 metas
1021 778 1209 853 erexissent,
1234 779 1474 858 sequestratas-

337 909 401 972 que
417 888 502 952 alter
519 887 615 952 alteri
631 906 724 950 snum
740 885 789 950 ius
805 882 939 968 pacifice
958 883 1134 948 dimisisset
1150 888 1182 947 et
1198 882 1383 965 reliquisset
1398 902 1475 965 pos-

338 995 517 1061 sidendum.
541 995 633 1060 Mete
649 999 757 1058 antem
777 991 894 1076 quibus
911 991 997 1056 dicte
1023 991 1240 1074 possessiones
1265 989 1307 1054 ab
1332 989 1475 1054 invicem

338 1108 628 1186 sequestrarentur,
639 1106 736 1186 prout
751 1100 836 1165 idem
851 1101 1006 1182 magister
1017 1098 1161 1164 Thomas
1178 1099 1271 1163 homo
1287 1097 1366 1163 dieti
1382 1097 1476 1181 capi·

337 1211 398 1277 tuli
408 1210 535 1276 etdicte
551 1217 660 1293 partos
677 1209 782 1273 eidem
797 1207 939 1292 capitulo
956 1207 1152 1284 retulissent,
1168 1226 1249 1287 quas
1266 1207 1368 1271 eciam
1384 1203 1476 1269 idem

338 1318 517 1404 capitulum
542 1319 575 1382 in
600 1316 724 1402 prelato
755 1315 876 1382 domini
902 1314 1035 1381 Andree
1069 1315 1154 1397 regis
1179 1313 1348 1398 privilegio
1379 1321 1413 1378 et
1439 1315 1476 1376 in

333 1427 478 1510 quodam
493 1427 632 1510 registro
647 1447 705 1510 per
721 1425 856 1490 eundem
876 1425 1036 1489 hominem
1052 1424 1153 1507 ipsius
1170 1423 1305 1506 capituli
1329 1423 1363 1486 in
1389 1421 1478 1485 facie

338 1535 499 1600 dictarum
515 1535 752 1618 possessionum
784 1531 914 1597 vidisset
945 1531 1110 1614 contineri,
1138 1531 1196 1595 hoo
1212 1530 1323 1596 ordine
1343 1533 1477 1613 proten-

338 1643 507 1708 derentur:
532 1641 619 1725 quod
634 1641 740 1725 prima
755 1647 841 1705 meta
862 1641 1059 1723 inciperetur
1075 1661 1095 1703 a
1110 1639 1214 1703 rivulo
1230 1639 1364 1704 Rekche
1381 1638 1478 1701 iuxta

339 1750 500 1835 quendam
531 1751 637 1814 locum
667 1747 892 1832 Rakathyasto
923 1754 1085 1826 vocatum,
1110 1747 1201 1811 etin
1226 1747 1337 1812 eodem
1367 1744 1478 1810 rivulo

339 1857 541 1924 ascendendo
567 1857 697 1922 caderet
723 1859 755 1921 in
781 1856 881 1921 alium
907 1857 1045 1921 rivulum
1070 1856 1312 1940 Kenewpataka
1337 1855 1478 1935 dictum,

340 1964 396 2030 nbi
421 1965 619 2048 inciperetur
645 1964 750 2046 prima
776 1969 863 2028 meta
888 1963 967 2028 dicti
1001 1963 1127 2045 antiqui
1159 1962 1317 2046 privilegii
1350 1963 1479 2027 domini

339 2071 473 2137 Andree
489 2071 584 2154 regis,
601 2077 634 2135 et
649 2070 763 2134 deinde
779 2071 813 2134 in
829 2070 940 2134 eodem
956 2071 1060 2134 rivulo
1081 2077 1194 2135 contra
1209 2076 1353 2136 meatum
1370 2071 1479 2154 ipsius

341 2179 436 2245 rivuli
447 2179 489 2244 ad
499 2186 623 2263 partem
634 2178 877 2243 meridionalem
893 2179 1095 2244 ascendendo
1112 2179 1217 2244 exiret
1231 2178 1272 2243 ab
1289 2179 1359 2262 ipso
1369 2178 1479 2243 rivulo

342 2288 383 2352 ad
400 2287 481 2352 duas
498 2295 600 2352 metas
615 2293 739 2352 terreas
755 2287 794 2351 de
811 2309 890 2351 novo
907 2293 1041 2370 erectas,
1066 2294 1099 2352 et
1123 2289 1284 2352 transiens
1309 2287 1479 2372 quoddam

340 2403 469 2480 pratum
495 2396 536 2460 ad
562 2395 696 2460 eandem
723 2395 852 2479 plagam
878 2396 1002 2460 veniret
1018 2395 1058 2460 ad
1076 2395 1238 2480 quendam
1261 2396 1480 2462 monticulum

340 2503 428 2569 halm
445 2512 592 2570 vocatum
610 2503 668 2569 sub
686 2525 749 2589 quo
765 2510 851 2569 esset
875 2504 972 2568 arbor
988 2505 1076 2569 kerci
1092 2507 1180 2570 meta
1203 2513 1311 2570 terrea
1336 2506 1479 2570 circnm-

338 2613 419 2692 fusa
435 2617 524 2680 iuxta
540 2637 637 2698 quam
653 2614 737 2678 dicte
756 2620 865 2697 partes
882 2636 995 2678 novam
1012 2620 1133 2678 metam
1149 2616 1334 2707 erexissent,
1352 2614 1478 2680 abhinc

339 2721 560 2787 reflecteretur
576 2722 616 2786 ἃᾶ
637 2728 762 2806 partem
787 2721 1018 2787 occidentalem
1039 2728 1072 2786 et
1087 2722 1298 2788 descenderet
1313 2724 1354 2787 ἃᾶ
1371 2743 1480 2787 unam

338 2831 453 2895 vallem
478 2831 533 2896 ubi
549 2838 634 2896 esset
650 2853 713 2895 una
730 2838 817 2895 meta
833 2832 977 2912 antiqua,
997 2831 1088 2896 iuxta
1105 2853 1202 2916 quam
1220 2853 1333 2896 novam
1350 2837 1478 2898 metam

340 2939 526 3017 erexissent,
543 2938 659 3002 deinde
676 2938 939 3003 versuseandem
965 2937 1096 3022 plagam
1122 2939 1323 3004 ascendendo
1348 2940 1481 3003 veniret

339 3045 380 3109 ad
396 3068 495 3111 unum
510 3046 610 3111 berch
626 3045 858 3110 Iwanusauasa
874 3044 1005 3128 dictum,
1026 3047 1059 3110 in
1080 3048 1171 3112 cuius
1187 3047 1289 3112 latere
1306 3055 1391 3112 esset
1408 3069 1480 3112 una

339 3160 425 3218 meta
441 3154 577 3236 antiqua
602 3153 692 3218 iuxta
709 3175 805 3236 qnam
822 3173 937 3217 novam
953 3159 1072 3217 metam
1089 3154 1275 3238 erexissent,
1299 3162 1332 3220 et
1347 3155 1393 3219 ibi
1411 3163 1481 3220 ter-

341 3262 553 3326 minarentur.
578 3259 724 3344 Qnarnm
744 3263 954 3327 contineneiis
979 3263 1054 3327 visis
1079 3270 1112 3328 et
1127 3264 1287 3347 perlectis,
1312 3265 1397 3329 idem
1415 3265 1480 3330 do-

342 3369 465 3434 hannes
489 3368 574 3434 filins
600 3368 730 3434 Nicolai
755 3371 795 3434 de
822 3372 1032 3436 contineneiis
1057 3372 1277 3455 predictarum
1302 3373 1480 3439 literarum

340 3479 442 3560 ipsius
468 3477 602 3560 capituli
634 3479 767 3542 ecclesie
792 3477 965 3562 Agriensis
989 3482 1174 3563 patencinm
1205 3503 1268 3546 non
1294 3488 1483 3565 contentus,

341 3585 542 3668 privilegium
560 3587 660 3668 ipsius
678 3587 797 3652 domini
813 3586 945 3653 Andree
962 3591 1047 3672 regis
1064 3611 1123 3672 per
1143 3591 1282 3656 eundem
1297 3591 1481 3657 Nicolaum

339 3693 461 3758 dictum
478 3690 606 3777 Cynege
622 3695 655 3758 in
672 3697 777 3778 specie
803 3698 986 3779 postularat
1004 3697 1158 3776 exhiberi,
1190 3699 1359 3784 dictusque
1374 3699 1482 3765 Nico-

340 3802 413 3865 laus
430 3801 535 3884 ipsum
559 3801 763 3886 privilegium
788 3810 867 3870 tnnc
892 3806 1044 3870 exhibere
1069 3827 1133 3870 non
1158 3807 1265 3872 valere
1290 3811 1482 3891 asserendo,

343 3909 385 3973 ad
401 3908 543 3974 eiusdem
559 3909 792 3976 exhibicionem
803 3935 823 3976 a
833 3913 924 3978 nobis
940 3914 1114 3979 terminum
1125 3915 1310 3982 ulteriorem
1327 3919 1478 4002 postula-

343 4023 395 4082 rat
414 4017 583 4099 assignari,
607 4039 729 4101 nosque
755 4019 797 4083 ad
822 4021 980 4086 dictorum
1005 4022 1292 4088 instrumentorum
1312 4025 1483 4110 privilegi-

341 4126 443 4190 alinm
459 4125 693 4190 exhibicionem
710 4133 840 4194 octavas
856 4128 931 4193 festi
955 4129 1042 4194 beati
1068 4128 1203 4214 Georgii
1228 4134 1371 4197 martiris
1396 4140 1483 4200 tunc

339 4234 514 4315 preteritas
531 4234 633 4299 eidem
649 4234 785 4301 Nicolao
810 4234 897 4302 dicto
922 4237 1050 4322 Cynege
1075 4240 1334 4323 assignaremus3
1357 4243 1484 4308 deinde

339 4341 413 4424 ipsa
439 4343 697 4410 instrumentalis
729 4346 887 4412 exhibicio
912 4349 1001 4430 regio
1032 4347 1137 4412 edicto
1168 4350 1400 4416 interveniente
1436 4354 1483 4417 ad

342 4450 522 4532 quindenas
538 4451 714 4517 residencic
730 4455 850 4536 regalis
868 4457 1027 4520 exercitus
1038 4456 1080 4520 ad
1090 4462 1220 4521 octavas
1235 4457 1308 4523 festi
1319 4455 1484 4525 Omnium

342 4555 541 4623 Sanctorum
557 4562 700 4644 proxime
717 4564 889 4644 preteritas
915 4565 1115 4646 proclamate
1141 4567 1294 4630 extiterat
1318 4567 1486 4648 dilatata3

289 4691 293 4698 ·
340 4665 471 4730 tandem
487 4667 565 4750 ipsis
583 4668 753 4748 quindenis
770 4671 946 4735 residenoie
972 4671 1091 4755 regalis
1117 4673 1278 4738 exercitus
1304 4673 1484 4742 advenien-
