3180 5466
344 546 407 604 538
713 563 889 606 assounosr
908 550 1113 604 euulsisti.

329 723 407 786 suis
424 720 610 804 prenotatis,
628 721 687 785 sub
704 719 903 803 expeditoriu
929 722 1079 784 alencione
1097 741 1134 784 ac
1154 721 1226 786 aliis
1243 719 1389 785 articulis
1406 719 1470 784 lite·

344 833 389 896 ris
405 831 439 895 in
456 829 575 894 eisdem
592 829 774 894 declaratis.

449 993 572 1042 Pelsllczi
586 993 679 1042 Bebek
692 995 776 1042 Detre
802 993 943 1043 uddornalz
974 999 1049 1043 1399.
1070 993 1136 1056 mdj.
1151 993 1236 1042 3·kltn
1251 993 1310 1042 kelt
1324 992 1468 1054 ltsleteblll,

342 1084 471 1146 melynek
495 1083 625 1146 credetije
651 1097 768 1148 megvan
791 1098 823 1132 az
846 1097 913 1132 orsa.
938 1085 969 1132 lt.
996 1083 1094 1132 kincst.
1117 1087 1185 1132 oszt.
1200 1084 1232 1131 N.
1247 1084 1281 1132 R.
1295 1083 1418 1132 A.1544.
1433 1089 1469 1133 79.

341 1173 407 1235 dipl.
422 1177 489 1222 oszt.
504 1161 582 1221 4'228.
602 1173 643 1221 ΑΖ
657 1172 791 1222 lteletben
804 1187 871 1222 ezen
890 1173 1029 1222 birtokrol
1051 1187 1103 1238 egy
1125 1172 1214 1222 mesik
1227 1172 1344 1222 hasonlo
1359 1173 1471 1238 zellogle·

342 1261 385 1309 vel
399 1261 532 1312 kivonats
546 1263 568 1311 is
579 1262 733 1326 elsesheim,
750 1267 826 1312 1351.
840 1267 892 1312 oct.
907 1263 1052 1312 26·ilrdrol.
1072 1263 1171 1312 Kozli:
1192 1262 1301 1312 Koraos
1314 1264 1348 1311 N.

867 1591 940 1653 330.

344 1750 438 1812 1352.
456 1750 568 1830 Bada,
576 1756 652 1836 joa.
670 1753 701 1813 4.
729 1751 755 1813 Ι.
775 1750 877 1835 Lnjos
909 1751 1019 1837 lcir'cily
1036 1775 1055 1814 c
1073 1749 1351 1836 nroplmnazukudt
1368 1747 1473 1814 Gezthi

343 1857 444 1918 Kendz
461 1855 596 1936 fiainale
621 1855 714 1922 Gezth
743 1862 772 1922 e's
812 1859 914 1944 Paldy
942 1866 1020 1921 neoll
1039 1858 1182 1944 Pozsony
1212 1861 1408 1943 velrmepyee‘,
1441 1861 1469 1918 ἐκ

342 1965 444 2028 Kaisa
462 1973 543 2028 nevil
564 1967 685 2052 Nyilra
712 1971 892 2052 urirmeppei
916 1967 1069 2030 dirtokuil
1092 1965 1240 2052 Jobbdpy
1261 1965 1472 2050 unoka'jdanlc

460 2075 618 2159 Bessenyd
633 2074 806 2139 Jdnosnak
824 2080 854 2138 ds
870 2076 1072 2138 leslue'reinelc
1089 2075 1339 2159 nrlcmdnyozzn.

448 2235 559 2301 Litere
575 2287 582 2300 .
600 2287 606 2300 .
623 2237 778 2302 Lodovici
794 2237 887 2318 regis,
904 2237 996 2302 Bude
1013 2237 1093 2302 feria
1110 2244 1229 2320 quarta
1244 2237 1471 2320 proximapost

343 2343 459 2408 festum
471 2345 730 2412 Circumcisiouis
742 2344 862 2409 domini
880 2367 963 2409 anno
975 2345 1117 2410 eiusdem
1127 2345 1302 2410 Millesimo
1321 2349 1471 2407 trecente·

343 2453 422 2518 simo
439 2454 705 2537 quinquagesimo
731 2455 870 2519 secundo
887 2454 1028 2520 confecte
1055 2453 1294 2539 exprimebant:
1312 2451 1399 2534 quod
1415 2451 1438 2514 J
1442 2472 1469 2514 o

342 2560 465 2626 hannes
482 2562 586 2628 dictus
602 2564 755 2629 Besenew
771 2562 856 2628 filius
872 2564 1046 2629 Michaelis
1065 2563 1123 2627 filii
1139 2563 1164 2628 J
1166 2561 1268 2646 obagy
1280 2561 1321 2626 ad
1330 2561 1450 2643 ipsius.
1465 2612 1470 2624 .

341 2667 494 2734 Lodovici
511 2674 596 2754 regis
606 2673 806 2756 presenciam
822 2672 1011 2754 accedendo,
1021 2671 1194 2736 declaratis
1205 2670 1308 2734 eidem
1319 2669 1386 2734 suis
1396 2667 1470 2732 lide-

341 2776 489 2842 litatibus
506 2785 539 2842 et
555 2781 761 2844 serviciorum
786 2780 984 2844 multimodis
1001 2779 1126 2844 meritis
1149 2777 1210 2842 sibi
1226 2777 1388 2860 impensis,
1405 2777 1470 2840 uni·

343 2905 452 2950 versas
469 2889 685 2969 possessiones
702 2895 735 2954 et
751 2890 1017 2971 possessionarias
1034 2890 1201 2972 porciones
1218 2885 1382 2970 quondam
1398 2883 1469 2948 Phi-

342 2992 421 3074 lippi
439 3001 471 3057 et
486 2995 577 3059 Petri
595 2993 733 3060 filiorum
750 2995 863 3060 Kenez
889 2996 928 3058 de
955 2995 1061 3062 Gczth
1081 2995 1246 3059 hominum
1272 2994 1341 3058 sine
1356 2991 1467 3056 herede

343 3101 577 3182 decedendum,
594 3106 711 3188 ubique
737 3107 769 3168 in
796 3127 895 3187 regno
913 3113 1022 3169 nostro
1039 3105 1211 3168 existentes
1228 3109 1260 3167 et
1277 3099 1467 3185 quomodoli-

239 3192 241 3198 ¹
344 3209 399 3274 bet
416 3213 580 3288 vocitatas,
598 3213 781 3296 specialiter
797 3213 973 3294 predictam
992 3211 1097 3278 Genth
1115 3217 1147 3274 et
1162 3209 1265 3293 Paldy
1285 3215 1415 3273 vocatas
1437 3207 1466 3269 in

343 3318 543 3400 Posoniensi,
554 3342 592 3384 ac
603 3321 735 3404 Kyurth
753 3321 950 3384 nominatam
967 3321 1000 3383 in
1017 3319 1175 3385 Nitriensi
1191 3317 1407 3398 comitatibus,
1422 3337 1467 3379 as-

340 3445 448 3490 serens
465 3421 550 3509 ipsos
568 3427 755 3509 Philippum
773 3434 805 3490 et
821 3427 957 3490 Petrum
968 3426 1094 3491 volente
1105 3427 1233 3491 domino
1249 3424 1407 3490 heredum
1423 3444 1466 3487 so·

340 3532 431 3597 laniis
449 3534 627 3611 exorbatos
652 3541 739 3598 etex
766 3557 802 3598 eo
815 3535 901 3616 ipsas
927 3536 1141 3617 possessiones
1167 3534 1309 3616 ipsorum
1336 3531 1376 3596 de
1403 3533 1467 3596 iure

340 3641 489 3705 manibus
507 3642 573 3706 suis
591 3643 688 3724 regiis
705 3641 870 3706 devolutas
887 3643 1059 3721 exstitisse,
1076 3643 1117 3706 ab
1134 3641 1244 3705 eodem
1264 3640 1396 3706 domino
1411 3639 1468 3704 Lo-

339 3747 450 3812 dovico
469 3769 541 3830 rege
558 3749 628 3825 sibi,
644 3749 720 3813 item
737 3749 874 3813 Nicolao
891 3750 1025 3814 Matheo
1042 3757 1074 3814 et
1089 3749 1222 3815 Andree
1239 3749 1397 3816 fratribus
1407 3750 1468 3812 suis

342 3857 477 3920 uterinis
493 3863 650 3940 perpetuo
667 3857 737 3922 (lari
755 3865 786 3921 et
811 3858 948 3922 conferri
976 3857 1179 3940 postulasset.
1211 3861 1287 3942 Ipse
1315 3860 1449 3940 itaque.

340 3963 520 4028 Lodovicus
537 3985 601 4042 rex,
619 3966 674 4045 qni
691 3967 804 4029 innata
821 3965 921 4046 regali
938 3967 1059 4048 pietate
1077 3967 1276 4048 singulorum
1293 3965 1356 4032 sihi
1373 3965 1468 4030 fideli·

339 4076 389 4134 ter
415 4070 662 4152 obsequencinm
689 4075 804 4137 merita
829 4074 935 4138 animo
961 4074 1066 4137 metiri
1092 4075 1304 4140 consuevisset
1330 4074 1468 4158 pietatis.

338 4179 481 4259 pensatis
496 4177 644 4244 fidelibus
669 4181 830 4263 obsequiis
856 4183 996 4246 eiusdem
1022 4181 1184 4247 Johannis
1201 4183 1279 4248 dicti
1305 4183 1467 4257 Beseneiu
1570 4205 1571 4236 l

339 4285 457 4366 quibus
475 4287 577 4350 eidem
594 4289 742 4352 continue
768 4296 801 4354 et
827 4291 894 4354 sine
919 4290 1156 4354 intermissione
1173 4291 1310 4372 vestigia
1327 4313 1385 4355 sue
1402 4311 1464 4356 me·

338 4395 462 4459 iestatis
488 4396 652 4474 imitando,
668 4398 701 4462 in
726 4398 859 4463 diversis
885 4401 951 4462 suis
978 4399 1117 4480 negociis
1144 4405 1177 4462 et
1207 4397 1467 4481 expedicionibus

338 4503 500 4584 prosperis
511 4508 543 4566 et
552 4503 703 4582 adversis,
714 4505 897 4588 specialiter
907 4504 939 4568 in
951 4504 1098 4587 partibus
1110 4505 1359 4583 'l'ranssilvsnis
1371 4507 1466 4572 variis

337 4607 465 4672 fortune
481 4609 608 4675 casibus
625 4632 684 4693 pro
700 4613 899 4676 exaltacione
917 4612 965 4676 sui
983 4613 1132 4677 culminis
1144 4633 1176 4676 se
1188 4612 1386 4694 exponendo,
1403 4621 1465 4677 stu·

338 4716 460 4778 ‹luisset
476 4717 674 4798 complacere
692 4725 722 4782 el
749 4742 782 4782 sc
808 4719 932 4782 efficere
959 4741 1036 4801 erga
1061 4741 1152 4784 suam
1174 4721 1379 4785 maiestatem
1397 4743 1465 4802 gra·
