3226 5462
366 507 384 576 2
725 522 910 580 Adiounoru
930 508 1147 580 surisnis.

366 703 508 780 possent,
527 693 590 762 nisi
610 693 749 762 arbitrio
765 692 993 779 determinato,
1019 717 1077 760 nec
1102 695 1278 762 ullomodo
1294 685 1511 781 adprolixio·
1608 723 1609 726 ¹

366 821 436 867 rem
450 805 626 869 terminum
653 805 769 886 aliqua·
790 803 938 889 parcium
964 802 1161 888 sepedictum
1186 802 1357 870 arbitrium
1382 802 1513 868 valeret

365 931 550 995 prorogare,
566 911 626 978 sub
651 912 742 996 penis
768 960 799 976 ..
825 913 860 976 in
883 911 1046 996 prioribus
1071 913 1190 978 nostris
1206 911 1310 978 literis
1335 909 1511 994 expressis,

365 1020 450 1085 sicut
465 1020 630 1104 predictus
646 1019 747 1086 frater
773 1019 925 1086 Andreas
951 1021 1046 1086 homo
1072 1027 1182 1086 noster
1207 1021 1248 1086 ab
1273 1021 1344 1105 ipso
1370 1018 1511 1084 arbitrio

366 1149 515 1194 reversus
540 1129 634 1195 nobis
660 1129 769 1193 omnia
786 1181 792 1194 .
809 1177 816 1194 .
833 1129 989 1194 recitauit.
1014 1129 1159 1194 Tandem
1185 1129 1264 1212 ipsis
1289 1128 1411 1194 octavis
1426 1125 1512 1210 Epi·

366 1236 564 1320 phaniarum
589 1236 664 1302 festi
689 1237 809 1302 domini
836 1237 1087 1320 occurrentibus,
1112 1243 1302 1322 prenotatus
1318 1235 1512 1320 Stephanus

365 1345 452 1412 filius
469 1345 567 1412 Pauli
584 1346 624 1411 de
649 1345 857 1432 Kyussarlou
881 1352 1026 1410 nostram
1051 1346 1206 1412 accedens
1224 1345 1436 1428 presenciam,
1453 1363 1512 1406 no-

368 1460 474 1520 strum
489 1453 653 1520 hominem
678 1455 720 1520 ad
739 1453 888 1538 superius
913 1474 1100 1538 expressum
1126 1451 1297 1518 arbitrium
1321 1451 1512 1517 faciendum

366 1585 426 1649 pro
443 1564 627 1630 testimonio
644 1563 830 1647 postulavit,
851 1563 944 1628 cuius
963 1563 1239 1648 postulacionibus
1255 1563 1512 1646 acquiescentes,

366 1671 503 1738 fratrem
516 1671 692 1738 Nicolaum
708 1671 909 1738 sacerdotem
924 1693 1025 1737 unum
1045 1693 1090 1739 ¹en
1115 1671 1207 1738 nobis
1232 1670 1383 1736 donnus
1409 1669 1513 1734 desti-

371 1779 524 1864 nandum,
543 1780 599 1862 qui
616 1829 622 1844 .
640 1829 646 1844 .
663 1780 755 1845 nobis
780 1779 894 1845 retulit
909 1829 916 1845 .
932 1829 940 1844 .
957 1778 1044 1860 quod
1058 1778 1151 1862 probi
1176 1786 1209 1844 et
1233 1777 1357 1872 nobiles
1382 1777 1446 1842 riri
1467 1777 1513 1842 ad

368 1888 670 1972 supranominatum
695 1888 869 1954 arbitrium
893 1887 927 1952 in
951 1887 1062 1952 villam
1087 1887 1254 1972 Wezekyu
1287 1886 1344 1952 ubi
1369 1885 1514 1951 ecclesia

367 1995 456 2060 beati
469 1994 632 2062 Johannis
649 1995 802 2079 Baptista
818 1994 965 2076 habetur,
991 1995 1130 2077 adducti,
1147 1996 1181 2060 in
1196 1994 1276 2078 ipsis
1292 1993 1417 2059 octavis
1434 1992 1513 2058 festi

370 2102 630 2188 Epiphaniamm
640 2103 763 2169 domini
778 2109 812 2168 et
827 2101 1099 2192 subsequentibus
1115 2101 1229 2168 diebus
1245 2102 1340 2168 deum
1357 2101 1513 2166 habendo

369 2231 427 2295 pre
437 2209 548 2294 oculis,
559 2211 594 2275 in
605 2209 742 2276 arbitrio
754 2211 972 2292 consedentes,
989 2210 1141 2291 quitquid
1152 2210 1302 2276 arbitrati
1318 2209 1404 2275 inter
1420 2210 1513 2294 ipsas

369 2325 480 2404 partes
497 2319 705 2397 exstitissent,
715 2317 867 2385 Andreas
884 2319 924 2384 de
937 2318 1071 2404 Kyurth
1081 2324 1275 2402 procuratur
1285 2317 1513 2403 predictorum

373 2427 508 2494 Andree
518 2426 663 2496 Ladizlai
674 2425 865 2494 etFarkasii
874 2425 1150 2493 filiorumNicolai
1160 2433 1330 2510 acceptare
1340 2426 1514 2506 noluisset,

369 2558 511 2602 unacum
526 2535 552 2602 J
553 2537 680 2601 ohanne
696 2536 822 2602 seniore
837 2534 904 2601 filio
920 2534 1064 2601 eiusdem
1079 2533 1217 2616 Nicolai,
1244 2534 1302 2599 sed
1317 2532 1514 2619 Stephanus

368 2643 454 2710 filins
464 2643 561 2711 Pauli
570 2665 630 2728 pro
640 2649 733 2728 parte
744 2665 803 2710 sua
813 2644 922 2709 omnia
931 2649 1139 2728 acceptasset
1163 2641 1289 2708 Datum
1298 2641 1381 2707 feria
1392 2641 1514 2724 quinta

367 2753 516 2838 proxima
530 2751 605 2837 po'st
630 2758 819 2836 prenotatas
844 2758 972 2818 octavas
990 2752 1063 2818 festi
1088 2749 1350 2836 Epiphania-um
1375 2749 1513 2832 domiui,

368 2883 454 2927 anno
473 2861 617 2927 eiusdem
632 2859 707 2926 ΜΠιο
724 2859 845 2928 Ouum
861 2860 966 2926 ΧΙι1110
982 2861 1127 2945 septimo.

479 3025 610 3091 Papiron,
624 3025 751 3075 uarietas
764 3023 856 3088 pecse't
865 3024 1043 3090 nyomaiva15
1062 3023 1194 3088 eredatije
1207 3038 1224 3072 a
1236 3023 1270 3074 N.
1285 3024 1484 3074 Muzeumban.

860 3240 959 3248 μμ...»
983 3241 1020 3248 μ...

921 3389 950 3449 2.

375 3547 470 3611 1347.
487 3545 596 3627 Bada,
604 3549 677 3632 jau.
693 3523 746 3609 25.
764 3545 793 3610 l.
804 3545 900 3630 Lajoa
916 3545 1023 3631 kirtly
1039 3544 1187 3630 Buruuqi
1197 3543 1312 3610 La'azld
1322 3549 1516 3632 pancrati-u

375 3653 466 3718 Giczi
479 3651 581 3716 Juuos
607 3653 742 3738 Bakoay
767 3653 947 3738 odrrrtepyei
969 3653 1097 3738 alispda
1112 3653 1144 3715 c‘s
1158 3675 1180 3714 a
1205 3651 1356 3738 kirdlyub'
1383 3651 1518 3738 barlaqi

489 3763 580 3847 πάρει’
595 3759 673 3825 ellea
689 3784 710 3825 a
725 3761 850 3846 tibuuyt'
865 3769 1024 3824 convectat
1037 3760 1232 3846 oizspdlatra
1249 3759 1343 3823 tutti
1357 3759 1401 3822 ki.

481 3939 664 4006 Ludovicus
681 3990 688 4005 .
705 3991 712 4006 .
729 3961 787 4005 rex
802 3989 827 4004 ..
844 3939 1014 4005 conventui
1041 3939 1261 4025 Tychunisnsi
1278 3989 1302 4004 ..
1320 3940 1402 4005 dicit
1418 3939 1517 4004 nobis

373 4045 548 4113 Ladislaus
564 4048 604 4113 de
620 4047 744 4131 Barlag
760 4095 785 4112 ..
802 4047 888 4128 quod
898 4046 980 4112 feria
995 4048 1135 4113 secunda
1150 4050 1298 4132 proxima
1307 4055 1382 4134 post
1391 4048 1518 4114 festum

374 4155 636 4240 Epiphaniarum
651 4154 772 4220 domini
788 4204 795 4220 .
812 4203 820 4218 .
836 4154 1004 4220 Johannes
1030 4155 1069 4220 de
1095 4153 1188 4220 Gech
1213 4157 1390 4222 vicecomes
1416 4159 1519 4223 comi-

374 4270 462 4329 tatus
478 4263 692 4329 Bokoniensis
718 4283 857 4328 unacum
882 4263 1039 4328 universis
1059 4262 1282 4346 iobagionibus
1295 4260 1296 4264 ’
1308 4286 1364 4330 seu
1380 4265 1519 4349 populis

376 4371 500 4436 scilicet
525 4363 726 4454 reginalibus
741 4372 781 4436 de
797 4370 931 4454 Barlag,
947 4371 1172 4454 potencialiter
1196 4371 1346 4438 manibus
1377 4377 1520 4440 armatis

376 4499 473 4562 super
483 4477 614 4543 domum
625 4499 717 4544 suam
728 4479 892 4562 propriam
902 4477 1066 4555 veniendo,
1076 4477 1184 4543 hostia
1195 4478 1363 4546 domorum
1380 4474 1520 4546 suornm

377 4585 617 4668 sortiriugendo,
635 4589 786 4652 universa
801 4585 885 4651 bona
906 4608 965 4650 sua
980 4585 1112 4650 mobilia
1128 4593 1161 4650 et
1177 4571 1356 4654 immobilia
1371 4590 1405 4652 in
1423 4591 1522 4655 curia

378 4699 410 4757 et
436 4693 584 4758 domibus
609 4695 677 4758 suis
697 4695 827 4758 inventa
852 4699 885 4756 ot
901 4700 1036 4776 roperta,
1063 4695 1184 4758 scilicet
1201 4703 1268 4758 tam
1296 4718 1397 4776 equos
1415 4719 1520 4778 quam
