3180 5466
568 541 658 600 1351.
677 557 746 600 nnc
765 542 814 602 31.
1182 541 1242 598 537

112 717 248 798 pecunia
273 719 426 799 ipsorum,
458 717 635 800 predictam
671 717 848 798 sepei'atam
881 719 1114 800 possessionem
1146 718 1247 800 Ikryu

112 826 198 890 dicto
229 825 341 910 Nykul
372 825 438 890 filio
463 826 637 891 Laurencii
663 825 827 890 remittere
853 833 1089 891 tenerentur..
1123 826 1247 892 Datum

111 934 215 1001 Bude.
242 934 376 1000 sabbato
402 936 547 1019 proximo
572 941 648 1000 aute
675 935 794 999 festum
820 935 922 998 sancti
949 933 1071 999 Thonis
1100 934 1246 1018 apostoli,

114 1063 200 1106 auno
217 1043 337 1108 domiui
355 1042 428 1106 ΜἸΙΟ
446 1041 565 1111 000““’
583 1043 849 1127 quinquagesimo
866 1043 978 1126 primo.

222 1204 373 1268 Hatlapjan
399 1205 491 1268 pauset
515 1206 691 1268 nyomaival;
712 1205 842 1270 eredetije
865 1221 897 1254 az
923 1221 991 1254 craz.
1006 1207 1036 1254 lt.
1057 1175 1154 1255 kinost.
1176 1211 1244 1254 oszt.

111 1295 143 1342 N.
159 1296 193 1343 R.
208 1295 241 1342 A.
259 1300 299 1344 19.
315 1299 356 1344 73.
376 1294 443 1357 dipl.
458 1299 526 1344 oszt.
541 1299 619 1344 4241.
639 1295 738 1344 Kozli:
759 1296 867 1345 Koraos
880 1295 913 1344 N.

637 1697 710 1754 329.

114 1853 211 1916 1351.
229 1854 293 1917 dec.
309 1855 361 1917 31.
386 1851 552 1939 Astapesi
575 1855 736 1940 kdptalaa
762 1855 833 1918 altu
859 1855 976 1940 Kenrcp
1003 1854 1122 1918 Miklo's
1143 1878 1244 1918 contos

103 1957 155 2037 fin
173 1959 334 2040 Banadek,
347 1959 606 2046 Rozpoahidudq,
632 1961 764 2047 mdakdp
786 1959 916 2044 Tdtfulu
942 1969 1022 2024 uenit
1038 1960 1148 2048 Adauj
1171 1965 1246 2026 octr-

113 2074 235 2152 meqpei
250 2067 392 2132 birtokn't
408 2069 522 2155 Kendp
539 2070 601 2133 Po‘a
610 2069 663 2148 fia
682 2069 785 2132 Ld'lcds
794 2069 915 2148 fidrrnlc
929 2069 1113 2134 Lciszlduak
1129 2079 1158 2132 dt
1179 2075 1247 2133 dure

562 2177 695 2262 zo‘lophn
712 2177 802 2262 adju.

221 2339 335 2402 Litora
352 2339 487 2422 capituli
505 2338 702 2422 Scepsieusis
727 2340 760 2404 in
786 2339 867 2404 festo
893 2339 980 2406 beati
1001 2340 1147 2407 Silvestri
1164 2361 1247 2424 pape

109 2447 141 2510 in
159 2448 378 2512 annodomiui
386 2445 560 2512 Millesimo
571 2445 692 2514 CCCmo
703 2447 970 2530 quiuquagesimo
981 2451 1084 2530 primo
1098 2449 1185 2514 edita
1196 2471 1246 2512 ex-

110 2555 297 2636 planasset:
323 2555 408 2638 quod
426 2555 621 2621 Benedictus
637 2555 724 2622 filius
740 2557 865 2621 comitis
876 2556 1005 2622 Nicolai
1022 2557 1061 2620 de
1072 2556 1197 2639 Kamey
1209 2555 1248 2620 de

111 2664 270 2728 comitatu
286 2660 452 2747 Abwyuar
469 2665 511 2729 ab
527 2685 601 2744 una,
611 2663 833 2730 acLadislaus
850 2663 936 2728 filius
946 2662 1079 2744 Leukus
1094 2662 1152 2728 filii
1162 2663 1246 2729 Poos

111 2771 150 2835 de
168 2769 292 2854 Kendy
308 2793 366 2855 pro
383 2793 416 2836 sc
433 2793 471 2836 ac
486 2793 545 2855 pro
562 2772 698 2836 Nicolao
723 2779 755 2838 et
782 2773 882 2838 Petro
899 2771 1055 2836 fratribus
1072 2773 1138 2836 suis
1155 2778 1247 2855 parte

109 2879 151 2944 ab
179 2879 296 2956 altera,
322 2900 430 2944 coram
456 2880 597 2962 capitulo
625 2880 807 2964 Scepsiensi
832 2880 1045 2964 personaliter
1071 2880 1247 2956 constituti,

110 2988 198 3052 idem
215 2986 412 3050 Benedictus
428 2987 590 3052 confessus
608 2989 793 3068 exstitisset,
810 2988 896 3069 quod
915 2989 1075 3070 integram
1092 2987 1244 3052 medicta-

109 3101 177 3159 tem
195 3095 405 3178 possessionis
422 3096 702 3180 Rozgonhydvegh
719 3096 782 3160 alio
793 3098 921 3161 nomine
933 3095 1110 3161 Thothfalu
1125 3101 1245 3172 vocate,

109 3203 142 3266 in
160 3203 249 3266 dicto
265 3204 421 3268 comitatu
438 3202 704 3287 Abawyuarieusi
715 3205 891 3282 existentis,
902 3226 974 3268 cum
989 3203 1093 3268 literis
1109 3203 1244 3284 capituli

110 3311 288 3394 Agriensis
304 3332 323 3375 a
339 3318 418 3376 tuuc
434 3313 579 3394 proxime
595 3315 751 3396 preterito
767 3313 848 3378 festo
870 3315 973 3377 sancti
990 3312 1149 3378 Demetrii
1165 3334 1248 3376 mar·

110 3419 194 3496 titis,
212 3441 271 3502 pro
288 3425 359 3483 octo
378 3420 495 3484 mareis
521 3423 645 3484 numeri
664 3419 890 3498 Cassovicnsis,
908 3427 983 3486 tunc
1008 3442 1081 3485 vero
1098 3420 1178 3485 duas
1195 3442 1247 3484 cu·

110 3528 179 3592 rias
197 3527 302 3592 eidem
318 3525 483 3592 medietati
500 3549 642 3592 annexas
668 3529 701 3592 in
730 3531 929 3612 possessione
955 3529 1248 3612 Rozgonhydwegh

110 3640 296 3717 prenotata,
322 3655 382 3716 que
408 3636 557 3700 videlicet
582 3636 738 3701 medietas
765 3644 796 3700 et
821 3636 883 3701 due
915 3638 1002 3700 curie
1028 3657 1067 3698 cx
1093 3636 1248 3701 divisione

111 3743 217 3807 eidem
231 3742 408 3807 Benedicta
425 3749 458 3808 et
467 3743 492 3808 J
494 3744 613 3809 ohauni
630 3743 724 3808 fratri
735 3765 791 3808 suo
803 3743 981 3820 cessissent,
991 3765 1051 3825 pro
1061 3764 1126 3806 una
1137 3765 1247 3808 marca

111 3872 301 3933 grossorum
318 3853 443 3916 numeri
460 3851 603 3934 predicti,
614 3851 725 3916 habita
736 3851 828 3934 plene
846 3851 1028 3916 aLadislao
1044 3856 1077 3914 et
1092 3850 1247 3916 iratribus

110 3962 178 4026 suis
204 3959 369 4043 predictis,
385 3959 488 4024 eidem
514 3959 667 4024 Ladislao
700 3965 733 4023 et
757 3959 910 4024 fratribus
936 3960 1001 4024 suis
1027 3981 1085 4042 per
1103 3961 1247 4042 spacium

110 4069 258 4152 quinque
284 4088 441 4134 annorum
466 4089 486 4132 a
511 4067 655 4150 predicto
686 4068 768 4131 festo
795 4069 897 4132 sancti
924 4067 1080 4132 Demetrii
1105 4071 1247 4133 martiris

110 4175 403 4260 computandorum
421 4177 546 4259 pignori
564 4175 745 4258 obligasset,
763 4177 822 4240 tali
838 4176 940 4254 modo,
957 4175 1247 4258 quodinfradiotos

111 4287 260 4367 quinque
287 4304 388 4348 annos
414 4267 580 4348 uniuersas
605 4283 764 4348 utilitates
796 4285 897 4367 ipsius
928 4285 1136 4368 possessionis
1162 4284 1247 4350 idem

110 4391 288 4458 Ladislaus
305 4399 337 4456 et
353 4392 470 4456 fratres
486 4393 536 4456 sui
552 4391 651 4456 libere
678 4393 896 4474 perciperent3
920 4393 1037 4475 elapsis
1067 4398 1176 4458 autem
1201 4393 1246 4458 di·

111 4499 174 4564 ctis
191 4501 337 4582 quinque
354 4499 455 4576 annis,
472 4498 730 4581 quandocunque
747 4499 830 4564 idem
847 4499 1042 4566 Benedictus
1058 4502 1168 4566 velsui
1179 4523 1247 4566 suc·

111 4627 258 4672 cessores
274 4613 413 4689 possent,
431 4605 566 4670 liberam
584 4605 762 4671 redimendi
774 4606 916 4672 habeant
932 4608 1118 4674 facultatem
1135 4611 1246 4692 pigno-

111 4717 159 4780 ris
176 4715 339 4798 prenotati
365 4736 423 4798 pro
440 4715 535 4778 dictis
561 4735 672 4778 novem
698 4715 815 4778 marcis
830 4739 849 4780 a
866 4715 1019 4782 Ladislao
1045 4722 1076 4780 et
1092 4716 1247 4782 fratribus
