3226 5462
383 456 425 518 64
729 471 916 518 antonnom
933 456 1148 518 onnlurrlu.

381 634 467 698 beati
484 635 623 698 loannis
639 640 715 700 ante
731 640 859 718 portam
884 633 1032 711 latinam,
1058 655 1143 698 anno
1168 633 1289 697 domini
1316 634 1367 698 ΜΟ
1391 631 1507 700 ΟΟΟ1110

382 741 570 806 XXXXffl⁰
587 741 731 823 septimo.
756 740 825 806 Nos
841 741 952 824 itaque
969 742 1083 806 vestris
1102 739 1264 804 mandatis
1291 739 1507 822 obtemperare

382 851 548 932 cupientes
574 855 609 934 ut
626 855 780 931 tenemur,
793 871 904 914 ‘unum
931 871 969 912 ex
994 847 1087 936 nobis
1105 899 1110 912 .
1129 898 1135 911 .
1152 849 1300 913 comitem
1326 847 1507 912 Johannem

381 956 482 1022 filium
498 955 633 1041 Mathye
649 957 688 1021 de
704 955 904 1022 Erdentelek
929 957 1168 1040 transmisimus
1185 957 1228 1020 ad
1244 957 1401 1039 premissa
1425 977 1509 1021 man-

381 1065 458 1130 data
483 1071 590 1129 vestra
614 1066 820 1148 exequenda,
854 1065 913 1148 qui
938 1066 1068 1156 quidem
1094 1065 1187 1130 homo
1213 1071 1322 1129 noster
1347 1113 1376 1128 ..
1404 1065 1510 1130 retulit

382 1175 444 1238 isto
463 1173 573 1236 modo:
599 1173 685 1256 quod
701 1174 769 1256 ipse
785 1173 826 1237 ab
843 1173 990 1238 omnibus
1007 1195 1027 1238 a
1043 1173 1160 1255 quibus
1185 1173 1331 1238 licuisset
1345 1180 1377 1237 et
1392 1173 1510 1238 decuis-

381 1289 440 1360 set,
455 1282 704 1364 specialiterque
721 1303 740 1346 a
756 1283 867 1346 vicinis
883 1289 916 1348 et
935 1285 1162 1350 oomuretaneis
1187 1281 1272 1346 diote
1297 1283 1508 1366 possessionis

382 1389 522 1454 Kemleu
538 1412 576 1454 ao
592 1391 633 1455 ab
658 1392 731 1456 aliis
756 1392 894 1456 cuiusvis
920 1398 1024 1456 status
1050 1398 1083 1456 et
1107 1391 1301 1456 condicionis
1326 1391 1506 1455 hominibus

382 1519 478 1582 super
508 1499 672 1582 premissis
703 1499 876 1582 diligenter
907 1499 1117 1583 inquirendo,
1148 1499 1246 1564 talem
1279 1498 1318 1563 de
1349 1500 1509 1582 premissis

382 1609 526 1673 scivisset
541 1609 720 1686 veritatem,
737 1609 822 1692 quod
838 1609 934 1674 iidem
952 1608 1064 1674 Simon
1082 1607 1298 1674 etLadislaus
1309 1610 1457 1691 magistri
1475 1607 1510 1672 de

382 1715 564 1780 Makranoh
580 1716 703 1781 fruetus
720 1723 752 1782 et
767 1716 927 1780 utilitates
952 1716 1036 1781 diote
1061 1715 1271 1799 possessionis
1296 1715 1437 1780 Kemleu
1463 1738 1510 1780 vo-

382 1830 452 1888 oate
478 1845 549 1888 eum
582 1823 806 1908 iobagionibus
840 1824 982 1907 ipsorum
1008 1824 1047 1888 de
1080 1823 1195 1890 Athon
1222 1825 1346 1908 percipi
1370 1825 1511 1888 facerent

382 1937 497 1996 eontra
513 1932 614 2014 ipsius
630 1933 836 2014 voluntatem,
853 1941 886 1997 et
902 1939 1006 1998 terras
1032 1933 1171 1998 arabiles
1196 1935 1285 1998 intra
1310 1938 1414 1998 metas
1431 1933 1511 1998 dioto

381 2042 590 2124 possessionis
607 2042 781 2107 existentes
798 2044 886 2106 arari
906 2050 938 2108 et
954 2043 1106 2107 seminari
1122 2042 1273 2107 fecissent
1283 2049 1315 2107 et
1327 2064 1412 2106 nuno
1429 2041 1509 2106 laee-

382 2156 455 2214 rent
471 2172 542 2215 oum
559 2149 782 2233 iobagionibus
799 2171 908 2216 eorum
935 2152 1123 2234 prenotatis,
1149 2157 1182 2216 et
1197 2151 1257 2214 hoo
1281 2150 1338 2216 lite
1354 2149 1510 2232 pendente

385 2258 470 2322 inter
486 2259 591 2340 ipsos;
611 2257 723 2322 retulit
740 2258 841 2322 eciam
859 2259 943 2327 idem
959 2260 1054 2324 homo
1072 2265 1189 2338 noster,
1206 2259 1292 2342 quod
1309 2261 1395 2324 intra
1410 2265 1511 2321 metas

382 2366 466 2430 diete
483 2367 692 2449 possessionis
709 2365 850 2431 Kemleu
868 2368 1015 2431 interris
1041 2367 1217 2435 arabilibus
1244 2390 1343 2432 unum
1369 2374 1512 2431 aratrum

383 2482 530 2540 arantem
546 2475 728 2552 invenisset,
745 2479 777 2538 et
792 2473 852 2538 hoo
868 2475 936 2557 ipse
953 2474 1014 2539 fide
1031 2475 1162 2540 vidisset
1178 2474 1316 2540 oculata.
1340 2475 1465 2560 Datum
1476 2474 1513 2537 in

382 2582 639 2666 villaVelpreth‚
656 2581 737 2647 feria
753 2588 871 2666 quarta
895 2585 1042 2666 proxima
1061 2591 1134 2668 post
1159 2583 1277 2648 festum
1303 2581 1512 2648 Assensionis

382 2691 511 2768 domini,
527 2711 611 2754 anno
627 2689 771 2754 eiusdem
788 2696 947 2772 utsupra.

494 2853 768 2918 Paplron,zarlata11
792 2857 822 2902 'ot
845 2853 936 2916 peoset
959 2854 1152 2903 titrerlekeivel.
1176 2854 1315 2917 Eredetije
1337 2869 1368 2902 az
1390 2868 1461 2902 orez.
1485 2854 1514 2900 lt..

388 2943 486 2993 kiusst.
500 2949 566 2992 oszt.
580 2943 613 2991 N.
628 2944 661 2992 R.
674 2943 707 2991 A.
723 2949 782 2992 786.
797 2948 838 2994 37.
852 2943 919 3005 dipl.
934 2949 1000 2992 oszt.
1017 2949 1093 2994 3903.
1108 2943 1207 2992 Kozli:
1223 2943 1330 2992 Kousios
1345 2943 1378 2991 N.

872 3141 1032 3150 ..-....-.-.—.

925 3307 975 3366 29.

386 3465 480 3530 1347.
498 3464 722 3545 Szeatuza'rtoa,
740 3467 815 3548 mdj.
835 3465 885 3526 18.
904 3462 933 3526 A
950 3464 1066 3548 saepest
1086 3465 1215 3549 prepeti
1242 3465 1416 3544 viramuaa,
1435 3465 1516 3527 Pou-

381 3578 475 3657 prdcz
501 3573 626 3658 lecinya't
636 3571 822 3637 Scotusam
834 3596 854 3634 a
867 3571 1001 3634 Hennae
1010 3572 1068 3650 fiir-i
1083 3572 1162 3635 allen
1174 3571 1334 3657 Rappolez
1344 3571 1518 3658 helpstpbo'l

375 3684 455 3766 jaro
471 3681 681 3766 leduynepped
713 3681 799 3743 iro'ut
815 3681 938 3747 inditate
963 3679 1146 3743 keresete'vel
1161 3681 1180 3743 I
1190 3679 1225 3743 V.
1243 3680 1323 3743 Be'la
1340 3661 1515 3765 leiru'lyuolr

385 3790 479 3853 1260.
505 3789 540 3852 V.
560 3783 669 3852 Istam
684 3788 858 3874 lrirdlynok
877 3789 972 3852 1270.
989 3790 1019 3850 e's
1032 3787 1052 3849 l
1059 3789 1093 3854 V.
1105 3787 1219 3852 La'szlo'
1233 3787 1517 3873 kirdlynulo1278.

382 3899 474 3963 urben
485 3897 546 3960 keu
561 3921 576 3960 s
591 3891 710 3982 a'felalr
727 3897 809 3960 a'ltol
817 3896 1021 3980 felrrrutolott
1037 3896 1184 3961 olelevelei
1198 3896 1332 3981 abtpjcia
1350 3897 1517 3982 elutosz'tja.

456 4091 459 4095 ’
490 4077 559 4143 Nos
576 4077 698 4142 Paulus
724 4078 764 4141 de
791 4077 816 4142 J
818 4077 969 4160 egerdorf
990 4077 1184 4142 venerabilis
1209 4077 1268 4142 viri
1288 4075 1438 4160 magistri
1454 4077 1514 4140 Jo

383 4189 500 4254 hannis
516 4187 673 4272 prepositi
691 4187 911 4269 Seepusiensis
928 4186 1065 4251 vicarius
1077 4188 1108 4250 in
1119 4186 1342 4270 spiritualibus
1355 4186 1517 4270 generalis

384 4346 390 4361 .
408 4345 415 4360 .
431 4295 649 4380 significamus
667 4344 673 4359 .
690 4347 696 4359 .
713 4295 798 4376 quod
815 4295 936 4358 dudum
952 4300 1025 4359 orta
1041 4293 1108 4358 litis
1128 4296 1298 4377 quesoione
1324 4294 1411 4358 inter
1427 4293 1516 4358 nobi-

382 4403 445 4468 lem
462 4405 624 4468 dominam
642 4402 854 4468 Scolastioam
869 4401 970 4468 filiam
986 4402 1161 4484 Psngraoii
1175 4402 1215 4465 de
1231 4401 1387 4466 comitatu
1398 4401 1518 4485 Soepn-

383 4513 479 4576 siensi
496 4514 648 4577 actricem
666 4512 707 4576 ab
723 4533 797 4588 una,
822 4533 859 4576 ao
884 4511 1053 4576 Detrioum
1080 4509 1206 4574 Zeu'res
1232 4517 1265 4574 et
1290 4510 1416 4575 lizwnlr
1434 4509 1518 4594 (igy)

384 4621 466 4686 filios
483 4621 622 4685 Hannus
638 4621 677 4684 de
695 4621 806 4684 eodem
821 4621 977 4684 comitatu
994 4625 1086 4701 parte
1103 4620 1144 4683 ab
1162 4619 1275 4695 altera,
1286 4620 1391 4700 primo
1408 4641 1518 4683 eoram
