3180 5466
319 509 383 568 534
679 526 865 570 anrouuour
883 513 1096 571 ounlnrrls.

318 687 412 751 metis
439 693 472 752 et
496 687 644 752 terminis
674 688 791 770 quibus
816 687 933 752 donate
960 687 1166 768 exstitissent,
1183 695 1215 752 et
1231 697 1329 772 prout
1347 691 1459 754 instru-

325 802 434 861 menta
461 797 645 861 eorumdem
671 797 818 862 confecta
846 817 944 879 super
960 797 1135 862 donacioue
1159 798 1394 874 demonstrant,
1417 799 1458 862 nil

325 904 481 984 addendo,
501 907 548 970 nil
564 906 745 984 minuenda,
771 905 849 988 ipsis
874 903 1036 971 nobilibus
1056 907 1126 989 pari
1153 912 1226 971 voto
1252 907 1457 990 reliquissent

324 1013 557 1096 possidendas3
580 1015 732 1080 assumsit
748 1015 850 1078 eciam
866 1012 951 1078 idem
967 1015 1122 1097 magister
1140 1013 1251 1080 Simon
1269 1021 1301 1078 et
1318 1036 1395 1079 suos
1411 1014 1458 1079 ob

321 1123 438 1206 ligarit
455 1141 662 1201 successores
689 1121 809 1185 dietam
834 1120 973 1184 nobilem
1003 1119 1166 1186 dominam
1184 1122 1317 1188 Annam
1335 1129 1369 1186 et
1384 1123 1459 1187 eius·

325 1230 397 1295 dem
414 1230 623 1313 posteritates
648 1228 690 1294 ab
715 1228 863 1293 omnibus
888 1228 1125 1312 impetitoribus
1149 1230 1285 1294 infacto
1302 1230 1458 1296 dictorum

323 1338 424 1404 castri
440 1344 472 1402 et
488 1337 724 1420 possessionum
740 1337 819 1420 ipsis
836 1335 986 1402 datarum
1003 1343 1325 1421 etperpetuatarum‚
1345 1339 1452 1421 ordine

323 1447 403 1512 iuris
429 1445 601 1510 defendere
633 1451 665 1509 et
696 1443 856 1526 expedire,
873 1444 953 1510 loeis
979 1451 1012 1510 et
1036 1445 1234 1528 temporibus
1259 1448 1456 1532 opportunis,

323 1555 489 1621 laboribus
506 1553 644 1637 propriis
661 1559 693 1618 et
708 1553 875 1635 expensis;
903 1552 989 1637 quod
1006 1555 1033 1618 si
1049 1554 1153 1619 faeere
1173 1576 1237 1619 non
1251 1557 1386 1630 valeret,
1410 1578 1456 1622 ex·

323 1670 401 1728 tunc
416 1663 633 1745 possessiones
650 1660 801 1744 predictis
817 1661 1071 1744 possessionibus
1087 1663 1120 1726 in
1137 1663 1307 1745 qualitate,
1324 1667 1452 1748 quanti-

324 1777 401 1852 tate,
418 1791 533 1834 usuum
551 1775 585 1833 et
596 1769 775 1834 utilitatum
791 1769 945 1834 facultate
962 1771 1091 1846 similes,
1108 1769 1148 1834 de
1164 1772 1231 1836 suis
1248 1773 1452 1855 possessioni·

328 1880 389 1945 bus
404 1879 489 1944 idem
505 1879 661 1961 magister
678 1877 788 1944 Simon
807 1883 839 1942 et
855 1879 905 1943 sui
922 1900 1119 1944 successores
1129 1879 1213 1944 dicte
1223 1880 1353 1946 domine
1373 1881 1461 1946 Anne

328 1988 378 2053 rel
395 1989 462 2054 suis
478 1986 713 2052 successoribus
745 1987 868 2070 absque
894 1989 1003 2071 aliqua
1019 1989 1155 2054 materia
1180 1991 1364 2072 quesciouis
1388 1990 1461 2055 dare

326 2104 360 2164 et
376 2103 521 2168 statuere
537 2102 717 2162 teneantur.
736 2095 771 2162 Si
785 2116 847 2178 que
864 2103 970 2162 autem
987 2097 1131 2180 parcium
1147 2095 1260 2164 literas
1278 2099 1328 2163 rel
1345 2099 1459 2164 instru-

327 2212 436 2271 menta
451 2227 548 2289 super
564 2205 648 2270 lacto
673 2205 829 2287 premisso
855 2206 887 2268 iu
914 2207 1112 2271 contrarium
1139 2206 1385 2289 composicionis
1400 2227 1459 2270 me·

327 2321 451 2382 morate
468 2367 498 2380 ..
527 2319 728 2378 reservaret.
747 2365 753 2377 .
787 2335 876 2379 casse
907 2313 1128 2380 haberentur,
1147 2365 1152 2377 .
1177 2316 1321 2397 exceptis
1347 2315 1459 2380 dunta-

328 2430 385 2490 xat
400 2423 527 2488 duabus
543 2423 646 2487 literis
662 2424 790 2503 nostris,
816 2445 882 2488 una
905 2422 1054 2489 videlicet
1078 2423 1112 2487 in
1137 2445 1183 2504 e0,
1207 2429 1245 2488 ut
1260 2423 1392 2508 prefata
1407 2423 1461 2488 do·

332 2533 419 2598 mina
436 2530 649 2614 personaliter
665 2531 698 2596 in
714 2533 836 2596 octaris
851 2531 915 2596 diei
931 2529 1144 2597 Strennarum
1162 2531 1306 2614 proxime
1323 2534 1463 2596 venturis

328 2642 361 2706 in
377 2639 520 2724 capitulo
533 2638 739 2704 Waradieusi
755 2639 900 2722 predicto
911 2639 1135 2723 comparando,
1145 2641 1261 2704 seriem
1277 2645 1310 2704 et
1328 2639 1461 2703 formam

329 2751 496 2816 literarum
522 2747 836 2832 composicicnalium
861 2753 1044 2812 nostrarum
1071 2748 1155 2814 inter
1170 2753 1281 2832 partes
1299 2747 1459 2812 confecta-

330 2881 401 2924 rum
418 2861 567 2923 oretenus
586 2855 803 2921 confirmando
820 2856 999 2921 confitendo
1025 2855 1141 2922 debeat
1166 2856 1328 2933 roborare,
1346 2858 1412 2922 alia
1434 2857 1463 2919 in

331 2987 377 3047 eo,
397 2970 434 3030 ut
448 2963 593 3048 prefatus
608 2965 763 3046 magister
780 2961 891 3029 Simon
908 2964 1033 3046 copiam
1058 2964 1226 3028 literarum
1243 2985 1343 3046 super
1369 2963 1461 3029 dietis

331 3071 584 3158 possessionibus
601 3071 828 3150 confectarum,
844 3073 876 3136 iu
902 3072 1116 3155 transscripto
1138 3072 1308 3136 literarum
1335 3071 1464 3154 capituli

332 3181 463 3247 ecclesie
479 3179 640 3252 Budensis
666 3200 767 3262 usque
783 3180 825 3243 ad
842 3186 969 3244 octavas
995 3179 1069 3244 festi
1088 3178 1175 3244 beati
1201 3176 1336 3263 Georgii
1354 3179 1462 3246 marti-

331 3290 376 3356 ris
393 3288 552 3354 affuturas
569 3288 671 3352 eidem
688 3287 815 3352 domine
841 3289 942 3352 sorori
968 3309 1023 3353 sue
1049 3287 1127 3352 dare
1143 3295 1175 3353 et
1191 3289 1361 3370 assignare
1377 3295 1464 3352 tene-

331 3401 430 3474 retur,
446 3395 624 3475 emeratis,
641 3415 723 3478 quas
740 3395 820 3460 duas
836 3395 948 3460 literas
965 3401 1092 3460 nostras
1102 3395 1264 3478 predictas
1281 3395 1389 3460 salvas
1408 3415 1463 3480 per

333 3505 440 3570 omnia
465 3504 636 3569 voluerunt
661 3525 859 3588 permanere,
877 3511 909 3568 et
924 3525 943 3568 a
960 3503 1053 3570 modo
1078 3524 1136 3568 nec
1161 3505 1231 3587 ipsa
1256 3501 1389 3567 domina
1412 3523 1466 3566 nee

334 3611 476 3678 eiusdem
494 3632 692 3678 successores
717 3611 784 3676 litis
809 3614 979 3677 materiam
1011 3612 1061 3676 rel
1087 3609 1268 3694 quesciouis
1284 3631 1383 3694 super
1398 3631 1466 3694 pre·

333 3721 438 3786 missis
454 3720 595 3804 negociis
612 3727 645 3785 et
660 3721 919 3804 possessionariis
930 3719 1053 3786 iuribus
1063 3719 1218 3804 predictis
1228 3725 1343 3784 eontra
1363 3721 1465 3804 ipsum

334 3830 526 3912 magistrum
544 3827 706 3895 Simonem
733 3829 781 3893 vel
807 3849 880 3894 suos
906 3849 1104 3894 successores
1129 3826 1315 3893 suscitando
1343 3848 1465 3892 morere

337 3939 467 4004 valeant
482 3938 547 4003 ullo
563 3960 706 4022 uuquam
717 3939 872 4023 temporis
883 3940 916 4003 in
927 3959 1085 4023 processu,
1097 3937 1182 4020 quod
1198 3937 1225 4002 si
1242 3937 1350 4003 facere
1367 3944 1466 4002 atten-

337 4053 453 4125 tarent,
470 4051 554 4114 mote
571 4046 737 4130 sopitaque
754 4049 933 4130 quesciouis
950 4047 1274 4130 penaconvincantur
1291 4097 1297 4108 .
1315 4097 1320 4107 .
1345 4045 1466 4110 Datum

335 4155 438 4233 Euda,
454 4156 487 4220 in
503 4153 584 4219 festo
594 4154 681 4219 beati
692 4154 821 4220 Nicolai
832 4156 1029 4236 confessoris,
1047 4175 1131 4218 anno
1148 4154 1268 4218 domiui
1285 4152 1339 4218 Μ0
1349 4151 1467 4222 CCCmo

338 4263 604 4347 quinquagesimo
621 4263 732 4345 primo.

443 4425 595 4489 Hatlapjan
625 4425 717 4489 peostt
739 4426 915 4488 nyomaival;
944 4423 1075 4486 eredetije
1101 4439 1133 4472 au
1156 4437 1224 4472 orsa.
1245 4423 1276 4472 lt.
1307 4423 1375 4486 dipl.
1399 4429 1464 4472 oszt.

339 4521 436 4568 30117.
450 4516 542 4564 Bebelr
564 4516 637 4564 Imre
657 4515 871 4580 orszdgbirbnalr
886 4519 961 4566 1390.
985 4529 1043 4578 apr.
1068 4513 1150 4564 elren
1175 4512 1285 4562 kladott
1308 4513 1467 4563 atiratdbau

337 4605 360 4654 ir
374 4619 490 4670 uregvan
503 4621 529 4654 u.
544 4621 568 4655 ο,
581 4605 647 4668 dipl.
662 4609 727 4654 oszt.
743 4609 839 4655 29992.
853 4605 934 4654 Kozli
947 4621 951 4652 :
973 4605 1081 4654 Koraos
1094 4603 1127 4651 N.
1140 4602 1230 4652 vaid
1240 4603 1390 4652 kivooatac
1403 4599 1465 4663 adje

336 4694 416 4758 Fejer
429 4695 446 4744 i.
461 4709 496 4744 m.
510 4695 559 4744 lx.
575 4700 598 4744 2.
613 4700 672 4744 757.
686 4695 719 4744 V.
728 4697 752 4743 ὃ.
768 4695 892 4756 Szirmay
904 4694 1050 4744 szathmar
1064 4694 1148 4742 vtrm.
1161 4697 1203 4742 74.
1219 4697 1280 4742 312.
