3188 5476
573 575 668 637 1352.
685 591 773 634 sarr.
792 573 819 634 7.

663 865 737 924 378.

135 1025 228 1086 1352.
254 1031 330 1107 sept.
358 1023 386 1083 7.
414 1018 443 1082 A
468 1020 590 1083 adradi
614 1020 773 1106 kdptolcn
798 1019 871 1082 etde
897 1019 960 1081 Pel
988 1021 1018 1082 ta
1045 1018 1136 1080 Pe‘tcr
1167 1017 1268 1080 tanti

133 1131 274 1194 acmessit
291 1129 441 1194 Saabolcs
457 1129 686 1214 vdrmeppc‘bdl,
704 1151 774 1190 aem
790 1151 894 1190 actaea
910 1127 1022 1213 apdtril
1038 1127 1175 1190 azitletett
1187 1149 1267 1190 otoo-

130 1240 204 1303 toba
213 1239 418 1316 testce'reikct,
430 1263 450 1301 a
461 1237 552 1300 tucos
566 1237 636 1300 e'des
647 1259 735 1322 coya
751 1235 869 1298 bitbc're
886 1238 916 1298 e's
930 1233 1266 1320 bozomo'nyafejdbca

233 1346 344 1409 Erdod
362 1354 440 1409 noenu
458 1345 607 1410 Saobodco
623 1349 805 1430 odrmcpyca'
820 1343 977 1407 btrtokbo'l
992 1343 1164 1428 kiequtttk.

239 1507 427 1593 Capitulum
453 1509 585 1573 ecclesie
604 1507 828 1572 Waradieusis
853 1557 881 1570 ..
913 1506 1082 1571 constituti
1102 1506 1135 1568 in
1162 1506 1263 1569 nostri

128 1617 299 1700 presencia
324 1615 447 1681 Paulus
474 1621 506 1680 et
531 1615 649 1680 Petrus
676 1614 797 1678 nobiles
823 1614 862 1677 de
887 1613 983 1678 Bank
999 1615 1038 1678 de
1055 1613 1209 1678 comitatu
1226 1613 1265 1677 de

131 1723 267 1790 Zoboch
292 1775 320 1788 ..
343 1745 451 1790 coram
468 1723 559 1788 uobis
583 1773 612 1788 ..
635 1729 711 1788 sunt
727 1722 871 1800 confessi,
896 1723 981 1805 quod
1006 1743 1079 1787 cum
1102 1727 1175 1804 post
1199 1719 1265 1785 obi·

130 1841 200 1898 tum
218 1834 323 1916 patris
340 1833 481 1916 ipsorum
499 1831 628 1896 domina
643 1835 749 1897 mater
768 1851 880 1896 eorum
904 1833 946 1896 ad
972 1831 1037 1896 alia
1062 1835 1136 1893 vota
1152 1849 1264 1894 convo·

128 1940 237 2022 lando,
263 1946 296 2004 et
313 1940 460 2004 secundis
486 1939 609 2022 nupoiis
634 1937 753 2004 Marko
772 1937 838 2002 filio
863 1939 960 2004 Pauli
986 1937 1107 2002 bomini
1133 1935 1265 2018 ignobili

129 2049 294 2132 nupsisset
320 2055 352 2112 et
378 2069 470 2112 sacra
495 2047 565 2130 lege
591 2047 741 2112 connubii
761 2049 865 2111 eidem
884 2047 1043 2111 extitisset
1060 2043 1220 2127 copulata,
1246 2067 1265 2108 a
1372 2131 1374 2135 ,

129 2178 194 2241 quo
220 2155 323 2221 filium
348 2157 475 2221 nomine
501 2155 678 2239 Georgium
704 2163 736 2220 et
759 2155 862 2219 filiam
893 2155 998 2219 Elena
1022 2161 1168 2220 vocatam
1192 2175 1263 2237 pro-

128 2273 280 2346 creasset,
306 2287 414 2332 coram
440 2267 531 2332 nobis
558 2266 769 2350 personaliter
795 2273 948 2332 astantes,
973 2264 1025 2330 Ne
1050 2267 1151 2348 igitur
1167 2267 1263 2330 iidem

128 2376 222 2456 pueri
248 2395 286 2438 ex
312 2382 416 2440 matre
442 2395 553 2439 eorum
578 2374 736 2457 procreati
761 2373 801 2439 ab
827 2373 955 2437 bomine
981 2374 1262 2457 impossessiouato

130 2483 290 2564 ignobiles
307 2490 506 2562 censeantur,
533 2485 663 2549 domina
681 2489 784 2548 matre
803 2484 945 2566 ipsorum
962 2505 1071 2548 coram
1086 2483 1177 2548 nobis
1194 2503 1264 2566 per·

131 2591 289 2655 sonaliter
314 2598 451 2670 astante,
483 2599 516 2656 et
540 2598 673 2674 propter
704 2591 912 2674 infrascripta
937 2593 1009 2656 dote
1035 2599 1067 2656 et
1092 2591 1186 2656 rebus
1210 2611 1264 2673 pa·

127 2699 377 2784 raphernalibus
412 2700 477 2764 suis
512 2700 633 2765 eisdem
665 2698 839 2776 relaxante,
877 2699 1076 2781 receptisque
1109 2698 1263 2764 tredecim

127 2807 221 2888 equis
231 2807 453 2889 equaoialibus
464 2807 505 2872 ab
516 2807 635 2872 eisdem
647 2808 755 2890 pueris
766 2807 866 2870 fratrc
877 2813 910 2870 et
920 2827 1028 2871 sorore
1039 2807 1115 2884 suis,
1124 2803 1263 2870 ¹terciam

127 2921 257 2996 partem
275 2915 442 2980 cuiusdam
457 2914 667 2998 possessionis
683 2935 794 2978 eorum
819 2914 948 2979 Erdeod
965 2921 1085 2992 vocate,
1102 2915 1134 2978 in
1152 2915 1263 2979 eodem

127 3019 286 3085 comitatu
312 3020 351 3084 de
376 3020 508 3085 Zobooh
529 3020 704 3098 existentis,
731 3041 802 3084 curn
828 3020 976 3085 omnibus
1000 3071 1029 3085 ..
1053 3021 1262 3104 pertinenciis

127 3127 273 3192 ciusdem
291 3131 447 3194 universis
472 3179 501 3193 ..
524 3135 557 3194 et
573 3128 771 3212 quibuslibet
786 3130 867 3207 aliis,
884 3151 946 3212 que
957 3129 1026 3196 fieri
1043 3137 1177 3212 possunt
1193 3137 1263 3193 arte

126 3235 179 3298 vel
195 3236 325 3320 ingenio
342 3259 426 3302 nunc
443 3239 524 3302 etin
541 3237 694 3314 futurum,
718 3237 789 3301 loca
803 3244 912 3303 tamen
930 3238 1118 3304 sessionalia
1134 3259 1154 3303 a
1170 3245 1263 3321 parte

127 3346 340 3428 possessionis
367 3346 460 3410 Petri
486 3346 661 3410 existencia
685 3395 714 3409 ..
737 3366 846 3410 coram
863 3345 954 3410 nobis
970 3347 1128 3410 dederunt
1151 3395 1179 3409 ..
1203 3367 1262 3427 pro

126 3453 283 3536 predictis
299 3455 373 3518 dote
389 3459 422 3518 et
437 3454 532 3519 rebus
544 3452 835 3537 paraphernalibus
847 3453 974 3517 dominc
989 3454 1103 3519 matris
1118 3454 1262 3536 ipsorum

126 3583 167 3626 ac
183 3581 242 3644 pro
258 3562 415 3626 tredecim
431 3563 521 3644 equis
538 3560 758 3643 equaoialibus
774 3563 954 3644 prenotatis
971 3562 1041 3624 iure
1056 3567 1213 3644 perpetuo
1229 3561 1262 3624 in

126 3669 213 3734 filios
228 3668 368 3736 filiorum
378 3671 605 3752 possidendam
681 3669 770 3733 nullo
785 3671 856 3733 iure
872 3670 1086 3752 proprietario
1109 3719 1137 3733 ..
1161 3689 1263 3734 reser-

126 3783 215 3842 vato.
242 3777 315 3842 Hoc
338 3783 446 3842 tamen
472 3798 632 3862 expresso,
657 3779 743 3861 quod
769 3778 796 3841 si
821 3799 860 3841 ex
885 3779 996 3843 eadem
1013 3779 1141 3842 domina
1156 3783 1262 3842 matre

127 3906 241 3950 eorum
258 3885 367 3968 plures
383 3886 491 3968 proles
508 3891 764 3969 procrearentur,
784 3890 899 3950 extunc
915 3885 1051 3950 masculi
1066 3885 1172 3951 tribus
1189 3907 1261 3967 par·-

129 3993 230 4071 tibus,
246 3991 354 4076 puelle
370 4013 445 4058 nero
462 4000 669 4078 quotcunque
682 3992 803 4057 fuerint
818 3999 936 4076 quarta
951 3999 1045 4077 parte
1062 4013 1161 4077 snpra
1176 3993 1263 4058 dicta

126 4103 231 4167 tercia
256 4109 348 4186 parte
374 4105 583 4188 possessionis
603 4103 744 4186 gaudere
770 4103 907 4184 valeant,
932 4109 1030 4186 prout
1055 4103 1147 4185 regni
1163 4102 1262 4184 exigit

126 4214 335 4290 consuetudo,
350 4235 408 4277 neo
419 4214 519 4278 eciam
530 4235 614 4279 nunc
626 4213 738 4277 eadem
749 4211 857 4294 puella
871 4212 977 4277 Elena
986 4217 1096 4276 vocata
1107 4209 1181 4294 plus
1191 4229 1262 4293 pre·

125 4329 279 4402 terquam
303 4328 453 4403 quartam
480 4327 609 4404 partem
634 4321 754 4384 habere
779 4320 882 4403 possit
906 4321 1004 4384 tercie
1018 4319 1123 4403 partis
1139 4337 1261 4402 posses·
1355 4393 1359 4402 Ι

126 4429 268 4493 sionaria
285 4427 453 4511 prelibate.
478 4429 553 4496 Hoc
577 4429 678 4493 eciam
703 4450 767 4493 non
792 4427 940 4506 obmisso,
964 4429 1049 4510 quod
1074 4429 1102 4492 si
1127 4428 1261 4493 eandem

125 4537 292 4602 dominam
317 4543 453 4602 matrem
479 4558 590 4604 eorum
614 4536 767 4602 decedere
792 4537 959 4619 contingat
984 4535 1025 4599 ab
1040 4536 1102 4600 bac
1124 4535 1204 4616 luce,
1229 4541 1262 4598 et

125 4645 215 4710 idem
241 4645 374 4711 Marcus
399 4647 532 4712 vitricus
563 4647 704 4730 ipsorum
736 4666 774 4709 ex
806 4645 953 4710 secundis
978 4646 1103 4728 nupciis
1129 4643 1170 4710 ab
1195 4645 1261 4708 alia

125 4754 264 4817 muliere
281 4754 364 4818 filios
381 4756 429 4818 vel
446 4754 529 4820 filias
546 4755 770 4838 procreaverit,
787 4759 905 4817 extunc
923 4753 1019 4818 iidem
1030 4755 1121 4834 pueri
1139 4753 1179 4818 ab
1196 4753 1261 4816 alia
