3188 5470
377 511 440 572 342
718 520 903 565 lurconum
919 502 1124 562 onurluurln

375 694 453 740 4091.
473 687 572 736 Korn:
593 685 701 736 Kavacs
714 685 748 733 N.
770 711 801 719 -
823 682 856 730 Ε.
870 696 892 730 o.
909 695 1026 744 megven
1039 676 1171 728 rovidelili
1187 671 1410 726 tartalommelis
1430 675 1504 719 1349.

376 793 438 828 nov.
462 777 549 828 re-ro1
568 775 634 838 dipl.
655 779 721 824 oszt.
742 777 819 824 4088.
840 773 881 820 Aa
901 769 1009 820 oklevel
1028 767 1107 818 rovid
1127 766 1274 816 luivonatr'ut
1293 767 1311 814 l.
1331 763 1413 826 Fejer
1434 765 1452 812 i.
1473 781 1504 812 m.

375 869 425 918 lx.
444 873 467 916 1.
488 869 547 916 652.
566 867 585 914 l.

865 1021 1022 1030 ...ωα-

907 1189 978 1250 197.

384 1356 478 1418 1349.
504 1353 611 1431 Bada,
637 1376 702 1416 aar.
720 1353 771 1415 28.
789 1351 816 1416 Ι.
835 1349 931 1434 Lajoa
946 1348 1054 1434 lcirdly
1079 1345 1149 1410 clo'tt
1171 1343 1296 1430 Milidly
1318 1344 1447 1408 andeli
1462 1346 1507 1408 lu-

380 1475 491 1527 reaztes
507 1462 600 1526 barrit
619 1459 740 1526 lemond
764 1485 784 1523 a
800 1458 917 1523 Soror-i
941 1457 1051 1522 03on
1079 1457 1156 1520 ellan
1181 1457 1306 1520 indiloll
1330 1457 1465 1541 perdrlll,
1481 1457 1507 1517 aa

381 1572 530 1650 eliamori,
541 1574 619 1655 liopy
630 1595 650 1634 o
666 1569 802 1633 Rednuk
813 1569 938 1654 patalia
954 1591 975 1632 cr
992 1577 1117 1631 conveni
1133 1567 1164 1629 da
1174 1589 1194 1630 a
1206 1565 1365 1630 Βόυάνίαῖσ
1377 1563 1509 1628 hirtokui

652 1677 751 1741 kozlltt
766 1700 804 1738 az
821 1675 989 1740 clocikrnzlu'
1003 1676 1109 1740 roaolt
1123 1674 1235 1758 luepori.

489 1857 559 1923 Nos
575 1857 755 1922 Lodovicus
773 1909 802 1921 ..
828 1878 884 1921 rex
911 1907 940 1920 ..
967 1855 1185 1940 significamus
1212 1905 1243 1920 ..
1270 1852 1357 1938 quod
1384 1852 1508 1916 Petheu

382 1967 469 2032 filius
486 1965 576 2030 Petri
593 1965 633 2028 de
649 1963 853 2046 Woykfalwa
868 1987 927 2048 pro
945 2015 951 2027 .
968 2015 974 2028 .
991 1964 1092 2030 fratre
1103 1966 1265 2032 Michaele
1282 1962 1407 2028 ordinis
1422 1961 1510 2026 Jero

383 2075 567 2141 solimitane
586 2073 625 2138 de
650 2072 786 2137 Landek
818 2094 890 2138 cum
921 2075 1155 2156 procuratoriis
1190 2073 1296 2140 literis
1328 2069 1510 2138 causalibus

384 2179 519 2265 capituli
550 2179 683 2245 ecclesie
714 2180 754 2243 de
784 2177 907 2261 Scepus
933 2179 974 2244 ab
1000 2182 1315 2263 una,etmagiste1·
1341 2179 1511 2245 Ladizlaus

385 2289 490 2354 dictus
506 2285 586 2353 Soos
603 2287 642 2350 de
658 2285 769 2352 Sowar
784 2307 844 2369 pro
859 2307 893 2351 se
908 2285 1123 2369 personaliter
1132 2293 1165 2352 et
1174 2309 1233 2370 pro
1248 2289 1406 2370 magistro
1417 2287 1512 2352 Petro

385 2396 451 2461 filio
482 2393 645 2478 quondam
676 2394 825 2476 magistri
856 2393 990 2478 Georgii
1016 2393 1056 2458 de
1081 2395 1194 2460 eadem
1219 2393 1331 2464 Sowar
1362 2395 1513 2461 Nicoluus

386 2504 492 2570 dictus
518 2501 648 2585 anyelr
673 2523 745 2565 cum
770 2502 1000 2584 procuratoriis
1026 2501 1129 2568 literis
1156 2503 1299 2569 eiusdem
1325 2503 1459 2587 capituli
1485 2551 1513 2566 ..
1588 2523 1589 2582 ξ

386 2617 479 2697 parte
496 2631 534 2676 ex
550 2611 655 2674 altera
671 2630 779 2674 eoram
805 2608 896 2674 nobis
915 2610 1128 2693 personaliter
1153 2613 1330 2694 constituti,
1346 2619 1422 2677 sunt
1446 2633 1514 2676 con·
1588 2603 1589 2640 ³

386 2721 471 2798 lessi,
495 2717 580 2802 quod
606 2719 668 2801 ipsi
692 2717 726 2781 in
746 2739 845 2783 causa
870 2739 968 2801 quam
994 2718 1099 2784 dictus
1122 2719 1223 2785 frater
1252 2721 1397 2786 Michael
1422 2740 1514 2802 super

386 2827 473 2894 iacto
489 2825 656 2892 cuiusdam
681 2823 769 2890 fluvii
785 2826 1046 2909 Rednukpataka
1071 2830 1183 2906 vocati,
1207 2830 1296 2893 intra
1320 2835 1424 2893 metas
1449 2847 1514 2910 pos-

388 2935 537 3002 sessionis
562 2933 746 2998 eornmdem
772 2935 1001 3016 magistrorum
1026 2935 1175 3002 Ladizlai
1200 2943 1233 3001 et
1257 2937 1349 3002 Petri
1366 2936 1515 3001 Hannus·

387 3043 480 3110 solua
495 3049 608 3108 vocate
624 3048 660 3107 ut
675 3041 794 3106 dicitur
810 3043 987 3125 existentis,
1005 3065 1042 3108 ao
1058 3046 1144 3110 circa
1169 3046 1403 3130 possessionem
1419 3043 1515 3127 ipsius
1587 3055 1588 3126 i

388 3151 498 3217 fratris
514 3151 687 3215 Michaelis
706 3149 842 3232 Medges
868 3157 1014 3218 vocatam
1037 3154 1205 3230 currentis,
1221 3159 1335 3218 contra
1360 3152 1517 3237 predictos

389 3259 581 3326 Ladizlaum
606 3264 639 3324 et
663 3259 798 3323 Petrum
825 3259 937 3326 ordine
962 3261 1132 3326 iudiciario
1157 3263 1191 3325 in
1216 3262 1386 3345 presencia
1400 3259 1516 3324 domini

390 3368 519 3434 Nicolai
535 3366 671 3451 palatini
687 3388 813 3432 movere
832 3367 993 3450 voluisset,
1016 3369 1179 3434 amicabili
1200 3369 1433 3452 composicione
1450 3390 1518 3450 pro

391 3479 504 3544 borum
530 3484 562 3542 et
586 3476 741 3541 nobilium
766 3477 906 3542 virorum
933 3477 1233 3562 intervenientem
1258 3479 1358 3544 talem
1382 3479 1472 3562 pacis
1490 3488 1518 3539 el
1586 3563 1587 3570 ἵ

392 3584 559 3651 concordie
576 3585 726 3648 unionem
743 3584 967 3650 devenissent.
985 3637 991 3649 .
1009 3585 1095 3669 quod
1112 3589 1190 3670 quia
1216 3587 1323 3652 dictus
1339 3587 1443 3652 frater
1459 3585 1518 3650 nli-
1586 3593 1587 3652 l

393 3693 485 3759 chael
498 3692 633 3758 crucifer
650 3693 830 3775 predictum
846 3691 979 3757 fluuium
996 3693 1253 3777 Rednelrpotalra
1268 3701 1416 3760 vocatum
1432 3693 1522 3758 iuxta

392 3804 496 3886 ipsam
512 3822 603 3866 suam
629 3803 861 3884 possessionem
886 3802 1021 3886 Medyes
1046 3801 1199 3868 fluentem
1225 3803 1443 3887 predictorum
1458 3823 1522 3865 ma-

394 3914 566 3996 gistrorum
589 3908 738 3973 Ladinlai
754 3909 889 3972 etPetri
905 3909 944 3972 de
970 3907 1160 3975 Sowaresse
1185 3916 1218 3975 et
1233 3911 1400 3994 prefuisse,
1426 3917 1460 3974 et
1484 3909 1523 3972 ad

393 4019 572 4104 predictam
597 4018 830 4100 possessionem
854 4018 998 4100 ipsorum
1014 4017 1249 4084 Hannusfolwa
1273 4019 1446 4103 pertinere,
1463 4019 1524 4080 imo
1585 4059 1586 4100 p

394 4149 503 4192 veram
533 4131 654 4190 metam
684 4125 827 4189 eiusdem
858 4127 1066 4208 possessionis
1092 4126 1293 4209 abantiquo
1318 4125 1385 4192 fore
1410 4147 1524 4209 cogno·
1585 4109 1586 4172 i

394 4236 500 4316 visset,
517 4255 555 4298 ac
570 4233 603 4296 in
619 4233 723 4298 literis
740 4233 923 4297 eorumdem
950 4234 1180 4316 magistrorum
1204 4235 1295 4300 Petri
1322 4239 1354 4297 et
1378 4233 1524 4298 Ladizlei

396 4345 436 4409 de
452 4341 562 4408 Sowar
587 4341 889 4406 instrumentalibus
916 4339 998 4406 illud
1015 4341 1099 4406 idem
1116 4341 1248 4406 vidisset
1264 4341 1431 4421 contineri,
1458 4341 1525 4405 ideo

396 4452 501 4535 ipsum
516 4452 647 4517 fluvium
663 4473 735 4516 cum
753 4452 838 4516 omni
864 4451 1066 4534 plenitudine
1082 4453 1163 4517 iuris
1180 4503 1185 4515 .
1203 4501 1210 4516 .
1227 4453 1347 4516 eisdem
1363 4453 1527 4535 magistris
1584 4447 1585 4530 l

396 4559 553 4625 Ladizlao
570 4567 602 4624 et
617 4561 717 4625 Petro
733 4560 773 4624 de
784 4558 894 4626 Sowiar
904 4567 1144 4642 proverameta
1160 4560 1303 4624 eiusdem
1319 4561 1527 4643 possessionis

398 4667 632 4733 Hannusfolwa
647 4669 840 4733 remisisset.
859 4675 1048 4750 perpetua.
1065 4667 1321 4750 possidendum,
1330 4665 1387 4731 tali
1399 4667 1527 4732 vinculo
