3180 5470
355 511 422 573 412
716 524 901 570 succusani
919 510 1132 568 ouulurrla.

351 685 506 750 fratribus
523 686 589 750 suis
607 686 742 750 uterinis
759 684 830 749 dari
847 690 880 749 et
896 683 1034 749 conferri
1050 689 1206 767 perpetuo
1225 684 1419 767 postulavit;
1435 706 1483 748 ve-

351 815 423 858 rum
449 794 527 878 quia
552 793 591 858 de
618 793 782 884 qualitate
812 800 845 858 et
870 793 1053 878 quantitate
1077 792 1221 875 ipsarum
1241 793 1484 876 possessionari-

278 901 281 913 '
351 923 443 967 arum
460 904 655 986 pardonum,
672 908 705 967 et
720 907 830 966 utrum
856 901 966 966 eedem
990 907 1100 970 nostre
1116 902 1303 985 pertineant
1318 901 1483 967 collacioni

351 1031 410 1076 nec
425 1031 474 1088 ne,
490 1009 582 1075 nohis
606 1010 728 1075 veritas
753 1031 818 1074 non
843 1015 970 1075 constat
1002 1059 1032 1074 ..
1058 1010 1255 1095 precipimus
1282 1031 1340 1093 per
1356 1031 1484 1093 presen-

350 1125 409 1197 tes,
426 1123 587 1200 quatenus
611 1125 752 1184 vestrum
778 1120 915 1184 mittatis
941 1119 1104 1184 hominem
1130 1103 1188 1203 pro
1212 1121 1398 1184 testimonio
1423 1118 1483 1183 fide

352 1226 495 1310 dignum,
512 1248 575 1309 quo
591 1232 740 1310 presente
765 1225 938 1292 Ladislaus
964 1227 1015 1292 vel
1040 1226 1210 1292 Johannes
1234 1226 1292 1292 filii
1317 1228 1423 1292 Blasii
1446 1228 1485 1291 de

352 1337 440 1422 Tyry
450 1343 508 1401 aut
523 1335 549 1402 J
550 1336 668 1402 acubus
683 1335 770 1402 filius
786 1335 902 1420 Myske
912 1336 985 1400 aliis
1002 1336 1188 1402 absentibus
1204 1337 1299 1402 homo
1315 1344 1434 1414 noster,
1444 1335 1484 1399 ad

352 1445 452 1512 facies
467 1445 628 1512 dictmum
638 1445 963 1530 possessionariarum
976 1446 1171 1528 pernionum,
1186 1446 1299 1510 vicinis
1309 1452 1485 1510 etcomme-

351 1553 455 1619 taneis
472 1553 658 1620 earumdem
673 1553 831 1618 universis
856 1553 998 1636 legitime
1023 1554 1205 1618 convocatis
1230 1561 1262 1619 et
1280 1553 1485 1638 presentibus

350 1662 538 1741 accedendo,
554 1661 736 1728 reambulet
751 1660 878 1726 easdem
894 1681 952 1746 per
968 1682 1043 1726 suas
1059 1682 1152 1726 veras
1168 1662 1483 1743 metasetentiquas‚

349 1790 448 1834 novas
464 1771 555 1834 iuxta
570 1775 694 1834 veteres
718 1768 775 1835 ubi
791 1789 920 1834 necesse
945 1768 1042 1834 fuerit
1067 1769 1228 1852 erigendo,
1249 1769 1485 1835 reambulatas·

350 1899 412 1960 que
428 1884 461 1942 et
477 1877 518 1942 ab
534 1877 673 1942 aliorum
698 1876 958 1957 possessionariis
983 1876 1189 1961 porcionibus
1220 1878 1331 1944 metali
1355 1878 1486 1943 distinc

350 1986 439 2049 cicnc
456 1991 633 2069 separatas,
650 1989 775 2050 statuat
790 1984 917 2050 easdem
934 1985 1089 2068 predictis
1115 1985 1235 2068 Egidio
1261 1985 1431 2068 Stephano
1455 1993 1486 2049 et

349 2093 374 2158 J
375 2093 496 2158 ohanni
512 2092 588 2158 filiis
604 2092 630 2158 J
631 2093 776 2171 ohannis,
792 2093 889 2158 titulo
905 2097 1016 2158 nostre
1027 2115 1110 2158 nove
1126 2092 1312 2158 donacionis
1328 2100 1487 2177 perpetuo

348 2200 563 2283 possidendos¹
580 2201 686 2266 sinon
703 2201 800 2265 fuerit
815 2200 1070 2282 contradictum3
1094 2201 1385 2266 contradictoribus
1410 2224 1486 2267 vero

349 2309 376 2372 si
392 2307 447 2390 qui
463 2309 592 2390 suerint,
609 2314 721 2374 contra
746 2309 833 2392 ipsos
858 2307 900 2374 ad
924 2315 1069 2374 nostram
1094 2310 1293 2393 presenciam
1318 2309 1359 2374 ad
1376 2312 1486 2375 termi-

350 2438 428 2480 num
445 2422 678 2499 competentem
703 2415 847 2500 legitime
872 2415 1031 2497 evocatis3
1048 2423 1081 2481 et
1105 2423 1178 2500 post
1202 2417 1261 2481 hcc
1286 2418 1389 2482 tocius
1407 2417 1487 2482 facti

351 2525 466 2590 seriem
498 2573 528 2588 ..
553 2529 662 2589 nostre
696 2523 834 2588 fideliter
865 2522 1050 2588 rescribatis
1081 2525 1252 2589 maiestati.
1294 2525 1417 2590 Datum
1452 2527 1486 2589 in

349 2631 478 2696 civitate
495 2631 645 2697 Mutbine
661 2633 695 2696 in
711 2631 944 2714 patriarchatu,
960 2631 994 2694 in
1011 2631 1092 2696 festo
1112 2632 1198 2696 beati
1215 2631 1306 2697 Galli
1326 2633 1486 2698 confesso

347 2739 401 2818 ris,
417 2761 501 2804 anno
518 2740 639 2804 domini
655 2741 707 2804 M⁰
734 2737 852 2806 OOCmo
879 2739 1156 2822 quinquagesimo.

454 2919 586 2969 Ztrlattn
598 2917 690 2982 pecset
712 2919 881 2984 nycaeam-al,
899 2920 989 2970 alatta
1001 2935 1016 2969 e
1030 2921 1131 2970 szavak
1144 2921 1328 2971 olveshatok:
1352 2921 1486 2969 ›Belacic

347 3011 482 3074 Stephani
507 3011 659 3073 voyvode«.
688 3009 827 3074 Eredetije
852 3025 883 3060 az
910 3025 978 3060 orsz.
1001 3011 1033 3060 lt.
1057 3011 1124 3075 dipl.
1157 3017 1225 3061 oszt.
1253 3015 1350 3062 29684.
1383 3011 1484 3060 Kozli:
1584 2987 1585 3026 l

346 3099 454 3149 Kovacs
467 3099 500 3149 N.

875 3461 948 3522 253.

347 3637 442 3701 1350.
457 3637 547 3702 octob.
559 3640 610 3701 26.
628 3635 659 3701 A
674 3637 943 3703 leolozsmouostcri
953 3649 1079 3704 convent
1095 3640 1196 3705 elo'tta
1207 3641 1355 3707 Romulia
1363 3650 1485 3708 zarda-

344 3744 438 3809 dolclo'
459 3745 501 3809 Us
518 3745 634 3808 Miltlo's
650 3745 825 3810 derekenesi
839 3769 954 3827 aemes,
974 3721 1166 3833 dqcserdeje
1183 3757 1263 3812 accit
1280 3749 1420 3815 birtolcc't
1444 3778 1486 3818 aa

345 3853 516 3942 Aranylrrit
532 3855 657 3936 mellett,
674 3856 924 3940 Ldszidficc‘ack
940 3857 1071 3922 tizeakdt
1088 3859 1202 3922 motata
1219 3862 1350 3937 ezbstesrt
1367 3862 1487 3926 kolozs·

620 3964 694 4027 edri
708 3964 824 4028 rudrtdk
840 3965 955 4029 suerint
970 3964 1099 4052 za'loqdc
1115 3965 1200 4052 adju.

451 4141 522 4208 Nos
538 4150 710 4210 conventus
736 4146 868 4211 ecclesie
893 4147 986 4212 beate
1005 4148 1139 4230 virginis
1164 4148 1203 4213 de
1228 4149 1487 4218 Olusmonustra

344 4251 610 4336 ..significamus
642 4305 673 4320 ..
699 4255 784 4335 quod
819 4255 973 4320 accedens
1018 4257 1060 4320 ad
1093 4263 1237 4322 nostram
1277 4261 1488 4341 presenciam

344 4359 501 4426 Nicolaus
517 4359 566 4428 Vs
582 4360 698 4426 nobilis
714 4361 753 4427 de
769 4363 954 4428 Berekenes
970 4363 1012 4429 ab
1027 4385 1100 4443 una,
1120 4372 1211 4448 parte
1226 4385 1301 4429 vero
1317 4387 1357 4430 ex
1372 4367 1488 4434 altera

343 4467 534 4536 Dominicus
551 4475 584 4534 et
599 4469 688 4536 Beke
704 4471 763 4537 filii
779 4473 925 4538 Ladislai
941 4496 1049 4540 coram
1065 4473 1156 4540 nobis
1172 4475 1387 4557 personaliter
1407 4497 1487 4543 con·

344 4577 460 4655 stituti,
476 4598 533 4660 per
550 4578 687 4645 eundem
702 4579 875 4646 Nicolaum
892 4582 1089 4648 antedictum
1115 4583 1226 4647 taliter
1242 4585 1369 4649 exstitit
1384 4586 1488 4653 nobis

344 4685 542 4772 propositum
575 4737 581 4751 .
599 4737 604 4750 .
630 4687 715 4768 quod
731 4709 803 4754 cum
820 4710 917 4753 unam
933 4689 1128 4773 particulam
1143 4691 1308 4756 cuiusdam
1328 4691 1410 4758 silve
1422 4718 1488 4761 sue
