3192 5466
495 485 589 548 1348.
606 502 675 548 uon.
695 485 747 548 23.
1126 485 1192 550 209

83 660 200 737 gloriose
216 661 282 726 iam
297 664 451 741 venturis,
467 663 544 728 item
555 671 758 729 tresmaroas
769 665 801 729 in
812 665 933 730 oetavis
944 665 1047 730 sancti
1057 663 1191 730 Andree

82 769 208 850 apostoli,
224 775 257 832 et
272 769 419 835 residuas
436 777 578 853 quatuor
593 793 718 836 marcas
745 774 778 838 in
795 773 915 838 octavis
932 771 1124 838 Natiuitatis
1140 773 1194 838 do-

82 876 145 940 nini
168 875 444 960 subsequentibus,
485 899 611 964 semper
641 879 776 964 duplum
806 881 968 946 incursuri
998 883 1024 945 si
1051 881 1193 964 aliquem

83 985 220 1048 dictorum
248 987 458 1052 terminorum
477 989 664 1054 omitterent
680 991 713 1054 in
730 989 889 1054 solvendo.
916 990 1057 1072 Insuper
1073 989 1195 1071 obliga-

83 1099 142 1156 runt
152 1115 182 1156 se
192 1093 289 1157 iidem
305 1115 410 1160 comes
425 1096 544 1160 Petrus
555 1102 588 1161 et
597 1096 656 1160 filii
667 1097 716 1161 sui
728 1117 766 1162 ao
776 1097 960 1162 eorumdem
977 1097 1194 1179 posteritates,

83 1201 113 1266 ab
125 1201 265 1266 omnibus
282 1203 549 1286 generacionibus
559 1205 626 1268 suis
643 1212 677 1268 et
693 1227 754 1269 non
773 1204 814 1269 ab
831 1205 913 1287 aliis,
929 1209 1079 1286 pretextu
1095 1203 1195 1270 dicta-

82 1331 136 1373 rum
151 1309 336 1392 porcionum
352 1313 685 1394 possessionan'arum,
710 1334 727 1376 e
743 1333 895 1377 converso
912 1312 1013 1377 eciam
1029 1311 1195 1394 predictus

81 1417 228 1482 lohannes
243 1417 330 1482 filius
346 1419 505 1502 Stephani
522 1442 555 1485 so
571 1429 603 1486 et
619 1421 749 1486 eosdem
768 1429 906 1486 matrem
923 1442 962 1486 ac
978 1420 1113 1484 Petrum
1129 1419 1193 1484 fra·

80 1535 226 1591 tremsuos
245 1547 369 1591 necnon
378 1527 514 1593 heredes
524 1529 668 1610 ipsorum
678 1535 873 1614 pretaxatos,
896 1528 1045 1595 comitem
1059 1527 1195 1591 Petrum

81 1643 105 1698 et
124 1633 198 1699 filios
224 1656 299 1699 suos
326 1656 364 1700 ac
387 1637 531 1718 ipsorum
556 1638 811 1719 posteritates..
829 1637 870 1702 ab
895 1635 1042 1700 omuibus
1069 1636 1196 1700 racione

79 1742 147 1807 dicte
161 1744 272 1808 mortis
288 1749 432 1825 tempore
449 1745 649 1826 progressive
665 1745 848 1826 inquietare
864 1741 1048 1826 nitentibus,
1065 1762 1192 1825 semper

81 1860 104 1914 et
118 1851 227 1931 ubique
244 1872 312 1916 sese
338 1852 522 1916 alternatim
548 1852 743 1917 defendere.
762 1905 767 1917 .
784 1852 897 1918 literas
925 1853 1025 1917 eciam
1052 1855 1196 1936 ipsorum

79 1959 224 2024 universas
242 2011 248 2023 .
265 2009 271 2022 .
289 1980 385 2042 super
401 1958 488 2024 dicta
506 1967 607 2024 morte
633 1967 666 2024 et
689 1961 851 2026 iniuriosis
877 1959 978 2024 factis
1004 1982 1042 2025 ac
1068 1960 1196 2026 damnis

80 2067 175 2132 exinde
190 2067 450 2150 contingentibus
476 2068 632 2133 hactenus
648 2069 734 2133 inter
753 2091 786 2134 se
803 2069 972 2144 confectae,
998 2075 1145 2134 cassatas
1163 2117 1193 2134 .,

80 2176 266 2257 reliquissent
292 2225 322 2239 ..
347 2175 482 2239 dicimus
508 2176 618 2253 eciam,
644 2176 730 2258 quod
755 2176 900 2260 predicta
925 2175 1041 2239 nobilis
1068 2177 1198 2240 domina

83 2283 178 2347 relicta
194 2283 355 2366 Stephani
371 2273 555 2365 nuperrime
581 2305 690 2348 coram
716 2284 836 2349 eisdem
862 2283 999 2367 reginali
1026 2289 1059 2347 et
1086 2289 1195 2347 nostro

80 2389 254 2466 hominibus
270 2397 307 2454 ut
322 2390 419 2455 iidem
435 2391 589 2472 reginalis
606 2398 639 2454 et
655 2397 765 2456 noster
781 2392 925 2456 homines
942 2391 984 2454 ad
1001 2413 1057 2456 nos
1075 2391 1195 2455 reversi

82 2497 157 2560 nobis
172 2498 361 2576 retulerunt,
377 2500 411 2562 in
429 2499 497 2562 loco
508 2499 608 2580 ipsius
625 2498 793 2563 concordie
810 2521 903 2563 suum
920 2519 1109 2563 consensum
1125 2519 1197 2581 pre-

81 2605 196 2686 tulisset,
211 2613 245 2670 et
260 2629 332 2671 cum
348 2607 469 2670 eisdem
485 2607 601 2670 comite
611 2607 712 2671 Petro
723 2606 846 2672 acfiliis
864 2609 938 2687 suis,
955 2607 1001 2671 sic
1016 2607 1115 2670 veluti
1125 2627 1195 2688 pre-

81 2721 172 2778 tartus
186 2713 355 2779 ,lohannes
371 2713 457 2778 filius
482 2735 558 2778 suns
574 2713 714 2796 perfecte
741 2715 965 2780 concordasset
981 2734 1078 2796 super
1094 2719 1196 2778 morte

80 2821 130 2886 filii
144 2824 191 2887 sni
216 2823 387 2906 prenotati.
414 2821 538 2885 Datum
554 2823 587 2885 in
603 2821 713 2904 vigilia
729 2820 802 2886 festi
829 2822 1011 2886 nativitatis
1035 2820 1124 2884 beati
1139 2820 1198 2884 ,lo-

79 2930 181 2995 hannis
196 2930 356 3013 Baptista,
373 2949 456 2994 anno
473 2930 592 2993 domini
609 2931 662 2994 Μο
688 2928 786 2996 0000
811 2929 915 2994 XL¹¹¹⁰
931 2933 1051 3016 octavo.

174 3130 325 3194 Hatlapjdn
338 3129 430 3193 pecsdt
448 3130 624 3191 nyomaira13
650 3127 780 3192 eredetije
803 3145 835 3178 az
855 3144 923 3178 orsz.
946 3129 978 3176 lt.
1007 3128 1106 3176 kincst.
1131 3131 1199 3174 oszt.

80 3221 106 3267 N.
119 3223 149 3270 R.
163 3223 185 3269 Α
208 3227 267 3269 530.
286 3226 326 3269 18.
340 3219 405 3281 dipl.
420 3223 488 3267 oszt.
503 3224 581 3268 3994,
595 3219 678 3268 Kozli
693 3235 698 3267 :
721 3219 828 3268 Koviacs
841 3221 875 3268 N.
953 3263 955 3268 .

610 3707 661 3766 99.

79 3907 163 3970 1348.
179 3905 287 3984 Saros,
296 3909 369 3989 juo.
387 3906 439 3968 23.
466 3903 564 3968 Suros
581 3905 744 3986 ca'rmepye
760 3899 925 3985 cliapduja
950 3899 980 3960 e‘a
1005 3894 1195 3980 azolpabircii

77 4011 271 4100 lizoayitjdlc,
298 4015 378 4100 hopy
396 4010 545 4097 Cteplent
561 4009 663 4074 Ja‘uoe
678 4005 730 4088 fia
755 4005 855 4084 Ma'ld,
888 4003 1045 4070 Tor-etant
1072 3998 1202 4088 Gydrpy

261 4121 340 4185 clleo
356 4145 376 4184 a
392 4121 521 4184 titum
536 4116 718 4180 haldriddre
735 4137 805 4176 nem
813 4112 912 4198 jeleat
928 4133 1002 4196 may.
1130 4129 1135 4140 ·

174 4318 245 4383 Nos
261 4317 417 4400 magister
442 4315 612 4380 ‹lohannes
638 4313 812 4376 vicecomes
838 4315 870 4374 et
894 4307 1017 4372 iudices
1045 4306 1201 4371 nobilium

76 4423 110 4488 cle
124 4424 226 4492 Surus
252 4425 367 4490 damus
384 4445 442 4507 pro
458 4422 622 4502 memoria,
652 4419 738 4504 quod
755 4439 827 4482 oum
852 4417 943 4480 iuxta
968 4414 1203 4480 continenciam

77 4535 212 4614 priorum
245 4535 416 4610 literarum
449 4537 636 4596 nostrarum
666 4529 749 4593 seria
779 4525 922 4591 secunda
952 4523 1101 4608 proxima
1131 4529 1206 4604 post

76 4645 250 4724 quindenas
260 4643 334 4708 festi
345 4641 558 4720 Pentecostis‚
571 4639 725 4704 Matheus
741 4634 826 4699 filius
836 4633 998 4698 Johannis
1008 4631 1048 4694 de
1059 4628 1203 4712 Oheplen

115 4779 261 4814 nsrouxonr
279 4763 453 4813 ‹mrsu-rrae.
472 4776 496 4810 r.
515 4765 611 4810 norun.
1066 4761 1096 4805 14
