3180 5466
560 493 654 554 1351.
673 509 742 554 ocr.
761 497 788 554 3.
1172 497 1235 558 519

106 683 304 734 camerarum
321 670 478 752 regalium
495 675 528 733 et
545 676 709 734 exactores
725 669 808 734 lucri
834 693 959 736 camere
982 673 1068 754 regie
1088 673 1236 736 maiesta-

105 777 152 853 ris,
168 799 208 839 ex
224 796 327 859 eoque
342 777 448 841 nullas
465 775 578 841 literas
594 797 690 859 super
707 777 843 860 aliquali
863 779 1032 844 concordia
1053 784 1167 844 contre
1177 800 1236 842 no-

107 883 184 948 biles
202 889 235 948 et
260 885 340 950 alios
372 885 512 950 cuiusvis
538 889 643 950 status
670 889 701 948 et
726 884 894 968 dignitatis
910 887 1055 952 homines
1080 887 1237 970 possessi-

104 1014 175 1057 ones
202 991 358 1060 habentes
382 994 483 1076 ipsius
509 993 678 1058 comitatus
703 993 742 1058 de
767 994 910 1060 Wolkou
936 994 1099 1060 dedissent
1125 997 1237 1062 comiti

103 1121 303 1166 camerarum
328 1102 486 1185 regalium
512 1101 740 1186 predictarum.
772 1103 897 1170 Datum
913 1109 1003 1170 sexto
1028 1105 1082 1170 die
1106 1125 1236 1188 congre·

103 1210 244 1290 gecionis
261 1215 371 1276 nostre
395 1209 547 1294 predicte,
564 1211 597 1274 in
622 1211 693 1275 loco
718 1210 889 1293 antedictc,
915 1233 999 1278 anno
1025 1213 1145 1278 domini
1162 1212 1237 1277 Μιῃο

104 1313 222 1380 CCCmo
239 1317 306 1382 L¹¹¹⁰
322 1319 434 1400 primo.

208 1497 349 1561 Eradetije
362 1498 491 1562 hartyan,
506 1497 651 1562 hatlapjtn
666 1497 760 1562 pecset'
777 1499 1039 1564 mar-advenyaiva13
1059 1498 1190 1564 eredetije
1203 1516 1235 1551 az

102 1601 166 1634 orez.
194 1587 226 1635 lt.
254 1587 353 1638 kincst.
379 1593 446 1638 oszt.
473 1589 505 1638 N.
519 1589 553 1638 a.
567 1589 599 1638 A.
617 1593 692 1639 1530.
707 1595 731 1639 3.
745 1587 811 1652 dipl.
822 1595 890 1639 cszt.
905 1595 983 1640 4221.
1008 1590 1132 1640 Kdzdlve
1151 1589 1235 1639 nehel

103 1677 204 1726 Vincze
218 1677 312 1728 Gabor
324 1679 516 1730 masolatabdl.

105 2291 200 2353 1351.
220 2289 352 2370 dedr,
368 2301 424 2356 ccl.
439 2295 470 2356 3.
496 2295 577 2380 Zeqy
607 2293 726 2357 Mikra
751 2317 788 2356 uz
812 2291 993 2376 cr·ezd9bir·6
1015 2294 1134 2376 ror-dja,
1155 2290 1233 2354 bizo-

331 2422 406 2486 nyos
422 2400 560 2484 birsdpot
578 2401 651 2465 Kun
668 2401 851 2466 Miklc'saak
868 2401 1001 2486 eleuyed.

205 2561 275 2628 Nos
292 2561 448 2628 Nicolsus
464 2565 503 2629 de
514 2563 603 2648 Zegy
620 2569 750 2629 exactor
766 2563 960 2629 iudiciorum
972 2562 1097 2628 comitis
1109 2561 1232 2628 Thome

96 2670 213 2736 iudicis
229 2673 318 2735 curie
335 2719 366 2735 ..
391 2671 503 2736 damus
530 2693 589 2754 pro
614 2673 779 2754 memoria,
805 2671 890 2753 quod
917 2691 973 2736 nos
996 2669 1169 2736 Nicolaum
1186 2669 1232 2734 di·

95 2785 183 2844 ctum
200 2778 281 2844 Kun
307 2800 404 2864 super
429 2779 556 2844 iudiciis
580 2780 770 2845 iudiciorum
796 2779 1044 2864 gravaminibus,
1061 2779 1095 2842 in
1112 2778 1230 2862 quibus

95 2893 210 2952 contra
225 2885 251 2952 J
252 2889 411 2952 ohannem
428 2895 461 2952 et
470 2889 606 2954 Petrum
616 2889 700 2955 filios
711 2889 880 2954 Benedicti
897 2889 936 2952 de
946 2885 1125 2956 Ohuntnuk
1136 2883 1228 2970 (igy)‚

94 2993 198 3059 eidem
215 2993 388 3060 Nicolaum
404 2995 527 3060 dictum
552 2997 632 3062 Kun
649 2997 800 3062 duximus
820 2995 1039 3072 relaxandam,
1055 2995 1227 3060 reddentes

94 3103 234 3166 eundem
250 3101 422 3168 Nicolaum
439 3125 535 3187 super
551 3105 716 3187 premissis
733 3105 858 3169 indiciis
875 3106 980 3170 tribus
997 3103 1122 3180 marcis,
1139 3101 1228 3166 salva

94 3217 202 3274 tamen
220 3212 370 3294 porcione
387 3213 490 3293 partis
507 3212 646 3290 adverse,
663 3211 766 3276 eidem
784 3211 917 3295 deipsis
935 3211 1150 3294 proveniente,
1176 3230 1228 3273 ex·

93 3317 242 3399 peditum
272 3319 459 3401 pariterque
500 3317 690 3383 absolutum.
731 3319 856 3384 Datum
888 3319 921 3382 in
957 3315 1117 3384 thmur
1148 3315 1229 3381 feria

93 3425 238 3490 secunda
253 3431 327 3508 post
343 3425 461 3490 festum
477 3425 564 3491 beati
590 3425 761 3492 Michaelis
786 3426 981 3510 archangeli,
1007 3446 1091 3490 anno
1108 3423 1229 3490 domini

93 3532 169 3597 Μ1110
186 3531 309 3600 Occu
326 3535 596 3616 quinquagesimo
612 3535 724 3618 primo.

203 3696 332 3761 Papiron,
347 3697 473 3746 zarlatan
484 3696 574 3759 pecstt
584 3697 768 3747 tdredtkeivel
784 3714 790 3762 3
810 3696 941 3760 credetije
954 3711 986 3745 az
997 3709 1066 3744 orsz.
1080 3696 1104 3744 lt
1128 3695 1228 3744 kincst.

92 3792 161 3834 oszt.
176 3787 208 3834 N.
223 3787 256 3836 R.
270 3787 303 3835 A.
319 3792 359 3836 51.
374 3791 417 3836 49.
431 3787 496 3850 dipl.
511 3793 577 3837 oszt.
593 3793 697 3852 24,474.
712 3787 857 3853 Ugyanott
868 3787 946 3836 orzik
969 3785 1070 3836 Mikros
1082 3785 1225 3835 nadornak

95 3877 172 3923 1351.
187 3881 256 3937 sept.
271 3875 353 3924 30-έιῃ
366 3876 424 3925 kelt
437 3877 575 3941 birsagold
600 3876 701 3926 leveltt
726 3877 849 3926 csetneki
862 3875 961 3925 hasale
981 3875 1063 3940 egyilr
1084 3874 1228 3940 jobbagya

94 3963 213 4026 resztre,
228 3963 356 4014 Szalonai
382 3965 486 4014 borant
512 3967 548 4015 fla
583 3968 689 4016 Bar-tha
714 3967 803 4030 ellen3
826 3965 892 4028 dipl.
919 3969 985 4014 oszt.
1012 3968 1089 4014 4222.
1124 3964 1231 4013 Kozli:

94 4052 206 4102 Kovacs
226 4054 259 4102 N.
