3180 5466
580 439 672 500 1351.
690 455 757 500 rua.
777 439 827 500 25.
1195 444 1258 505 503

128 616 244 681 catoris
263 616 409 681 versucia
425 637 478 682 eos
495 615 537 681 ad
553 615 744 682 deteriorem
769 617 865 681 finem
891 619 1055 702 perducat,
1073 619 1129 686 sed
1145 623 1256 703 pocius

128 725 183 789 deo
199 725 289 810 pacis
305 731 450 792 amatore
467 727 668 810 propiciante
684 727 784 792 lomes
801 729 942 792 omnium
959 729 1117 798 malorum
1135 731 1174 796 de
1195 755 1259 798 me·

127 834 175 900 dio
191 836 335 917 ipsorum
345 837 477 918 penitus
488 836 652 914 evellatur,
668 837 729 919 ipsi
740 857 797 921 per
808 835 1071 903 reformacionem
1081 839 1257 908 multorum

126 942 297 1026 proborum
322 951 355 1010 et
379 943 535 1008 nobilium
562 944 713 1021 virorum,
729 955 762 1011 et
792 947 944 1030 precipue
965 947 1113 1030 magistri
1129 945 1258 1014 Nicolai

124 1051 179 1116 filii
196 1051 308 1137 Abbly
325 1053 367 1117 ad
383 1053 513 1135 plenam
529 1074 641 1136 pacem
658 1103 663 1117 .
682 1103 687 1116 .
713 1053 910 1120 devenerunt
929 1075 1036 1120 coram
1057 1055 1157 1136 nobis,
1173 1059 1255 1123 rela-

124 1167 236 1225 xantes
262 1160 322 1226 sibi
347 1160 482 1225 invicem
514 1162 658 1239 iniurias,
675 1161 801 1238 damna,
828 1169 1029 1244 nocumenta,
1046 1164 1198 1248 birsagia,
1225 1173 1257 1230 et

124 1268 266 1354 quelibet
282 1269 347 1351 alia
362 1270 450 1336 mala
465 1272 631 1354 hucusque
647 1273 825 1348 commissa,
846 1271 1047 1337 succubitum
1062 1271 1139 1337 facti
1159 1272 1257 1338 duelli

123 1377 320 1463 potencialis,
337 1399 399 1462 quo
424 1378 509 1442 idem
534 1377 716 1445 Luchasius
742 1387 853 1445 contra
878 1379 1013 1446 Petrum
1030 1379 1130 1445 filium
1148 1379 1256 1447 Chare

122 1487 284 1554 convictus
316 1485 486 1553 exstiterat
526 1487 654 1570 penitus
696 1488 876 1566 irritarunt,
917 1509 954 1552 ac
992 1509 1088 1571 super
1122 1488 1251 1572 quibus-

122 1595 199 1661 libet
215 1594 387 1680 generibus
412 1596 572 1660 malorum
589 1594 749 1678 pacificati
774 1596 977 1674 exstiterunt,
1002 1599 1255 1682 pronunciantes

123 1725 231 1770 omnes
248 1703 360 1769 literas
377 1712 489 1772 contra
506 1725 574 1769 sese
590 1704 724 1769 invicem
740 1705 907 1788 hucusque
924 1712 1090 1771 emanatas
1107 1756 1114 1770 .
1131 1759 1137 1772 .
1166 1709 1254 1791 peni·

122 1819 171 1878 tus
186 1812 309 1878 viribus
325 1813 495 1890 carituras,
506 1820 539 1879 et
549 1813 575 1877 si
591 1813 624 1877 in
640 1811 787 1877 fraudem
797 1820 959 1878 reservate
969 1815 1002 1878 in
1012 1814 1117 1880 lucem
1133 1814 1254 1882 fuerint

121 1922 284 2006 producte,
314 1929 482 2003 tamquam
515 1919 595 1985 false
621 1941 731 1985 earum
763 1919 994 1986 exhibitoribus
1024 1923 1170 2006 existant
1196 1943 1254 2005 per

121 2032 228 2095 omnia
243 2029 408 2109 nociture3
424 2037 574 2113 preterea
590 2079 597 2094 .
614 2079 620 2092 .
645 2027 833 2111 obligarunt
849 2050 882 2094 se
900 2029 1009 2094 eedem
1025 2036 1142 2114 partes,
1169 2030 1255 2112 quod

123 2139 243 2204 nullum
260 2137 404 2204 duellum
421 2139 608 2221 nullumque
619 2137 836 2204 iuramentum
855 2137 1055 2221 equipollens
1072 2137 1179 2203 duello
1200 2138 1252 2202 de-

119 2249 227 2332 inceps
244 2246 314 2311 fieri
334 2247 436 2330 possit
451 2247 536 2312 inter
551 2245 646 2329 ipsos,
663 2245 723 2311 tali
747 2245 947 2328 obligacione
972 2247 1151 2328 interiecta,
1168 2246 1254 2330 quod

119 2359 145 2421 si
162 2377 227 2439 qua
242 2356 388 2440 parcium
405 2353 547 2437 predicte
563 2355 651 2438 pacis
668 2360 700 2418 et
716 2353 883 2419 concordie
909 2355 1059 2418 unionem
1076 2374 1132 2418 seu
1148 2353 1252 2438 prefa-

119 2471 187 2529 tam
204 2463 441 2528 ordinacionem
457 2463 488 2527 in
506 2471 577 2529 toto
593 2461 643 2526 vel
658 2463 691 2526 in
707 2469 802 2544 parte
819 2513 825 2525 .
843 2511 849 2525 .
873 2467 1053 2528 retractare
1070 2470 1251 2543 conaretur,

118 2580 150 2637 et
166 2575 193 2639 si
210 2573 265 2656 qui
281 2593 320 2636 ex
336 2573 414 2655 ipsis
431 2591 526 2656 super
543 2569 689 2635 omnibus
706 2571 868 2653 premissis
887 2569 926 2634 de
943 2569 1052 2652 aliquo
1068 2569 1118 2634 vel
1135 2569 1173 2634 de
1194 2571 1251 2634 ali·
1319 2553 1323 2566 ³

118 2683 235 2766 quibus
261 2683 389 2748 domino
414 2681 558 2765 palatino
584 2700 641 2744 seu
666 2681 845 2760 cuicunque
869 2678 966 2744 iudici
993 2687 1051 2744 aut
1075 2679 1251 2744 iusticiario

119 2793 211 2874 regni
235 2791 407 2872 Hungarie
434 2789 665 2872 querimoniam
683 2788 872 2870 porrexerit,
894 2795 1013 2853 extunc
1031 2787 1064 2850 in
1081 2785 1250 2850 succubitu

117 2899 217 2966 duelli
233 2899 423 2984 potencialis
441 2897 684 2963 convinceretur
699 2898 769 2980 ipso
785 2896 870 2964 facto
882 2903 994 2962 contra
1003 2900 1131 2979 partem
1147 2895 1251 2978 ipsam

117 3028 229 3091 pacem
255 3007 526 3072 observantem..
550 3004 676 3071 Datum
701 3007 734 3069 in
770 3003 889 3070 octavis
921 3004 995 3069 festi
1025 3003 1250 3087 preciosissimi

117 3116 270 3200 Corporis
298 3113 428 3194 Christi,
454 3135 537 3178 anno
579 3113 721 3179 eiusdem
752 3113 804 3178 Μ0
832 3111 953 3181 000ωο
985 3112 1251 3196 quinquagesimo

115 3247 228 3312 primo.

223 3369 377 3433 Httlapjdn
402 3369 493 3432 peccet
519 3368 723 3433 tbredekeivel;
748 3365 878 3431 credetije
901 3381 934 3416 aa
960 3380 1030 3417 orsz.
1044 3366 1075 3414 lt.
1090 3363 1157 3427 dipl.
1178 3368 1247 3414 oszt.

115 3465 213 3512 30655.
234 3460 332 3510 szli:
348 3461 456 3510 Kovdcs
469 3461 502 3510 N.

636 3879 709 3939 303.

115 4041 212 4104 1351.
224 4036 410 4120 Bado,jaa.
427 4037 478 4098 25.
492 4037 519 4102 I.
531 4037 628 4120 Lojoe
638 4033 777 4120 loirdlyo
788 4033 874 4097 Bora
888 4037 984 4097 odros
1000 4036 1118 4098 l’dcac‘ro
1136 4034 1163 4098 I.
1181 4033 1247 4097 Ko-

113 4147 184 4233 roly
200 4143 309 4230 kiro'ly
335 4143 417 4208 ctat
448 4142 605 4208 1331-oea
631 4143 754 4207 lca'cdott
778 4141 1042 4226 laiodltodplcvclet
1062 4143 1244 4226 moperdac‘tc'.

221 4304 290 4372 Nos
315 4307 537 4373 Lodovicus..
561 4327 616 4370 rex
635 4357 664 4370 ..
690 4305 954 4389 significamus..
979 4304 1065 4388 quod
1091 4303 1247 4370 Nicolaus

111 4416 198 4483 filius
215 4413 331 4482 Oosme
346 4417 442 4482 iudex
458 4416 498 4481 de
513 4415 605 4494 Bere,
624 4417 701 4482 item
719 4415 855 4480 Marius
872 4413 958 4480 filius
974 4411 1110 4492 Nicolai,
1127 4414 1245 4480 Petrus

111 4526 200 4591 filius
217 4525 325 4590 Booth
342 4533 376 4592 et
390 4524 539 4590 Henchel
550 4523 636 4589 filius
653 4523 756 4588 Terus
772 4525 872 4589 iurati
888 4522 972 4588 cives
989 4523 1128 4589 civitatis
1139 4529 1248 4588 nostre

114 4635 153 4699 de
171 4633 286 4699 eadem
302 4635 377 4712 suis,
394 4641 427 4700 ct
442 4635 663 4700 universorum
680 4634 856 4698 concivium
874 4653 930 4698 seu
946 4632 1148 4716 cohospitum
1164 4631 1247 4715 ipso-
