3138 5462
362 481 404 543 94
712 493 908 538 'aureorum
926 479 1139 538 cantuaria.

360 657 560 740 pertineret.
577 705 584 719 .
601 659 634 718 et
650 675 669 717 a
685 661 830 736 tempore
856 654 999 718 eiusdem
1024 653 1144 719 domini
1167 639 1247 719 Bele
1273 656 1359 738 regis
1376 654 1477 738 prede·
1556 670 1561 681 ¹

360 783 500 830 cessores
517 763 661 848 ipsorum
671 769 703 826 et
712 761 841 826 demum
851 763 913 845 ipsi
922 763 956 826 in
966 763 1107 827 dominio
1123 762 1265 827 eiusdem
1281 749 1480 846 possessionis

359 871 566 938 immobiliter
591 870 831 953 perstetissent‚
857 890 915 934 nec
939 869 1058 950 aliquis
1084 868 1150 934 ullo
1172 891 1319 956 ,unquam
1345 877 1479 953 tempore
1561 911 1562 941 2

358 979 492 1046 eandem
521 977 753 1062 possessiouem
783 976 980 1042 abstulisset·
993 977 1035 1041 ab
1061 976 1197 1056 eisdem,
1230 1000 1326 1061 quam
1349 977 1476 1060 'quidam
1562 1030 1563 1056 2

358 1089 456 1156 vieini
471 1091 691 1170 occupassent.
709 1083 814 1167 Super
824 1105 888 1166 quo
898 1083 990 1154 nobis
1007 1083 1099 1149 firmo
1116 1085 1249 1150 dedistis
1260 1085 1319 1150 sub
1329 1091 1479 1169 precepto,

358 1206 395 1264 ut
412 1220 508 1283 super
524 1196 688 1282 premissis
704 1197 737 1260 in
753 1196 1005 1278 congregacione
1031 1200 1143 1260 nostra
1168 1196 1202 1259 in
1228 1195 1433 1260 comitatibus
1448 1195 1480 1260 de

360 1309 460 1376 Sarus
477 1314 509 1373 et
524 1307 564 1371 de
580 1307 712 1390 Wywar
737 1303 938 1382 celebranda,
955 1325 974 1368 a
989 1305 1105 1369 iuratis
1131 1304 1345 1370 assessoribus
1362 1311 1395 1369 et
1410 1304 1480 1368 indi·
1563 1339 1564 1347 κ

359 1418 448 1483 cibus
465 1415 619 1480 nobilium
636 1435 675 1478 ac
690 1414 846 1477 universis
871 1412 1032 1478 nobilibus
1057 1419 1090 1477 et
1114 1414 1187 1478 aliis
1212 1413 1396 1479 hominibus
1421 1433 1481 1496 pre-

359 1526 518 1590 dictorum
543 1523 763 1602 comitatuum,
788 1543 808 1585 a
834 1519 951 1604 quibus
975 1519 1099 1584 licitum
1131 1527 1163 1584 et
1194 1522 1366 1604 expediens
1391 1521 1481 1600 fieret,

359 1636 520 1710 sciremus,
536 1639 568 1697 et
584 1631 766 1715 specialiter
783 1631 810 1696 si
826 1629 935 1712 aliquo
960 1635 1103 1712 tempore
1119 1631 1191 1713 ipsa
1207 1631 1364 1713 possessio
1380 1630 1481 1695 ablata

359 1741 513 1808 lueritab
539 1739 659 1806 eisdem
686 1759 743 1803 nec
759 1761 807 1816 ne,
833 1739 1049 1835 omnimodam
1075 1738 1252 1817 veritatem,
1277 1745 1310 1803 et
1335 1746 1408 1822 post
1431 1740 1481 1804 hec

359 1861 455 1937 prout
464 1852 556 1916 nobis
567 1851 685 1916 veritas
696 1855 859 1914 constaret
869 1850 1107 1932 premissorum,
1123 1855 1228 1914 vestre
1239 1849 1480 1914 rescriberemus

358 1959 529 2025 maiestati.
540 1957 658 2041 Itaque
668 1979 725 2022 nos
737 2007 742 2020 .
754 2008 759 2021 .
771 1957 862 2022 iuxta
878 1959 1113 2022 continenciam
1123 1956 1308 2020 earumdem
1318 1957 1480 2022 literarum

360 2073 547 2144 vestrarum,
562 2065 683 2129 iudices
699 2063 855 2129 nobilium
872 2070 905 2128 et
920 2064 1042 2128 iuratos
1068 2085 1245 2128 assessores
1270 2063 1480 2148 predictorum

360 2177 570 2242 comitatuum
587 2223 594 2236 .
612 2223 618 2236 .
635 2193 731 2255 super
742 2173 905 2256 premissis
916 2173 1089 2255 requisitos
1099 2173 1280 2251 habuimus,
1292 2173 1349 2256 qui
1360 2174 1482 2256 quidem

359 2285 482 2351 iudices
499 2283 654 2348 nobilium
671 2288 703 2346 e't
719 2283 818 2346 iurati
844 2301 1020 2347 assessores
1036 2283 1079 2346 ad
1095 2333 1102 2346 .
1118 2334 1125 2346 .
1142 2281 1237 2348 fidem
1253 2289 1287 2348 et
1301 2282 1483 2348 fidelitatem

360 2395 418 2458 deo
435 2399 467 2457 et
483 2397 587 2456 vestre
603 2391 765 2456 maiestati
798 2388 939 2454 debitam
956 2411 993 2454 eo
1010 2391 1103 2456 modo
1128 2390 1342 2470 affirmarunt,
1368 2397 1405 2455 ut
1420 2411 1483 2474 pre-

360 2501 447 2567 dicta
471 2501 628 2584 possessio
653 2499 802 2582 Zebenye
827 2504 940 2563 vocata
973 2499 1006 2562 in
1032 2499 1118 2564 dicto
1143 2500 1297 2563 comitatu
1324 2498 1364 2564 de
1389 2497 1484 2565 Sarus

359 2610 507 2691 existens,
525 2629 563 2672 ex
579 2607 680 2692 ipsius
696 2607 816 2671 domini
841 2606 920 2671 Bele
936 2609 1021 2690 regis
1047 2605 1220 2672 collacione
1245 2606 1399 2690 predictis
1415 2606 1484 2670 filiis

359 2717 501 2784 Simonis
518 2724 551 2781 et
566 2715 642 2782 filiis
658 2715 683 2780 J
684 2715 819 2780 ohannis
836 2715 922 2779 omni
939 2717 1008 2779 inre
1030 2716 1210 2799 pertineret
1225 2721 1258 2779 et
1274 2715 1404 2780 deberet
1419 2737 1485 2798 per·

276 2859 284 2877 ·
360 2828 473 2907 tinere,
493 2833 525 2889 et
549 2825 789 2908 predecessores
814 2825 958 2907 ipsorum
983 2845 1021 2887 ac
1046 2825 1174 2889 demum
1200 2824 1262 2908 ipsi
1287 2827 1319 2888 in
1346 2823 1482 2888 dominio

358 2935 460 3017 ipsius
476 2933 685 3016 possessionis
704 2930 911 2996 immobiliter
937 2931 1167 3014 perstetissent‚
1193 2953 1253 2996 nec
1277 2931 1396 3015 aliquis
1422 2931 1485 2996 ullo

359 3061 503 3124 unquam
519 3046 662 3124 tempore
679 3039 814 3104 eandem
845 3038 1077 3122 possessionem
1102 3038 1289 3104 abstulisset
1304 3039 1345 3103 ab
1361 3039 1485 3104 eisdem.

360 3147 484 3213 Datum
501 3153 619 3230 quarto
636 3146 687 3210 die
712 3145 796 3209 dicte
822 3147 1085 3230 congregacionis
1110 3153 1219 3211 nostre
1237 3148 1271 3211 in
1286 3147 1358 3212 loco
1372 3168 1486 3210 memo-

359 3265 439 3336 rato,
456 3280 540 3323 anno
557 3257 676 3321 domini
692 3255 743 3319 Μο
768 3253 865 3322 0000
889 3255 994 3320 ΧΙι1110
1011 3257 1156 3338 septime.

467 3421 598 3471 Zarlatan
612 3421 702 3483 pecset
716 3415 882 3482 nyoniaival.
902 3418 1041 3482 Eredetije
1054 3435 1086 3469 az
1100 3435 1168 3469 orsz.
1189 3421 1221 3469 lt.
1243 3419 1342 3469 kincst.
1365 3425 1432 3470 oszt.
1456 3419 1487 3467 N.

359 3513 393 3562 R.
407 3513 440 3562 A.
456 3518 533 3562 1537.
548 3519 571 3562 8.
586 3511 652 3573 dipl.
667 3516 733 3560 oszt.
750 3515 827 3560 3917.
848 3510 948 3558 Kiizli:
970 3511 1078 3558 Kovacs
1092 3509 1125 3559 N.

845 3705 1005 3713 --————-—-

899 3907 950 3968 37.

365 4069 457 4134 1347.
476 4068 590 4149 Kassa,
598 4069 671 4152 jau..
689 4067 740 4131 21.
769 4066 888 4132 Milolrls
903 4067 1003 4131 recidor
1021 4065 1091 4129 elr'itt
1107 4064 1216 4153 Abouj
1230 4070 1397 4153 crirothye
1415 4067 1492 4132 scol·

357 4175 488 4262 potierit
511 4178 541 4239 c's
566 4176 697 4238 esbitttci
722 4175 920 4262 bizouyitjrib,
946 4176 1024 4260 liopy
1050 4175 1160 4258 Saepsi
1184 4183 1263 4238 *licvit
1290 4176 1393 4240 ticoli
1410 4177 1488 4239 liuz-

616 4284 713 4367 ooayi
730 4283 843 4347 Lriszld
857 4281 1111 4367 iirtilttulojdondt
1129 4283 1240 4367 lrc‘pezi.

466 4444 536 4510 Nos
551 4443 708 4510 Nicolaus
726 4494 732 4508 .
750 4494 755 4508 .
775 4445 935 4527 palatinus
953 4450 986 4508 et
1002 4445 1097 4509 iudex
1115 4465 1320 4509 comanorum
1337 4447 1493 4510 memorie

360 4555 629 4630 commendamus,
655 4552 739 4635 quod
756 4555 788 4617 in
806 4558 918 4617 nostra
935 4554 1188 4637 congregacione
1204 4553 1348 4637 generali
1365 4555 1493 4619 univer·

360 4661 449 4728 sitati
460 4660 615 4725 nobilium
627 4659 665 4723 de
678 4661 810 4745 Wywar
820 4661 900 4726 etde
911 4660 1010 4728 Sarns
1022 4663 1242 4744 comitatuum,
1256 4661 1337 4726 feria
1348 4662 1493 4726 secunda
