<?xml version="1.0" encoding="UTF-8"?>
<!DOCTYPE html PUBLIC "-//W3C//DTD XHTML 1.0 Transitional//EN"
    "http://www.w3.org/TR/xhtml1/DTD/xhtml1-transitional.dtd">
<html xmlns="http://www.w3.org/1999/xhtml" xml:lang="en" lang="en">
 <head>
  <title>
</title>
<meta http-equiv="Content-Type" content="text/html;charset=utf-8" />
  <meta name='ocr-system' content='tesseract 3.04.00' />
  <meta name='ocr-capabilities' content='ocr_page ocr_carea ocr_par ocr_line ocrx_word'/>
</head>
<body>
  <div class='ocr_page' id='page_1' title='image "./codexdiplomatic06nagygoog_0502.png"; bbox 0 0 3180 5466; ppageno 0'>
   <div class='ocr_carea' id='block_1_1' title="bbox 547 519 1243 582">
    <p class='ocr_par' dir='ltr' id='par_1_1' title="bbox 547 519 1243 582">
     <span class='ocr_line' id='line_1_1' title="bbox 547 519 1243 582; baseline 0 -2"><span class='ocrx_word' id='word_1_1' title='bbox 547 519 640 580; x_wconf 84' lang='lat'>1351.</span> <span class='ocrx_word' id='word_1_2' title='bbox 658 522 729 580; x_wconf 76' lang='lat' dir='ltr'>nlo.</span> <span class='ocrx_word' id='word_1_3' title='bbox 748 523 797 580; x_wconf 85' lang='grc'>16.</span> <span class='ocrx_word' id='word_1_4' title='bbox 1179 519 1243 582; x_wconf 85' lang='grc'>487</span> 
     </span>
    </p>
   </div>
   <div class='ocr_carea' id='block_1_2' title="bbox 96 695 1247 4789">
    <p class='ocr_par' dir='ltr' id='par_1_2' title="bbox 96 695 1247 4789">
     <span class='ocr_line' id='line_1_2' title="bbox 111 695 1247 782; baseline 0.005 -24"><span class='ocrx_word' id='word_1_5' title='bbox 111 696 280 760; x_wconf 89' lang='lat' dir='ltr'>roboraret</span> <span class='ocrx_word' id='word_1_6' title='bbox 296 695 482 761; x_wconf 90' lang='lat' dir='ltr'>divisionem</span> <span class='ocrx_word' id='word_1_7' title='bbox 503 703 715 782; x_wconf 78' lang='lat' dir='ltr'>prenotatam,</span> <span class='ocrx_word' id='word_1_8' title='bbox 740 697 767 760; x_wconf 91' lang='lat' dir='ltr'>si</span> <span class='ocrx_word' id='word_1_9' title='bbox 793 719 868 762; x_wconf 90' lang='lat' dir='ltr'>vero</span> <span class='ocrx_word' id='word_1_10' title='bbox 893 699 977 764; x_wconf 89' lang='lat' dir='ltr'>iuste</span> <span class='ocrx_word' id='word_1_11' title='bbox 998 707 1030 765; x_wconf 90' lang='lat' dir='ltr'>et</span> <span class='ocrx_word' id='word_1_12' title='bbox 1046 699 1130 764; x_wconf 87' lang='lat' dir='ltr'>bono</span> <span class='ocrx_word' id='word_1_13' title='bbox 1153 700 1247 764; x_wconf 92' lang='lat' dir='ltr'>modo</span> 
     </span>
     <span class='ocr_line' id='line_1_3' title="bbox 112 803 1247 894; baseline 0.005 -28"><span class='ocrx_word' id='word_1_14' title='bbox 112 803 213 870; x_wconf 90' lang='lat' dir='ltr'>divise</span> <span class='ocrx_word' id='word_1_15' title='bbox 230 825 293 869; x_wconf 93' lang='lat' dir='ltr'>non</span> <span class='ocrx_word' id='word_1_16' title='bbox 310 806 495 882; x_wconf 80' lang='lat' dir='ltr'>existerent,</span> <span class='ocrx_word' id='word_1_17' title='bbox 513 805 660 887; x_wconf 82' lang='lat' dir='ltr'>equalem</span> <span class='ocrx_word' id='word_1_18' title='bbox 678 805 865 870; x_wconf 90' lang='lat' dir='ltr'>divisionem</span> <span class='ocrx_word' id='word_1_19' title='bbox 883 807 923 872; x_wconf 90' lang='lat' dir='ltr'>de</span> <span class='ocrx_word' id='word_1_20' title='bbox 939 809 1017 892; x_wconf 88' lang='lat' dir='ltr'>ipsis</span> <span class='ocrx_word' id='word_1_21' title='bbox 1041 809 1247 894; x_wconf 89' lang='lat' dir='ltr'>possessioni·</span> 
     </span>
     <span class='ocr_line' id='line_1_4' title="bbox 112 912 1246 999; baseline 0.006 -25"><span class='ocrx_word' id='word_1_22' title='bbox 112 912 172 976; x_wconf 90' lang='lat' dir='ltr'>bus</span> <span class='ocrx_word' id='word_1_23' title='bbox 188 919 222 978; x_wconf 88' lang='lat' dir='ltr'>et</span> <span class='ocrx_word' id='word_1_24' title='bbox 236 914 496 998; x_wconf 90' lang='lat' dir='ltr'>possessionariis</span> <span class='ocrx_word' id='word_1_25' title='bbox 507 914 710 999; x_wconf 81' lang='lat' dir='ltr'>porcionibus</span> <span class='ocrx_word' id='word_1_26' title='bbox 736 935 774 980; x_wconf 89' lang='lat' dir='ltr'>ac</span> <span class='ocrx_word' id='word_1_27' title='bbox 799 914 895 980; x_wconf 92' lang='lat' dir='ltr'>rebus</span> <span class='ocrx_word' id='word_1_28' title='bbox 920 923 952 980; x_wconf 89' lang='lat' dir='ltr'>et</span> <span class='ocrx_word' id='word_1_29' title='bbox 967 917 1110 998; x_wconf 91' lang='lat' dir='ltr'>equaciis</span> <span class='ocrx_word' id='word_1_30' title='bbox 1126 915 1246 982; x_wconf 88' lang='lat' dir='ltr'>habere</span> 
     </span>
     <span class='ocr_line' id='line_1_5' title="bbox 110 1019 1246 1132; baseline 0.005 -50"><span class='ocrx_word' id='word_1_31' title='bbox 110 1019 208 1132; x_wconf 63' lang='lat' dir='ltr'>vqllet</span> <span class='ocrx_word' id='word_1_32' title='bbox 222 1019 351 1086; x_wconf 89' lang='lat' dir='ltr'>iusticia</span> <span class='ocrx_word' id='word_1_33' title='bbox 368 1022 554 1105; x_wconf 82' lang='lat' dir='ltr'>requirente</span> <span class='ocrx_word' id='word_1_34' title='bbox 571 1020 612 1085; x_wconf 92' lang='lat' dir='ltr'>ab</span> <span class='ocrx_word' id='word_1_35' title='bbox 637 1021 766 1087; x_wconf 90' lang='lat' dir='ltr'>eisdem.</span> <span class='ocrx_word' id='word_1_36' title='bbox 794 1019 919 1105; x_wconf 74' lang='lat' dir='ltr'>Quibus</span> <span class='ocrx_word' id='word_1_37' title='bbox 945 1025 1105 1110; x_wconf 82' lang='lat' dir='ltr'>perceptis</span> <span class='ocrx_word' id='word_1_38' title='bbox 1130 1023 1246 1110; x_wconf 87' lang='lat' dir='ltr'>prelati</span> 
     </span>
     <span class='ocr_line' id='line_1_6' title="bbox 109 1129 1244 1218; baseline 0.002 -24"><span class='ocrx_word' id='word_1_39' title='bbox 109 1129 260 1212; x_wconf 83' lang='lat' dir='ltr'>magistri</span> <span class='ocrx_word' id='word_1_40' title='bbox 275 1129 432 1195; x_wconf 89' lang='lat' dir='ltr'>Nicolaus</span> <span class='ocrx_word' id='word_1_41' title='bbox 447 1129 533 1194; x_wconf 91' lang='lat' dir='ltr'>filius</span> <span class='ocrx_word' id='word_1_42' title='bbox 550 1129 645 1214; x_wconf 81' lang='lat' dir='ltr'>Elley</span> <span class='ocrx_word' id='word_1_43' title='bbox 661 1137 694 1194; x_wconf 89' lang='lat' dir='ltr'>et</span> <span class='ocrx_word' id='word_1_44' title='bbox 709 1130 734 1194; x_wconf 89' lang='lat' dir='ltr'><strong>J</strong></span> <span class='ocrx_word' id='word_1_45' title='bbox 736 1131 878 1195; x_wconf 87' lang='lat' dir='ltr'>ohannes</span> <span class='ocrx_word' id='word_1_46' title='bbox 898 1131 984 1196; x_wconf 90' lang='lat' dir='ltr'>filins</span> <span class='ocrx_word' id='word_1_47' title='bbox 1001 1154 1077 1197; x_wconf 90' lang='lat' dir='ltr'>suus</span> <span class='ocrx_word' id='word_1_48' title='bbox 1093 1153 1244 1218; x_wconf 88' lang='lat' dir='ltr'>persona-</span> 
     </span>
     <span class='ocr_line' id='line_1_7' title="bbox 109 1237 1245 1326; baseline 0.003 -25"><span class='ocrx_word' id='word_1_49' title='bbox 109 1237 185 1302; x_wconf 84' lang='lat' dir='ltr'>liter</span> <span class='ocrx_word' id='word_1_50' title='bbox 201 1237 402 1320; x_wconf 85' lang='lat' dir='ltr'>exsurgendo</span> <span class='ocrx_word' id='word_1_51' title='bbox 419 1237 653 1323; x_wconf 83' lang='lat' dir='ltr'>responderant</span> <span class='ocrx_word' id='word_1_52' title='bbox 669 1259 685 1301; x_wconf 89' lang='lat' dir='ltr'>e</span> <span class='ocrx_word' id='word_1_53' title='bbox 703 1259 861 1317; x_wconf 83' lang='lat' dir='ltr'>converse,</span> <span class='ocrx_word' id='word_1_54' title='bbox 879 1241 964 1322; x_wconf 88' lang='lat' dir='ltr'>quod</span> <span class='ocrx_word' id='word_1_55' title='bbox 981 1241 1043 1325; x_wconf 91' lang='lat' dir='ltr'>ipsi</span> <span class='ocrx_word' id='word_1_56' title='bbox 1054 1261 1149 1326; x_wconf 89' lang='lat' dir='ltr'>super</span> <span class='ocrx_word' id='word_1_57' title='bbox 1160 1239 1245 1306; x_wconf 85' lang='lat' dir='ltr'>facto</span> 
     </span>
     <span class='ocr_line' id='line_1_8' title="bbox 108 1347 1245 1432; baseline 0.003 -21"><span class='ocrx_word' id='word_1_58' title='bbox 108 1349 266 1431; x_wconf 90' lang='lat' dir='ltr'>premisse</span> <span class='ocrx_word' id='word_1_59' title='bbox 291 1349 539 1432; x_wconf 88' lang='lat' dir='ltr'>possessionarie</span> <span class='ocrx_word' id='word_1_60' title='bbox 565 1347 727 1412; x_wconf 85' lang='lat' dir='ltr'>divisionis</span> <span class='ocrx_word' id='word_1_61' title='bbox 756 1348 869 1412; x_wconf 84' lang='lat' dir='ltr'>literas</span> <span class='ocrx_word' id='word_1_62' title='bbox 902 1347 1061 1412; x_wconf 89' lang='lat' dir='ltr'>haberent</span> <span class='ocrx_word' id='word_1_63' title='bbox 1093 1347 1245 1427; x_wconf 84' lang='lat' dir='ltr'>efficaces,</span> 
     </span>
     <span class='ocr_line' id='line_1_9' title="bbox 108 1453 1244 1542; baseline 0.003 -24"><span class='ocrx_word' id='word_1_64' title='bbox 108 1475 189 1537; x_wconf 89' lang='lat' dir='ltr'>quas</span> <span class='ocrx_word' id='word_1_65' title='bbox 206 1453 326 1518; x_wconf 88' lang='lat' dir='ltr'>ibidem</span> <span class='ocrx_word' id='word_1_66' title='bbox 342 1454 492 1520; x_wconf 86' lang='lat' dir='ltr'>exhibere</span> <span class='ocrx_word' id='word_1_67' title='bbox 509 1455 626 1540; x_wconf 90' lang='lat' dir='ltr'>promti</span> <span class='ocrx_word' id='word_1_68' title='bbox 643 1459 751 1519; x_wconf 88' lang='lat' dir='ltr'>essent</span> <span class='ocrx_word' id='word_1_69' title='bbox 767 1461 799 1518; x_wconf 92' lang='lat' dir='ltr'>et</span> <span class='ocrx_word' id='word_1_70' title='bbox 815 1456 930 1540; x_wconf 87' lang='lat' dir='ltr'>parati,</span> <span class='ocrx_word' id='word_1_71' title='bbox 947 1456 1003 1520; x_wconf 92' lang='lat' dir='ltr'>sed</span> <span class='ocrx_word' id='word_1_72' title='bbox 1020 1461 1164 1542; x_wconf 91' lang='lat' dir='ltr'>tempore</span> <span class='ocrx_word' id='word_1_73' title='bbox 1174 1477 1244 1541; x_wconf 90' lang='lat' dir='ltr'>pre·</span> 
     </span>
     <span class='ocr_line' id='line_1_10' title="bbox 107 1561 1244 1647; baseline 0.004 -21"><span class='ocrx_word' id='word_1_74' title='bbox 107 1563 205 1627; x_wconf 88' lang='lat' dir='ltr'>misse</span> <span class='ocrx_word' id='word_1_75' title='bbox 221 1564 471 1647; x_wconf 87' lang='lat' dir='ltr'>possessionarie</span> <span class='ocrx_word' id='word_1_76' title='bbox 488 1563 652 1628; x_wconf 85' lang='lat' dir='ltr'>divisionis</span> <span class='ocrx_word' id='word_1_77' title='bbox 669 1561 776 1626; x_wconf 91' lang='lat' dir='ltr'>nullas</span> <span class='ocrx_word' id='word_1_78' title='bbox 793 1584 844 1626; x_wconf 91' lang='lat' dir='ltr'>res</span> <span class='ocrx_word' id='word_1_79' title='bbox 861 1584 919 1628; x_wconf 91' lang='lat' dir='ltr'>nec</span> <span class='ocrx_word' id='word_1_80' title='bbox 944 1584 1043 1646; x_wconf 90' lang='lat' dir='ltr'>equas</span> <span class='ocrx_word' id='word_1_81' title='bbox 1060 1565 1244 1645; x_wconf 88' lang='lat' dir='ltr'>equacialas</span> 
     </span>
     <span class='ocr_line' id='line_1_11' title="bbox 105 1671 1244 1757; baseline 0.002 -21"><span class='ocrx_word' id='word_1_82' title='bbox 105 1692 292 1737; x_wconf 85' lang='lat' dir='ltr'>communes</span> <span class='ocrx_word' id='word_1_83' title='bbox 308 1671 510 1750; x_wconf 86' lang='lat' dir='ltr'>habuissent,</span> <span class='ocrx_word' id='word_1_84' title='bbox 522 1673 600 1754; x_wconf 90' lang='lat' dir='ltr'>quia</span> <span class='ocrx_word' id='word_1_85' title='bbox 610 1673 779 1753; x_wconf 90' lang='lat' dir='ltr'>equaciam</span> <span class='ocrx_word' id='word_1_86' title='bbox 797 1691 895 1752; x_wconf 91' lang='lat' dir='ltr'>qnam</span> <span class='ocrx_word' id='word_1_87' title='bbox 911 1693 996 1737; x_wconf 89' lang='lat' dir='ltr'>nunc</span> <span class='ocrx_word' id='word_1_88' title='bbox 1006 1675 1068 1757; x_wconf 89' lang='lat' dir='ltr'>ipsi</span> <span class='ocrx_word' id='word_1_89' title='bbox 1078 1673 1244 1752; x_wconf 85' lang='lat' dir='ltr'>haberent,</span> 
     </span>
     <span class='ocr_line' id='line_1_12' title="bbox 106 1779 1240 1865; baseline 0.003 -21"><span class='ocrx_word' id='word_1_90' title='bbox 106 1787 254 1864; x_wconf 89' lang='lat' dir='ltr'>tempore</span> <span class='ocrx_word' id='word_1_91' title='bbox 279 1780 468 1865; x_wconf 83' lang='lat' dir='ltr'>nupciarum</span> <span class='ocrx_word' id='word_1_92' title='bbox 485 1780 627 1844; x_wconf 89' lang='lat' dir='ltr'>eiusdem</span> <span class='ocrx_word' id='word_1_93' title='bbox 652 1780 802 1863; x_wconf 78' lang='lat' dir='ltr'>magistri</span> <span class='ocrx_word' id='word_1_94' title='bbox 826 1779 956 1846; x_wconf 89' lang='lat' dir='ltr'>Nicolai</span> <span class='ocrx_word' id='word_1_95' title='bbox 983 1801 1072 1845; x_wconf 90' lang='lat' dir='ltr'>socer</span> <span class='ocrx_word' id='word_1_96' title='bbox 1097 1781 1240 1846; x_wconf 89' lang='lat' dir='ltr'>eiusdem</span> 
     </span>
     <span class='ocr_line' id='line_1_13' title="bbox 105 1887 1241 1974; baseline 0 -19"><span class='ocrx_word' id='word_1_97' title='bbox 105 1890 168 1956; x_wconf 85' lang='lat' dir='ltr'>sibi</span> <span class='ocrx_word' id='word_1_98' title='bbox 184 1887 330 1953; x_wconf 86' lang='lat' dir='ltr'>dedisset</span> <span class='ocrx_word' id='word_1_99' title='bbox 346 1891 378 1952; x_wconf 88' lang='lat' dir='ltr'>et</span> <span class='ocrx_word' id='word_1_100' title='bbox 393 1889 598 1971; x_wconf 83' lang='lat' dir='ltr'>assignasset,</span> <span class='ocrx_word' id='word_1_101' title='bbox 623 1887 677 1952; x_wconf 90' lang='lat' dir='ltr'>ubi</span> <span class='ocrx_word' id='word_1_102' title='bbox 703 1887 861 1971; x_wconf 88' lang='lat' dir='ltr'>quasdam</span> <span class='ocrx_word' id='word_1_103' title='bbox 884 1889 997 1954; x_wconf 89' lang='lat' dir='ltr'>literas</span> <span class='ocrx_word' id='word_1_104' title='bbox 1021 1889 1241 1974; x_wconf 88' lang='lat' dir='ltr'>privilegiales</span> 
     </span>
     <span class='ocr_line' id='line_1_14' title="bbox 105 1995 1240 2082; baseline 0.003 -22"><span class='ocrx_word' id='word_1_105' title='bbox 105 2002 137 2060; x_wconf 88' lang='lat' dir='ltr'>et</span> <span class='ocrx_word' id='word_1_106' title='bbox 151 2002 305 2082; x_wconf 88' lang='lat' dir='ltr'>patentes</span> <span class='ocrx_word' id='word_1_107' title='bbox 321 1996 458 2081; x_wconf 89' lang='lat' dir='ltr'>predicti</span> <span class='ocrx_word' id='word_1_108' title='bbox 484 1996 620 2082; x_wconf 89' lang='lat' dir='ltr'>capituli</span> <span class='ocrx_word' id='word_1_109' title='bbox 646 1997 777 2061; x_wconf 89' lang='lat' dir='ltr'>ecclesie</span> <span class='ocrx_word' id='word_1_110' title='bbox 797 1995 1003 2064; x_wconf 75' lang='lat' dir='ltr'>Castriferrei</span> <span class='ocrx_word' id='word_1_111' title='bbox 1028 2018 1067 2062; x_wconf 92' lang='lat' dir='ltr'>ac</span> <span class='ocrx_word' id='word_1_112' title='bbox 1091 2000 1240 2081; x_wconf 84' lang='lat' dir='ltr'>magistri</span> 
     </span>
     <span class='ocr_line' id='line_1_15' title="bbox 105 2087 1242 2188; baseline 0 -18"><span class='ocrx_word' id='word_1_113' title='bbox 105 2103 235 2170; x_wconf 82' lang='lat' dir='ltr'>Tethen</span> <span class='ocrx_word' id='word_1_114' title='bbox 251 2105 444 2172; x_wconf 87' lang='lat' dir='ltr'>vicecomitis</span> <span class='ocrx_word' id='word_1_115' title='bbox 475 2106 624 2188; x_wconf 87' lang='lat' dir='ltr'>magistri</span> <span class='ocrx_word' id='word_1_116' title='bbox 649 2105 814 2170; x_wconf 84' lang='lat' dir='ltr'>Wollardi</span> <span class='ocrx_word' id='word_1_117' title='bbox 843 2107 970 2172; x_wconf 91' lang='lat' dir='ltr'>comitis</span> <span class='ocrx_word' id='word_1_118' title='bbox 987 2087 1193 2172; x_wconf 76' lang='lat' dir='ltr'>Castrilerrei</span> <span class='ocrx_word' id='word_1_119' title='bbox 1210 2112 1242 2170; x_wconf 91' lang='lat' dir='ltr'>et</span> 
     </span>
     <span class='ocr_line' id='line_1_16' title="bbox 104 2213 1241 2299; baseline 0.002 -21"><span class='ocrx_word' id='word_1_120' title='bbox 104 2213 251 2279; x_wconf 86' lang='lat' dir='ltr'>iudicum</span> <span class='ocrx_word' id='word_1_121' title='bbox 267 2213 423 2280; x_wconf 91' lang='lat' dir='ltr'>nobilium</span> <span class='ocrx_word' id='word_1_122' title='bbox 440 2213 581 2279; x_wconf 91' lang='lat' dir='ltr'>eiusdem</span> <span class='ocrx_word' id='word_1_123' title='bbox 606 2213 776 2280; x_wconf 89' lang='lat' dir='ltr'>comitatus</span> <span class='ocrx_word' id='word_1_124' title='bbox 802 2214 894 2279; x_wconf 90' lang='lat' dir='ltr'>nobis</span> <span class='ocrx_word' id='word_1_125' title='bbox 920 2221 1154 2299; x_wconf 80' lang='lat' dir='ltr'>presentarent,</span> <span class='ocrx_word' id='word_1_126' title='bbox 1180 2237 1241 2298; x_wconf 92' lang='lat' dir='ltr'>que</span> 
     </span>
     <span class='ocr_line' id='line_1_17' title="bbox 105 2321 1240 2406; baseline 0.003 -21"><span class='ocrx_word' id='word_1_127' title='bbox 105 2343 164 2386; x_wconf 86' lang='lat' dir='ltr'>sua</span> <span class='ocrx_word' id='word_1_128' title='bbox 181 2323 267 2386; x_wconf 91' lang='lat' dir='ltr'>serie</span> <span class='ocrx_word' id='word_1_129' title='bbox 283 2343 340 2386; x_wconf 91' lang='lat' dir='ltr'>nos</span> <span class='ocrx_word' id='word_1_130' title='bbox 356 2321 571 2387; x_wconf 84' lang='lat' dir='ltr'>informarent</span> <span class='ocrx_word' id='word_1_131' title='bbox 587 2321 750 2387; x_wconf 89' lang='lat' dir='ltr'>evidenter</span> <span class='ocrx_word' id='word_1_132' title='bbox 766 2341 803 2386; x_wconf 90' lang='lat' dir='ltr'>eo</span> <span class='ocrx_word' id='word_1_133' title='bbox 816 2322 919 2400; x_wconf 89' lang='lat' dir='ltr'>modo,</span> <span class='ocrx_word' id='word_1_134' title='bbox 931 2323 1017 2406; x_wconf 92' lang='lat' dir='ltr'>qnod</span> <span class='ocrx_word' id='word_1_135' title='bbox 1032 2325 1067 2388; x_wconf 94' lang='lat' dir='ltr'>in</span> <span class='ocrx_word' id='word_1_136' title='bbox 1087 2343 1171 2387; x_wconf 88' lang='lat' dir='ltr'>anno</span> <span class='ocrx_word' id='word_1_137' title='bbox 1187 2323 1240 2388; x_wconf 93' lang='lat' dir='ltr'>do-</span> 
     </span>
     <span class='ocr_line' id='line_1_18' title="bbox 104 2429 1238 2518; baseline 0.002 -24"><span class='ocrx_word' id='word_1_138' title='bbox 104 2433 183 2495; x_wconf 86' lang='lat' dir='ltr'>mini</span> <span class='ocrx_word' id='word_1_139' title='bbox 200 2430 377 2497; x_wconf 89' lang='lat' dir='ltr'>Millesimo</span> <span class='ocrx_word' id='word_1_140' title='bbox 393 2429 491 2498; x_wconf 78' lang='lat'>000⁰</span> <span class='ocrx_word' id='word_1_141' title='bbox 519 2429 609 2495; x_wconf 86' lang='lat' dir='ltr'>XX⁰</span> <span class='ocrx_word' id='word_1_142' title='bbox 638 2432 773 2518; x_wconf 90' lang='lat' dir='ltr'>septimo</span> <span class='ocrx_word' id='word_1_143' title='bbox 788 2431 952 2517; x_wconf 90' lang='lat' dir='ltr'>predictus</span> <span class='ocrx_word' id='word_1_144' title='bbox 971 2433 1125 2514; x_wconf 89' lang='lat' dir='ltr'>magister</span> <span class='ocrx_word' id='word_1_145' title='bbox 1141 2430 1238 2496; x_wconf 89' lang='lat' dir='ltr'>Nico-</span> 
     </span>
     <span class='ocr_line' id='line_1_19' title="bbox 103 2535 1240 2624; baseline 0.001 -21"><span class='ocrx_word' id='word_1_146' title='bbox 103 2540 177 2604; x_wconf 85' lang='lat' dir='ltr'>laus</span> <span class='ocrx_word' id='word_1_147' title='bbox 194 2546 229 2604; x_wconf 89' lang='lat' dir='ltr'>et</span> <span class='ocrx_word' id='word_1_148' title='bbox 244 2539 388 2605; x_wconf 88' lang='lat' dir='ltr'>Michael</span> <span class='ocrx_word' id='word_1_149' title='bbox 403 2537 461 2604; x_wconf 90' lang='lat' dir='ltr'>filii</span> <span class='ocrx_word' id='word_1_150' title='bbox 478 2537 571 2622; x_wconf 82' lang='lat' dir='ltr'>Elley</span> <span class='ocrx_word' id='word_1_151' title='bbox 588 2539 627 2604; x_wconf 90' lang='lat' dir='ltr'>de</span> <span class='ocrx_word' id='word_1_152' title='bbox 642 2535 811 2616; x_wconf 85' lang='lat' dir='ltr'>Arukkuz,</span> <span class='ocrx_word' id='word_1_153' title='bbox 822 2538 864 2603; x_wconf 93' lang='lat' dir='ltr'>ad</span> <span class='ocrx_word' id='word_1_154' title='bbox 880 2540 1079 2624; x_wconf 85' lang='lat' dir='ltr'>presenciam</span> <span class='ocrx_word' id='word_1_155' title='bbox 1096 2540 1240 2605; x_wconf 88' lang='lat' dir='ltr'>eiusdem</span> 
     </span>
     <span class='ocr_line' id='line_1_20' title="bbox 103 2645 1240 2732; baseline 0 -20"><span class='ocrx_word' id='word_1_156' title='bbox 103 2645 242 2730; x_wconf 89' lang='lat' dir='ltr'>capituli</span> <span class='ocrx_word' id='word_1_157' title='bbox 267 2645 473 2714; x_wconf 76' lang='lat' dir='ltr'>Castriferrei</span> <span class='ocrx_word' id='word_1_158' title='bbox 498 2646 687 2726; x_wconf 88' lang='lat' dir='ltr'>accedendo,</span> <span class='ocrx_word' id='word_1_159' title='bbox 713 2645 754 2711; x_wconf 91' lang='lat' dir='ltr'>ab</span> <span class='ocrx_word' id='word_1_160' title='bbox 779 2646 889 2710; x_wconf 91' lang='lat' dir='ltr'>eodem</span> <span class='ocrx_word' id='word_1_161' title='bbox 916 2647 1057 2732; x_wconf 92' lang='lat' dir='ltr'>capitulo</span> <span class='ocrx_word' id='word_1_162' title='bbox 1081 2646 1240 2732; x_wconf 86' lang='lat' dir='ltr'>postulas·</span> 
     </span>
     <span class='ocr_line' id='line_1_21' title="bbox 103 2755 1239 2840; baseline 0 -21"><span class='ocrx_word' id='word_1_163' title='bbox 103 2763 185 2834; x_wconf 91' lang='lat' dir='ltr'>sent,</span> <span class='ocrx_word' id='word_1_164' title='bbox 196 2762 235 2821; x_wconf 89' lang='lat' dir='ltr'>ut</span> <span class='ocrx_word' id='word_1_165' title='bbox 250 2777 350 2820; x_wconf 90' lang='lat' dir='ltr'>unum</span> <span class='ocrx_word' id='word_1_166' title='bbox 366 2775 405 2818; x_wconf 87' lang='lat' dir='ltr'>ex</span> <span class='ocrx_word' id='word_1_167' title='bbox 424 2756 502 2840; x_wconf 89' lang='lat' dir='ltr'>ipsis</span> <span class='ocrx_word' id='word_1_168' title='bbox 512 2775 571 2840; x_wconf 92' lang='lat' dir='ltr'>pro</span> <span class='ocrx_word' id='word_1_169' title='bbox 587 2756 781 2836; x_wconf 88' lang='lat' dir='ltr'>testimonio,</span> <span class='ocrx_word' id='word_1_170' title='bbox 805 2757 839 2819; x_wconf 89' lang='lat' dir='ltr'>in</span> <span class='ocrx_word' id='word_1_171' title='bbox 859 2755 949 2820; x_wconf 88' lang='lat' dir='ltr'>cuius</span> <span class='ocrx_word' id='word_1_172' title='bbox 966 2757 1131 2840; x_wconf 89' lang='lat' dir='ltr'>presencia</span> <span class='ocrx_word' id='word_1_173' title='bbox 1154 2755 1239 2819; x_wconf 91' lang='lat' dir='ltr'>idem</span> 
     </span>
     <span class='ocr_line' id='line_1_22' title="bbox 102 2861 1239 2949; baseline 0.001 -22"><span class='ocrx_word' id='word_1_174' title='bbox 102 2863 261 2948; x_wconf 83' lang='lat' dir='ltr'>magister</span> <span class='ocrx_word' id='word_1_175' title='bbox 276 2863 432 2928; x_wconf 90' lang='lat' dir='ltr'>Nicolaus</span> <span class='ocrx_word' id='word_1_176' title='bbox 449 2867 482 2928; x_wconf 88' lang='lat' dir='ltr'>et</span> <span class='ocrx_word' id='word_1_177' title='bbox 498 2863 641 2928; x_wconf 90' lang='lat' dir='ltr'>Michael</span> <span class='ocrx_word' id='word_1_178' title='bbox 657 2865 742 2927; x_wconf 89' lang='lat' dir='ltr'>inter</span> <span class='ocrx_word' id='word_1_179' title='bbox 762 2885 796 2928; x_wconf 92' lang='lat' dir='ltr'>se</span> <span class='ocrx_word' id='word_1_180' title='bbox 806 2865 840 2928; x_wconf 94' lang='lat' dir='ltr'>in</span> <span class='ocrx_word' id='word_1_181' title='bbox 859 2883 970 2928; x_wconf 90' lang='lat' dir='ltr'>eorum</span> <span class='ocrx_word' id='word_1_182' title='bbox 985 2861 1239 2949; x_wconf 91' lang='lat' dir='ltr'>possessionibus</span> 
     </span>
     <span class='ocr_line' id='line_1_23' title="bbox 102 2970 1238 3055; baseline -0.004 -17"><span class='ocrx_word' id='word_1_183' title='bbox 102 2993 161 3038; x_wconf 87' lang='lat' dir='ltr'>seu</span> <span class='ocrx_word' id='word_1_184' title='bbox 186 2972 394 3055; x_wconf 88' lang='lat' dir='ltr'>iebagionum</span> <span class='ocrx_word' id='word_1_185' title='bbox 415 2993 547 3038; x_wconf 91' lang='lat' dir='ltr'>suorum</span> <span class='ocrx_word' id='word_1_186' title='bbox 573 2971 776 3043; x_wconf 84' lang='lat' dir='ltr'>sessionibus,</span> <span class='ocrx_word' id='word_1_187' title='bbox 801 2971 987 3037; x_wconf 86' lang='lat' dir='ltr'>divisionem</span> <span class='ocrx_word' id='word_1_188' title='bbox 1017 2971 1167 3048; x_wconf 87' lang='lat' dir='ltr'>facerent,</span> <span class='ocrx_word' id='word_1_189' title='bbox 1192 2970 1238 3034; x_wconf 92' lang='lat' dir='ltr'>eis</span> 
     </span>
     <span class='ocr_line' id='line_1_24' title="bbox 101 3079 1238 3165; baseline -0.002 -21"><span class='ocrx_word' id='word_1_190' title='bbox 101 3081 181 3144; x_wconf 87' lang='lat' dir='ltr'>darc</span> <span class='ocrx_word' id='word_1_191' title='bbox 213 3079 444 3162; x_wconf 89' lang='lat' dir='ltr'>dignarentur;</span> <span class='ocrx_word' id='word_1_192' title='bbox 485 3101 621 3163; x_wconf 90' lang='lat' dir='ltr'>quorum</span> <span class='ocrx_word' id='word_1_193' title='bbox 652 3079 866 3163; x_wconf 89' lang='lat' dir='ltr'>peticionibus</span> <span class='ocrx_word' id='word_1_194' title='bbox 896 3080 1049 3165; x_wconf 89' lang='lat' dir='ltr'>legitimis</span> <span class='ocrx_word' id='word_1_195' title='bbox 1081 3085 1114 3144; x_wconf 92' lang='lat' dir='ltr'>et</span> <span class='ocrx_word' id='word_1_196' title='bbox 1145 3079 1238 3144; x_wconf 90' lang='lat' dir='ltr'>iustis</span> 
     </span>
     <span class='ocr_line' id='line_1_25' title="bbox 102 3187 1236 3274; baseline -0.002 -21"><span class='ocrx_word' id='word_1_197' title='bbox 102 3191 358 3270; x_wconf 67' lang='lat' dir='ltr'>acquiescentes</span> <span class='ocrx_word' id='word_1_198' title='bbox 374 3188 567 3272; x_wconf 85' lang='lat' dir='ltr'>magistrum</span> <span class='ocrx_word' id='word_1_199' title='bbox 584 3189 720 3253; x_wconf 90' lang='lat' dir='ltr'>Petrum</span> <span class='ocrx_word' id='word_1_200' title='bbox 737 3187 869 3254; x_wconf 89' lang='lat' dir='ltr'>ecclesie</span> <span class='ocrx_word' id='word_1_201' title='bbox 885 3187 1026 3274; x_wconf 91' lang='lat' dir='ltr'>ipsorum</span> <span class='ocrx_word' id='word_1_202' title='bbox 1046 3188 1236 3252; x_wconf 91' lang='lat' dir='ltr'>canonicum</span> 
     </span>
     <span class='ocr_line' id='line_1_26' title="bbox 100 3295 1236 3382; baseline -0.001 -22"><span class='ocrx_word' id='word_1_203' title='bbox 100 3296 181 3381; x_wconf 89' lang='lat' dir='ltr'>ipsis</span> <span class='ocrx_word' id='word_1_204' title='bbox 197 3295 366 3361; x_wconf 85' lang='lat' dir='ltr'>duxissent</span> <span class='ocrx_word' id='word_1_205' title='bbox 382 3296 609 3362; x_wconf 89' lang='lat' dir='ltr'>destinandum</span> <span class='ocrx_word' id='word_1_206' title='bbox 634 3296 810 3379; x_wconf 88' lang='lat' dir='ltr'>capitulum</span> <span class='ocrx_word' id='word_1_207' title='bbox 835 3302 1057 3382; x_wconf 82' lang='lat' dir='ltr'>prenotatum3</span> <span class='ocrx_word' id='word_1_208' title='bbox 1083 3295 1139 3379; x_wconf 89' lang='lat' dir='ltr'>qui</span> <span class='ocrx_word' id='word_1_209' title='bbox 1164 3317 1236 3360; x_wconf 91' lang='lat' dir='ltr'>cum</span> 
     </span>
     <span class='ocr_line' id='line_1_27' title="bbox 100 3403 1236 3491; baseline 0 -23"><span class='ocrx_word' id='word_1_210' title='bbox 100 3405 224 3470; x_wconf 89' lang='lat' dir='ltr'>eisdem</span> <span class='ocrx_word' id='word_1_211' title='bbox 240 3405 396 3488; x_wconf 86' lang='lat' dir='ltr'>magistro</span> <span class='ocrx_word' id='word_1_212' title='bbox 412 3403 548 3470; x_wconf 91' lang='lat' dir='ltr'>Nicolao</span> <span class='ocrx_word' id='word_1_213' title='bbox 565 3411 598 3468; x_wconf 92' lang='lat' dir='ltr'>et</span> <span class='ocrx_word' id='word_1_214' title='bbox 614 3403 775 3470; x_wconf 88' lang='lat' dir='ltr'>Michaele</span> <span class='ocrx_word' id='word_1_215' title='bbox 802 3405 843 3470; x_wconf 90' lang='lat' dir='ltr'>ad</span> <span class='ocrx_word' id='word_1_216' title='bbox 868 3406 975 3491; x_wconf 90' lang='lat' dir='ltr'>ipsum</span> <span class='ocrx_word' id='word_1_217' title='bbox 994 3404 1172 3491; x_wconf 88' lang='lat' dir='ltr'>capitulum</span> <span class='ocrx_word' id='word_1_218' title='bbox 1188 3424 1236 3468; x_wconf 90' lang='lat' dir='ltr'>re-</span> 
     </span>
     <span class='ocr_line' id='line_1_28' title="bbox 101 3510 1237 3598; baseline 0.002 -24"><span class='ocrx_word' id='word_1_219' title='bbox 101 3534 222 3591; x_wconf 80' lang='lat' dir='ltr'>verena,</span> <span class='ocrx_word' id='word_1_220' title='bbox 240 3512 339 3577; x_wconf 89' lang='lat' dir='ltr'>talem</span> <span class='ocrx_word' id='word_1_221' title='bbox 356 3511 542 3577; x_wconf 89' lang='lat' dir='ltr'>divisionem</span> <span class='ocrx_word' id='word_1_222' title='bbox 559 3515 593 3577; x_wconf 92' lang='lat' dir='ltr'>in</span> <span class='ocrx_word' id='word_1_223' title='bbox 609 3514 659 3578; x_wconf 91' lang='lat' dir='ltr'>sui</span> <span class='ocrx_word' id='word_1_224' title='bbox 675 3513 843 3598; x_wconf 88' lang='lat' dir='ltr'>presencia</span> <span class='ocrx_word' id='word_1_225' title='bbox 858 3513 890 3576; x_wconf 90' lang='lat' dir='ltr'>in</span> <span class='ocrx_word' id='word_1_226' title='bbox 908 3510 1160 3598; x_wconf 87' lang='lat' dir='ltr'>possessionibus</span> <span class='ocrx_word' id='word_1_227' title='bbox 1179 3533 1237 3577; x_wconf 90' lang='lat' dir='ltr'>seu</span> 
     </span>
     <span class='ocr_line' id='line_1_29' title="bbox 99 3618 1236 3705; baseline -0.001 -20"><span class='ocrx_word' id='word_1_228' title='bbox 99 3620 309 3703; x_wconf 86' lang='lat' dir='ltr'>iobagionum</span> <span class='ocrx_word' id='word_1_229' title='bbox 327 3641 458 3685; x_wconf 88' lang='lat' dir='ltr'>suorum</span> <span class='ocrx_word' id='word_1_230' title='bbox 474 3618 668 3685; x_wconf 89' lang='lat' dir='ltr'>sessionibus</span> <span class='ocrx_word' id='word_1_231' title='bbox 694 3642 750 3705; x_wconf 89' lang='lat' dir='ltr'>per</span> <span class='ocrx_word' id='word_1_232' title='bbox 777 3619 902 3685; x_wconf 89' lang='lat' dir='ltr'>eosdem</span> <span class='ocrx_word' id='word_1_233' title='bbox 919 3619 1114 3685; x_wconf 88' lang='lat' dir='ltr'>Michaelem</span> <span class='ocrx_word' id='word_1_234' title='bbox 1130 3625 1163 3684; x_wconf 90' lang='lat' dir='ltr'>et</span> <span class='ocrx_word' id='word_1_235' title='bbox 1177 3619 1236 3684; x_wconf 90' lang='lat' dir='ltr'>Ni·</span> 
     </span>
     <span class='ocr_line' id='line_1_30' title="bbox 99 3727 1235 3813; baseline 0 -19"><span class='ocrx_word' id='word_1_236' title='bbox 99 3729 229 3796; x_wconf 85' lang='lat' dir='ltr'>colaum</span> <span class='ocrx_word' id='word_1_237' title='bbox 244 3731 417 3812; x_wconf 88' lang='lat' dir='ltr'>magistros</span> <span class='ocrx_word' id='word_1_238' title='bbox 433 3730 519 3793; x_wconf 89' lang='lat' dir='ltr'>inter</span> <span class='ocrx_word' id='word_1_239' title='bbox 544 3749 577 3792; x_wconf 90' lang='lat' dir='ltr'>se</span> <span class='ocrx_word' id='word_1_240' title='bbox 602 3727 714 3793; x_wconf 85' lang='lat' dir='ltr'>fecisse</span> <span class='ocrx_word' id='word_1_241' title='bbox 740 3727 914 3806; x_wconf 90' lang='lat' dir='ltr'>retulisset,</span> <span class='ocrx_word' id='word_1_242' title='bbox 940 3727 1059 3794; x_wconf 87' lang='lat' dir='ltr'>eisdem</span> <span class='ocrx_word' id='word_1_243' title='bbox 1078 3731 1235 3813; x_wconf 89' lang='lat' dir='ltr'>presenti-</span> 
     </span>
     <span class='ocr_line' id='line_1_31' title="bbox 99 3835 1235 3922; baseline -0.002 -19"><span class='ocrx_word' id='word_1_244' title='bbox 99 3838 169 3916; x_wconf 88' lang='lat' dir='ltr'>bus,</span> <span class='ocrx_word' id='word_1_245' title='bbox 196 3844 230 3902; x_wconf 90' lang='lat' dir='ltr'>et</span> <span class='ocrx_word' id='word_1_246' title='bbox 255 3838 378 3922; x_wconf 88' lang='lat' dir='ltr'>pariter</span> <span class='ocrx_word' id='word_1_247' title='bbox 393 3835 567 3918; x_wconf 87' lang='lat' dir='ltr'>ordinasse,</span> <span class='ocrx_word' id='word_1_248' title='bbox 593 3836 679 3918; x_wconf 90' lang='lat' dir='ltr'>quod</span> <span class='ocrx_word' id='word_1_249' title='bbox 706 3838 739 3900; x_wconf 93' lang='lat' dir='ltr'>in</span> <span class='ocrx_word' id='word_1_250' title='bbox 765 3837 964 3922; x_wconf 88' lang='lat' dir='ltr'>possessione</span> <span class='ocrx_word' id='word_1_251' title='bbox 989 3835 1071 3912; x_wconf 85' lang='lat' dir='ltr'>Lak,</span> <span class='ocrx_word' id='word_1_252' title='bbox 1087 3835 1235 3902; x_wconf 88' lang='lat' dir='ltr'>videlicet</span> 
     </span>
     <span class='ocr_line' id='line_1_32' title="bbox 97 3943 1233 4030; baseline -0.001 -19"><span class='ocrx_word' id='word_1_253' title='bbox 97 3947 260 4030; x_wconf 88' lang='lat' dir='ltr'>superiori</span> <span class='ocrx_word' id='word_1_254' title='bbox 276 3949 423 4011; x_wconf 89' lang='lat' dir='ltr'>contrata</span> <span class='ocrx_word' id='word_1_255' title='bbox 448 3949 585 4029; x_wconf 90' lang='lat' dir='ltr'>aparte</span> <span class='ocrx_word' id='word_1_256' title='bbox 610 3943 770 4027; x_wconf 88' lang='lat' dir='ltr'>aquilonis</span> <span class='ocrx_word' id='word_1_257' title='bbox 796 3943 971 4021; x_wconf 88' lang='lat' dir='ltr'>adiacente,</span> <span class='ocrx_word' id='word_1_258' title='bbox 988 3967 1007 4008; x_wconf 88' lang='lat' dir='ltr'>a</span> <span class='ocrx_word' id='word_1_259' title='bbox 1027 3944 1122 4009; x_wconf 84' lang='lat' dir='ltr'>fluvio</span> <span class='ocrx_word' id='word_1_260' title='bbox 1150 3943 1233 4010; x_wconf 85' lang='lat' dir='ltr'>Saar</span> 
     </span>
     <span class='ocr_line' id='line_1_33' title="bbox 97 4051 1232 4139; baseline -0.004 -20"><span class='ocrx_word' id='word_1_261' title='bbox 97 4053 292 4139; x_wconf 89' lang='lat' dir='ltr'>incipiendo,</span> <span class='ocrx_word' id='word_1_262' title='bbox 308 4059 374 4117; x_wconf 90' lang='lat' dir='ltr'>tres</span> <span class='ocrx_word' id='word_1_263' title='bbox 390 4053 546 4118; x_wconf 91' lang='lat' dir='ltr'>sessiones</span> <span class='ocrx_word' id='word_1_264' title='bbox 557 4053 721 4117; x_wconf 90' lang='lat' dir='ltr'>vicinatim</span> <span class='ocrx_word' id='word_1_265' title='bbox 738 4055 908 4117; x_wconf 89' lang='lat' dir='ltr'>cessissent</span> <span class='ocrx_word' id='word_1_266' title='bbox 918 4053 1075 4135; x_wconf 86' lang='lat' dir='ltr'>magistro</span> <span class='ocrx_word' id='word_1_267' title='bbox 1087 4051 1232 4130; x_wconf 89' lang='lat' dir='ltr'>Nicola0,</span> 
     </span>
     <span class='ocr_line' id='line_1_34' title="bbox 98 4159 1233 4247; baseline -0.004 -19"><span class='ocrx_word' id='word_1_268' title='bbox 98 4161 258 4247; x_wconf 88' lang='lat' dir='ltr'>aquibus</span> <span class='ocrx_word' id='word_1_269' title='bbox 283 4160 431 4227; x_wconf 90' lang='lat' dir='ltr'>similiter</span> <span class='ocrx_word' id='word_1_270' title='bbox 456 4166 523 4225; x_wconf 88' lang='lat' dir='ltr'>tres</span> <span class='ocrx_word' id='word_1_271' title='bbox 548 4162 704 4225; x_wconf 89' lang='lat' dir='ltr'>sessiones</span> <span class='ocrx_word' id='word_1_272' title='bbox 729 4162 866 4226; x_wconf 85' lang='lat' dir='ltr'>vicinata</span> <span class='ocrx_word' id='word_1_273' title='bbox 887 4161 1042 4243; x_wconf 88' lang='lat' dir='ltr'>magistro</span> <span class='ocrx_word' id='word_1_274' title='bbox 1067 4159 1233 4238; x_wconf 89' lang='lat' dir='ltr'>Michaeli,</span> 
     </span>
     <span class='ocr_line' id='line_1_35' title="bbox 98 4267 1234 4353; baseline -0.003 -17"><span class='ocrx_word' id='word_1_275' title='bbox 98 4274 192 4336; x_wconf 84' lang='lat' dir='ltr'>iuxta</span> <span class='ocrx_word' id='word_1_276' title='bbox 208 4291 291 4353; x_wconf 88' lang='lat' dir='ltr'>quas</span> <span class='ocrx_word' id='word_1_277' title='bbox 307 4289 373 4334; x_wconf 88' lang='lat' dir='ltr'>una</span> <span class='ocrx_word' id='word_1_278' title='bbox 388 4271 487 4334; x_wconf 90' lang='lat' dir='ltr'>sessio</span> <span class='ocrx_word' id='word_1_279' title='bbox 502 4267 648 4346; x_wconf 90' lang='lat' dir='ltr'>Nicola0,</span> <span class='ocrx_word' id='word_1_280' title='bbox 665 4274 698 4333; x_wconf 90' lang='lat' dir='ltr'>et</span> <span class='ocrx_word' id='word_1_281' title='bbox 714 4269 831 4334; x_wconf 90' lang='lat' dir='ltr'>ibidem</span> <span class='ocrx_word' id='word_1_282' title='bbox 844 4290 955 4334; x_wconf 88' lang='lat' dir='ltr'>versus</span> <span class='ocrx_word' id='word_1_283' title='bbox 971 4274 1112 4333; x_wconf 88' lang='lat' dir='ltr'>montem</span> <span class='ocrx_word' id='word_1_284' title='bbox 1129 4269 1234 4334; x_wconf 90' lang='lat' dir='ltr'>altera</span> 
     </span>
     <span class='ocr_line' id='line_1_36' title="bbox 97 4377 1231 4462; baseline -0.003 -19"><span class='ocrx_word' id='word_1_285' title='bbox 97 4381 200 4444; x_wconf 87' lang='lat' dir='ltr'>sessio</span> <span class='ocrx_word' id='word_1_286' title='bbox 232 4377 388 4443; x_wconf 90' lang='lat' dir='ltr'>Michaeli</span> <span class='ocrx_word' id='word_1_287' title='bbox 412 4379 658 4456; x_wconf 89' lang='lat' dir='ltr'>remansissent;</span> <span class='ocrx_word' id='word_1_288' title='bbox 683 4378 761 4441; x_wconf 93' lang='lat' dir='ltr'>item</span> <span class='ocrx_word' id='word_1_289' title='bbox 786 4377 819 4440; x_wconf 95' lang='lat' dir='ltr'>in</span> <span class='ocrx_word' id='word_1_290' title='bbox 844 4377 1042 4462; x_wconf 89' lang='lat' dir='ltr'>possessione</span> <span class='ocrx_word' id='word_1_291' title='bbox 1062 4397 1174 4440; x_wconf 91' lang='lat' dir='ltr'>eorum</span> <span class='ocrx_word' id='word_1_292' title='bbox 1197 4379 1231 4442; x_wconf 88' lang='lat' dir='ltr'>in</span> 
     </span>
     <span class='ocr_line' id='line_1_37' title="bbox 97 4483 1233 4570; baseline -0.006 -17"><span class='ocrx_word' id='word_1_293' title='bbox 97 4487 262 4553; x_wconf 84' lang='lat' dir='ltr'>Arukkuz</span> <span class='ocrx_word' id='word_1_294' title='bbox 279 4486 341 4550; x_wconf 93' lang='lat' dir='ltr'>due</span> <span class='ocrx_word' id='word_1_295' title='bbox 358 4487 515 4550; x_wconf 86' lang='lat' dir='ltr'>sessiones</span> <span class='ocrx_word' id='word_1_296' title='bbox 531 4507 551 4550; x_wconf 91' lang='lat' dir='ltr'>a</span> <span class='ocrx_word' id='word_1_297' title='bbox 567 4491 660 4570; x_wconf 89' lang='lat' dir='ltr'>parte</span> <span class='ocrx_word' id='word_1_298' title='bbox 676 4484 865 4550; x_wconf 90' lang='lat' dir='ltr'>occidentali</span> <span class='ocrx_word' id='word_1_299' title='bbox 882 4485 1052 4549; x_wconf 90' lang='lat' dir='ltr'>cessissent</span> <span class='ocrx_word' id='word_1_300' title='bbox 1067 4483 1233 4550; x_wconf 72' lang='lat' dir='ltr'>Michaeli,</span> 
     </span>
     <span class='ocr_line' id='line_1_38' title="bbox 96 4591 1231 4676; baseline -0.003 -16"><span class='ocrx_word' id='word_1_301' title='bbox 96 4603 130 4660; x_wconf 87' lang='lat' dir='ltr'>et</span> <span class='ocrx_word' id='word_1_302' title='bbox 146 4597 211 4662; x_wconf 88' lang='lat' dir='ltr'>duc</span> <span class='ocrx_word' id='word_1_303' title='bbox 228 4597 385 4662; x_wconf 88' lang='lat' dir='ltr'>sessiones</span> <span class='ocrx_word' id='word_1_304' title='bbox 400 4593 519 4659; x_wconf 91' lang='lat' dir='ltr'>ibidem</span> <span class='ocrx_word' id='word_1_305' title='bbox 529 4596 667 4659; x_wconf 89' lang='lat' dir='ltr'>vicinate</span> <span class='ocrx_word' id='word_1_306' title='bbox 677 4595 812 4658; x_wconf 90' lang='lat' dir='ltr'>sessioni</span> <span class='ocrx_word' id='word_1_307' title='bbox 822 4593 969 4676; x_wconf 85' lang='lat' dir='ltr'>magistri</span> <span class='ocrx_word' id='word_1_308' title='bbox 986 4591 1117 4658; x_wconf 89' lang='lat' dir='ltr'>Nicolai</span> <span class='ocrx_word' id='word_1_309' title='bbox 1128 4593 1231 4658; x_wconf 92' lang='lat' dir='ltr'>eidem</span> 
     </span>
     <span class='ocr_line' id='line_1_39' title="bbox 97 4701 1231 4789; baseline -0.004 -19"><span class='ocrx_word' id='word_1_310' title='bbox 97 4705 258 4789; x_wconf 88' lang='lat' dir='ltr'>magistro</span> <span class='ocrx_word' id='word_1_311' title='bbox 275 4701 410 4769; x_wconf 89' lang='lat' dir='ltr'>Nicolao</span> <span class='ocrx_word' id='word_1_312' title='bbox 429 4709 535 4768; x_wconf 90' lang='lat' dir='ltr'>essent</span> <span class='ocrx_word' id='word_1_313' title='bbox 559 4702 729 4785; x_wconf 87' lang='lat' dir='ltr'>assignate,</span> <span class='ocrx_word' id='word_1_314' title='bbox 755 4703 938 4767; x_wconf 89' lang='lat' dir='ltr'>adiacentes</span> <span class='ocrx_word' id='word_1_315' title='bbox 964 4723 1075 4766; x_wconf 88' lang='lat' dir='ltr'>versus</span> <span class='ocrx_word' id='word_1_316' title='bbox 1101 4702 1231 4788; x_wconf 90' lang='lat' dir='ltr'>plagam</span> 
     </span>
    </p>
   </div>
   <div class='ocr_carea' id='block_1_3' title="bbox 0 0 1594 5466">
    <p class='ocr_par' dir='ltr' id='par_1_3' title="bbox 0 0 1594 5466">
     <span class='ocr_line' id='line_1_40' title="bbox 0 0 1594 5466; baseline 0 5"><span class='ocrx_word' id='word_1_317' title='bbox 0 0 1594 5466; x_wconf 95' lang='lat' dir='ltr'> </span> 
     </span>
    </p>
   </div>
  </div>
 </body>
</html>
