3138 5462
328 492 392 554 104
683 505 869 551 ansonsoai
886 491 1101 550 onnlnmln.

325 667 473 734 duximus
490 668 717 734 concedendas.
740 668 865 734 Datum
881 672 998 750 quarto
1008 667 1060 732 die
1070 667 1331 749 congregacionis
1348 673 1458 732 nostre

325 775 476 860 predicte,
487 775 598 842 inloco
609 783 772 856 annotato,
789 798 873 844 anno
882 775 1004 841 domini
1014 777 1089 842 Μωο
1105 773 1225 842 000110
1241 775 1347 841 XL¹¹¹⁰
1363 796 1457 841 none.

431 939 584 1004 Hatlapjan
594 957 610 992 a
619 941 714 1004 aanor,
725 956 757 990 az
767 941 875 1003 alispen
885 939 913 989 es
922 957 939 989 a
950 939 1021 1005 negy
1034 940 1188 1004 szolgabiro
1199 939 1372 1004 pecsetjenek
1385 953 1456 1001 nyc-

327 1029 447 1092 maiva13
468 1031 598 1095 eredetije
612 1047 628 1082 a
641 1033 674 1081 N.
688 1033 881 1095 Muzeumban,
895 1046 911 1080 a
924 1045 964 1096 gr.
978 1018 1098 1096 Forga'es
1110 1046 1146 1080 os.
1160 1029 1297 1080 ltaraban.

810 1249 953 1256 ——na

864 1411 919 1474 43.

331 1574 424 1636 1347.
443 1572 548 1650 Bada,
555 1571 619 1656 jul.
636 1575 665 1634 8.
694 1572 758 1636 Pal
771 1571 952 1656 orszdpbiao
964 1597 986 1636 a
1002 1569 1228 1654 maipltszipcti
1250 1566 1460 1652 opsiezcikaolc

327 1679 478 1744 Somodor
504 1677 606 1742 birtolt
631 1679 727 1762 alpolt
760 1677 927 1741 stmbc'lci
950 1675 1086 1762 Eyvmrd
1120 1674 1198 1738 ellan
1215 1671 1311 1759 folyo'
1322 1673 1460 1759 porcilaca

773 1785 946 1851 hebaazntet
959 1785 1011 1850 ad.

435 1947 505 2012 Nos
522 1967 627 2013 comes
652 1949 776 2014 Paulus
800 1949 896 2014 iudex
921 1950 1009 2014 ourie
1026 2000 1032 2014 .
1049 1997 1055 2012 .
1073 1946 1186 2012 damus
1211 1967 1269 2029 pro
1293 1947 1461 2026 memoria,

328 2055 414 2136 quod
431 2077 562 2120 oausam
586 2076 683 2136 quam
712 2056 970 2122 sanctimoniales
996 2056 1036 2122 de
1061 2053 1176 2120 Insula
1200 2056 1375 2137 Leporem,
1399 2076 1461 2136 pro

328 2161 445 2243 quibus
476 2164 644 2230 Johannes
675 2164 760 2230 filius
790 2166 887 2232 Pauli
913 2217 943 2231 ..
969 2166 1091 2244 astitit,
1122 2171 1234 2230 contra
1264 2166 1461 2247 magistrum

326 2271 516 2356 Eynardum
532 2272 571 2337 de
588 2271 733 2339 Sambuk
748 2295 807 2357 pro
824 2294 889 2356 quo
905 2281 1066 2340 assumtor
1091 2273 1221 2339 termini
1243 2273 1462 2356 componendo

327 2380 500 2446 terminum
516 2381 676 2463 assumsit,
701 2383 793 2446 iuxta
817 2383 1052 2448 continenciam
1071 2381 1240 2446 literarum
1257 2381 1393 2465 capituli
1409 2401 1462 2446 ec·

326 2489 422 2555 clesie
452 2487 613 2554 Budensis
645 2491 868 2555 citatoriorum
894 2491 989 2556 simul
1013 2496 1047 2556 et
1062 2489 1398 2571 reambulatoriarum,
1425 2491 1461 2554 in

328 2597 448 2664 oetavis
473 2596 546 2661 festi
571 2597 750 2663 nativitatis
775 2599 862 2664 beati
887 2598 1048 2665 Johannis
1075 2599 1225 2681 Baptista
1251 2619 1347 2681 super
1372 2597 1462 2663 facto

328 2705 556 2791 prohibicionis
573 2707 739 2773 cuiusdam
756 2710 914 2796 particule
932 2711 1060 2776 terrain
1076 2710 1277 2794 possessione
1293 2706 1465 2775 Sumndur

328 2820 452 2896 vocata,
469 2835 489 2878 a
504 2821 598 2896 parte
613 2817 823 2897 possessionis
848 2818 991 2901 predicte
1018 2817 1163 2886 Sambuk
1188 2824 1225 2883 ut
1249 2817 1370 2882 dicitur
1395 2815 1465 2879 exi·
1567 2881 1568 2896 2

328 2924 451 3004 stantis,
468 2943 575 2986 coram
590 2923 682 2989 nobis
707 2945 833 2991 movere
857 2927 1028 3010 habebant,
1054 2929 1183 2994 racione
1199 2924 1380 3011 prioritatis
1396 2929 1465 2988 ter-

328 3029 407 3094 mini
424 3029 465 3094 ad
481 3036 610 3096 octavas
625 3031 698 3098 festi
715 3035 818 3099 saneti
834 3039 920 3120 regis
938 3037 1095 3120 Stephani
1124 3059 1209 3103 nune
1224 3036 1370 3120 proxime
1385 3052 1465 3096 ven·
1566 3091 1567 3131 Ε

249 3209 254 3220 ·
328 3143 420 3202 turae
436 3139 629 3221 peremtoria
639 3139 698 3204 sub
708 3143 809 3224 priori
819 3151 906 3210 statu
916 3145 1066 3210 duximus
1077 3144 1322 3229 prorogandam.
1333 3141 1465 3207 Datum

328 3243 431 3326 Buce,
456 3250 567 3310 octavo
592 3244 644 3320 die
668 3247 798 3314 termini
824 3253 995 3334 prenotati,
1020 3274 1104 3318 anno
1123 3251 1245 3318 domini
1259 3251 1312 3316 Μο
1337 3244 1466 3314 0001110
1565 3265 1566 3268 ’

329 3353 594 3436 XL¹¹²⁰septimo

440 3517 569 3580 Paplron,
583 3517 708 3568 zailatan
722 3519 814 3582 paeset
828 3521 1013 3574 toredekeivel
1025 3540 1031 3586 ;
1045 3522 1175 3586 eredatije
1185 3538 1217 3572 az
1228 3537 1296 3572 orsz.
1307 3523 1339 3572 lt.
1359 3520 1466 3570 lnincst.

332 3613 399 3656 oszt.
413 3607 489 3656 Mon.
502 3607 601 3655 Poson.
618 3611 659 3656 62.
676 3614 698 3658 9.
713 3608 780 3672 dipl.
795 3615 862 3660 oazt.
878 3615 954 3662 ³923.
969 3613 1069 3662 Kozli:
1090 3614 1198 3663 Kovaes
1210 3613 1245 3662 N.

333 4145 427 4210 1347.
455 4143 562 4222 Bada,
579 4144 643 4229 jal.
669 4147 719 4210 18.
745 4148 810 4214 Pal
832 4149 1012 4236 orsqubiro'
1041 4151 1209 4216 Tarnolcza'
1233 4152 1304 4218 Boc
1327 4133 1465 4233 fiainale

332 4251 450 4317 Mallos
466 4251 687 4338 anqifiispdn
704 4256 734 4318 aa
749 4259 877 4322 testoerc
900 4257 1002 4322 Jaaos
1027 4257 1181 4322 elacata
1196 4259 1285 4324 eskili
1302 4259 1355 4324 aaz
1371 4281 1466 4338 arra,

429 4361 508 4446 kopp
524 4360 654 4425 ezeknek
669 4362 779 4426 lidrom
795 4365 911 4430 andalao
925 4365 1079 4431 deadrral
1093 4389 1163 4431 aem
1178 4367 1350 4432 tortomak.

438 4521 508 4588 Nos
525 4542 629 4588 comes
645 4523 771 4590 Paulus
795 4525 891 4591 iudex
917 4529 1005 4593 curie
1022 4577 1029 4592 .
1045 4581 1051 4594 .
1069 4529 1184 4594 damus
1212 4549 1271 4612 pro
1296 4531 1465 4610 momoria,

332 4629 418 4714 quod
434 4630 602 4696 Johannes
627 4631 732 4697 dictus
757 4633 891 4700 Banoeh
916 4657 974 4719 pro
998 4637 1164 4721 magistris
1184 4635 1323 4704 Nicolao
1343 4639 1464 4704 comite
