3192 5466
346 597 347 601 ,
396 532 460 608 194
744 553 931 610 insonnem
947 541 1161 608 canistris.

390 725 477 788 viam
500 745 562 806 que
588 723 650 790 iret
665 745 773 790 versus
790 724 900 790 villam
916 723 1037 802 Choba,
1063 733 1148 791 esset
1166 733 1252 792 meta
1268 724 1413 810 antiqua,
1437 722 1515 792 circa

392 853 489 914 quam
515 834 614 898 aliam
639 833 678 898 de
703 855 782 898 noro
808 834 1001 916 erexissent,
1037 834 1153 899 deinde
1178 835 1219 900 ad
1238 835 1372 900 eandem
1399 845 1517 920 partem

391 963 489 1024 supra
504 941 610 1008 lacum
627 943 817 1027 Tynuyetou
832 949 980 1008 vocatum
997 944 1030 1008 in
1047 943 1213 1009 cacumine
1239 944 1381 1010 eiusdem
1407 947 1516 1010 montis

391 1049 525 1134 Tynnye
542 1057 648 1116 essent
664 1050 726 1115 due
741 1057 825 1116 mete
842 1052 932 1115 iuxta
948 1051 1031 1116 viam
1048 1051 1171 1130 Ohaha,
1191 1053 1306 1118 deinde
1323 1054 1516 1136 procedendo

390 1159 424 1222 in
439 1157 551 1222 eadem
561 1157 613 1222 via
623 1155 745 1234 Ohaba,
755 1157 934 1222 essentdue
944 1165 1027 1223 mete
1044 1165 1158 1236 terroe,
1170 1167 1201 1224 et
1211 1159 1256 1224 ibi
1266 1161 1514 1226 terminarentur

299 1333 304 1342 ,
391 1273 474 1332 mete
500 1267 733 1349 distinguentes
759 1265 937 1349 predictam
963 1273 1085 1332 terram
1109 1267 1284 1352 litigiosam
1310 1269 1352 1334 ab
1378 1269 1512 1338 invicem.

391 1374 537 1459 Quarum
563 1376 732 1440 literarum
757 1374 1009 1440 exhibicionibus
1034 1375 1138 1454 factis,
1162 1397 1236 1441 cum
1261 1399 1317 1442 nos
1344 1377 1515 1460 predictum

390 1484 597 1548 Dominioum
613 1483 716 1548 filium
726 1481 867 1548 Dionisii
886 1491 1128 1566 procuratorem
1148 1485 1333 1550 eorumdem
1350 1486 1442 1550 Petri
1457 1485 1515 1549 Zu-

391 1593 449 1660 dor
466 1600 498 1658 et
512 1591 673 1656 «iohannis
690 1589 903 1656 Guthundori
928 1591 1096 1670 dictorum,
1120 1613 1242 1656 necnon
1259 1599 1441 1676 protactum
1457 1613 1514 1656 ma·

394 1703 531 1785 gistrum
546 1699 736 1784 Eynardum
753 1700 787 1762 in
803 1720 862 1764 sua
878 1705 910 1764 et
926 1699 1111 1764 eorumdem
1130 1699 1361 1782 magistrorum
1377 1699 1514 1766 Ladislai

392 1811 470 1876 dicti
486 1809 574 1876 Zaar
590 1830 628 1874 ac
638 1807 796 1889 Stephani
812 1807 870 1872 filii
880 1807 1029 1874 Ladislai
1039 1809 1193 1892 personis,
1204 1810 1237 1873 in
1247 1829 1293 1892 co,
1304 1817 1414 1874 utrum
1429 1809 1515 1873 iidem

393 1919 511 1983 Petrus
527 1917 639 1982 Zudor
655 1923 687 1982 et
711 1917 736 1982 J
738 1917 880 1981 ohannes
907 1913 1125 1982 Guthundori
1146 1916 1224 1981 dicti
1248 1939 1286 1982 ac
1311 1917 1515 2000 prenominati

391 2026 540 2108 magistri
557 2024 731 2090 Ladislaus
756 2023 861 2089 dictus
876 2025 975 2102 Zaar,
1000 2023 1174 2108 Eynardus
1190 2032 1223 2089 et
1238 2023 1424 2108 Stephanus
1439 2023 1516 2088 filius

392 2133 538 2198 Ladislai
548 2131 606 2196 filii
617 2129 796 2198 Sumrakus
807 2131 996 2214 premissam
1013 2132 1247 2198 concordialem
1260 2133 1516 2216 composicionem

392 2247 426 2305 et
441 2247 601 2306 metarum
617 2240 797 2306 orecciones
814 2241 846 2303 in
874 2239 1081 2323 perennalem
1106 2240 1266 2306 dictarum
1291 2240 1429 2306 duarum
1454 2261 1516 2322 pos·

392 2349 578 2425 sessionum,
593 2347 717 2413 Prebor
733 2347 917 2412 eorumdem
933 2348 1163 2430 magistrorum
1174 2347 1323 2413 Ladislai
1340 2348 1419 2414 dicti
1429 2349 1516 2415 Zaar.

392 2455 537 2540 Eynardi
554 2461 587 2519 et
603 2455 761 2538 Stephani
791 2453 849 2520 filii
875 2455 1024 2520 Ladislai
1048 2455 1108 2520 filii
1125 2455 1313 2534 Sumrakus,
1339 2477 1378 2520 ac
1394 2456 1515 2540 Tynnye

391 2563 534 2646 ipsorum
551 2563 643 2631 Petri
658 2562 770 2627 Zudor
786 2571 819 2627 et
835 2562 859 2627 J
861 2563 997 2628 ohannis
1023 2561 1237 2628 Guthundorf
1253 2563 1412 2629 dictorum
1434 2585 1514 2645 sepa·

391 2671 553 2736 racionem
577 2671 669 2735 iuxta
694 2670 810 2734 scriem
837 2671 1005 2736 literarum
1031 2671 1110 2736 dicti
1136 2672 1271 2755 capituli
1297 2671 1457 2738 Budensis
1473 2692 1514 2736 re

392 2779 651 2862 scripcionalium
694 2785 850 2862 perpetuo
881 2779 967 2844 inter
997 2801 1031 2844 se
1061 2781 1162 2845 velint
1193 2763 1363 2846 observare
1394 2779 1443 2844 vel
1473 2801 1515 2856 ne,

392 2907 526 2951 numero
552 2887 690 2950 trinario
714 2893 751 2950 ut
766 2893 876 2951 nostro
901 2887 1072 2952 iudiciario
1098 2888 1182 2952 inest
1206 2887 1312 2953 officio
1338 2887 1515 2971 quesivisse·

391 3019 471 3074 mus,
495 3017 568 3060 mox
593 2995 678 3059 idem
704 2995 894 3063 Dominicus
919 2994 1004 3060 filius
1030 2995 1169 3062 Dionisii
1195 3001 1387 3080 procurator
1403 3017 1516 3059 eorum-

391 3105 463 3169 dem
479 3105 570 3168 Pctri
585 3102 697 3167 Zudor
722 3107 756 3166 et
780 3101 943 3168 Johannis
969 3101 1184 3168 Guthundorf
1204 3103 1374 3182 dictorum,
1398 3102 1515 3168 eosdem

391 3213 616 3296 procuratoris
632 3212 827 3276 auctoritate
848 3218 1027 3295 prenotata,
1052 3212 1202 3295 idemque
1227 3214 1383 3294 magister
1399 3213 1515 3298 Eynar·

392 3321 450 3384 dus
476 3341 509 3384 se
535 3319 747 3404 personaliter
779 3325 813 3382 et
837 3318 964 3384 eosdem
989 3321 1161 3403 magistros
1191 3319 1377 3388 [ladislaum
1403 3319 1515 3384 dictum

391 3429 480 3494 Zaar
505 3449 543 3493 ac
569 3426 773 3512 Stephanum
789 3425 891 3490 filium
917 3425 1065 3492 Ladislai
1092 3427 1152 3492 filii
1178 3426 1360 3494 Sumr·akus
1376 3427 1515 3492 similiter

391 3535 580 3618 supradicta
596 3534 819 3618 procurator-ia
844 3535 963 3599 virtute
988 3555 1096 3600 coram
1120 3535 1212 3600 nobis
1237 3541 1394 3612 astantes,
1417 3541 1511 3600 totam

391 3643 545 3724 premisse
576 3641 817 3726 composicionis
843 3639 978 3706 formam
1004 3649 1037 3706 et
1060 3642 1272 3707 concordialis
1298 3641 1513 3725 disposicionis

391 3751 522 3814 modurn
553 3749 830 3834 prenominatum,
863 3751 960 3814 simul
994 3773 1073 3838 ,cum
1114 3750 1334 3816 oreccionibus
1365 3757 1514 3815 metarum

392 3860 628 3942 possessionum
658 3859 928 3941 supradictarum,
954 3859 1045 3922 iuxta
1076 3859 1192 3924 seriem
1223 3865 1257 3923 et
1288 3859 1514 3924 continenciam

392 3967 560 4032 literarum
592 3966 729 4050 predicti
765 3967 899 4049 capituli
923 3966 1084 4032 Budensis
1120 3966 1427 4048 rescripcionalium‚
1455 3987 1514 4048 per·

392 4081 489 4158 petuo
514 4081 548 4139 et
570 4073 822 4140 irrevocabiliter
846 4074 1015 4140 observare
1040 4075 1121 4138 velle
1147 4081 1179 4140 et
1204 4075 1237 4138 in
1263 4074 1353 4138 nullo
1369 4081 1515 4138 retracta·

391 4190 481 4248 turos
506 4181 574 4246 fore
599 4181 792 4265 allegarunt,
816 4183 936 4266 pluries
961 4181 1148 4265 replicando
1172 4203 1282 4247 coram
1308 4182 1418 4261 nobis,
1441 4179 1516 4244 unde

392 4313 449 4356 nos
474 4291 587 4355 audita
612 4297 856 4373 procuratorum
881 4293 1027 4374 parcium
1057 4290 1239 4355 huiusmodi
1270 4289 1427 4355 relatoria
1452 4309 1515 4353 con·

363 4399 535 4479 *sessione
559 4402 737 4484 predictam
763 4402 1005 4485 compositivam
1030 4400 1269 4466 ordinacionem
1295 4407 1328 4463 et
1355 4395 1530 4483 pacifican-

392 4510 535 4590 parcium
561 4510 815 4591 disposicionem,
840 4509 935 4574 simul
951 4532 1024 4576 cum
1049 4507 1266 4572 oreccionibus
1292 4514 1325 4571 et
1341 4505 1515 4570 renovaris-

390 4617 484 4681 nibus
495 4625 655 4681 metarum
672 4618 906 4700 possessionum
917 4617 1145 4700 predictarum,
1155 4615 1194 4680 de
1205 4614 1355 4698 parcium
1372 4613 1513 4678 ultronea

391 4723 566 4804 voluntate,
597 4725 769 4790 iudiciaria
800 4733 909 4789 nostre
935 4724 1107 4808 potestatis
1142 4723 1340 4804 auctoritate
1369 4728 1515 4806 perpetuo
