3180 5470
380 559 445 619 436
745 578 925 622 arrounoar
941 565 1144 620 orniurrln.

378 734 557 800 Benedieto
583 735 795 818 personaliter
820 737 1003 802 astantibus
1019 743 1052 801 et
1071 737 1216 820 legitime
1241 733 1508 816 exspectantibus.

378 845 524 930 predicta
549 844 658 928 puella
684 844 751 909 filia
778 845 924 910 videlicet
949 847 1050 930 ipsius
1076 845 1174 910 Pauli
1198 843 1258 908 filii
1284 843 1423 926 Bogdan
1449 863 1509 904 non

376 954 516 1018 venisset
533 975 589 1018 uec
606 954 735 1017 mittere
752 959 897 1018 curasset
913 953 954 1018 ad
972 953 1202 1020 discussionem
1220 973 1316 1017 cause
1332 957 1509 1036 prenotate.

378 1061 433 1128 ubi
449 1062 700 1128 Bartholomeus
725 1061 809 1126 filius
835 1061 965 1128 Buthus
982 1069 1014 1126 ct
1030 1061 1145 1127 relicta
1161 1061 1279 1144 Moyus
1296 1059 1364 1124 lilia
1389 1060 1507 1126 scilicet

377 1170 513 1254 predicti
539 1170 685 1253 Bogdan,
701 1169 886 1252 iobagiones
912 1171 1058 1252 magistri
1085 1171 1194 1235 Mesae
1223 1172 1255 1234 in
1276 1168 1352 1234 villa
1368 1167 1507 1250 Nogl'olu

377 1285 490 1344 vocata
525 1285 759 1344 commorantes
794 1277 1002 1362 exsurgendo,
1034 1281 1102 1343 sine
1142 1277 1375 1360 procuratoriis
1408 1277 1507 1340 literis

378 1386 514 1452 astando
532 1387 724 1470 respondere
740 1387 916 1452 voluissent
932 1409 990 1469 pro
1008 1377 1136 1468 eadem,
1162 1387 1211 1450 his
1228 1387 1340 1467 itaque
1362 1384 1508 1468 peractis.

379 1497 516 1579 predicti
542 1496 715 1562 Ladislaus
733 1500 767 1560 et
782 1496 979 1561 Benedictus
1005 1496 1158 1560 iudicium
1175 1501 1207 1559 et
1224 1494 1387 1560 iusticiam
1403 1499 1507 1576 postn-

377 1605 502 1688 lassent
528 1603 588 1670 sibi
613 1603 683 1669 fieri
708 1604 747 1668 de
772 1607 938 1688 premissis
964 1606 1110 1688 equitate
1136 1605 1297 1682 evadente,
1324 1603 1408 1669 unde
1436 1603 1507 1686 quia

377 1712 505 1797 prefata
520 1712 629 1796 puella
645 1712 714 1777 filia
729 1707 878 1778 videlicet
899 1713 1036 1796 predicti
1052 1713 1149 1778 Pauli
1165 1713 1225 1778 filii
1240 1712 1379 1796 Bogdan
1396 1713 1428 1776 in
1444 1717 1506 1776 tam

377 1821 554 1904 longinqua
577 1820 642 1885 litis
660 1820 872 1886 ventilacione
888 1821 921 1884 in
939 1822 1185 1905 quamplurimis
1214 1821 1362 1886 terminis
1388 1818 1505 1884 nnllam

379 1929 541 1994 racionem
557 1927 720 1994 efficacem
746 1930 897 1994 emeionis
914 1933 1004 1994 vinee
1022 1935 1191 2013 prenotate
1208 1929 1375 2012 assignare
1391 1929 1505 2011 potuis-

378 2043 436 2114 set,
462 2035 518 2100 sed
543 2057 669 2120 semper
694 2038 761 2102 sine
791 2038 919 2103 racione
950 2037 1073 2102 efficaci
1100 2038 1235 2104 eandem
1266 2057 1455 2101 conservare
1478 2041 1504 2098 et

377 2153 489 2210 tenere
521 2152 636 2210 conata
667 2147 851 2228 exstitisset,
876 2147 941 2211 imo
970 2167 1027 2210 neo
1052 2145 1094 2209 ad
1120 2143 1250 2210 finalem
1282 2145 1506 2210 discussionem

380 2253 522 2319 eiusdem
539 2273 643 2330 cause,
660 2259 697 2316 ut
713 2253 921 2336 premittitur,
937 2253 1045 2318 venire
1062 2253 1112 2316 vel
1128 2253 1257 2316 mittere
1269 2259 1423 2330 curasset,
1439 2249 1506 2314 ideo

379 2362 475 2428 iidem
500 2361 648 2443 magistri
664 2359 690 2425 J
691 2361 833 2426 ohannes
850 2367 882 2426 et
898 2360 1040 2426 Michael
1056 2381 1195 2426 unacum
1219 2361 1382 2444 provincie
1397 2359 1506 2424 nobili·

377 2469 438 2535 bus
455 2477 488 2533 et
508 2468 705 2552 ignobilibus
731 2469 914 2534 hominibus
940 2491 1013 2534 cum
1038 2469 1159 2536 eisdem
1177 2468 1446 2535 adiudicantibus.
1471 2489 1504 2530 ae

379 2599 489 2642 eorum
517 2577 749 2660 iobagionibus,
766 2583 895 2642 matura
921 2577 1155 2644 deliberacione
1180 2576 1360 2662 prehabita,
1379 2577 1506 2661 premis-

379 2707 448 2752 sam
465 2686 590 2750 rineam
615 2686 790 2769 litigiosam
806 2708 879 2752 cum
898 2686 1045 2752 omnibus
1071 2686 1266 2753 utilitatibus
1283 2689 1350 2752 suis
1366 2693 1398 2750 et
1413 2687 1504 2768 perti·

379 2795 500 2860 nenciis
526 2795 692 2876 uniuersis,
718 2794 777 2860 snb
803 2795 922 2860 eisdem
948 2795 1093 2860 terminis
1121 2796 1285 2860 limitariis
1311 2794 1426 2879 quibus
1452 2815 1505 2876 per
1575 2805 1576 2829 ³

379 2903 560 2986 predictum
587 2901 755 2967 Andream
772 2909 804 2967 et
819 2903 1061 2986 predecessores
1087 2925 1197 2970 eorum
1217 2925 1276 2968 usa
1293 2909 1327 2968 et
1342 2903 1440 2968 fruita
1456 2922 1503 2966 ex-

378 3011 524 3092 stitisset,
541 3009 715 3076 secundum
740 3011 1000 3078 consuetudinem
1020 3019 1052 3076 et
1068 3013 1172 3095 legem
1191 3011 1275 3077 dicte
1301 3010 1504 3094 possessionis
1572 3009 1574 3080 Ῐ

378 3139 489 3184 eorum
520 3118 581 3182 rite
609 3125 641 3182 et
670 3119 813 3201 legitime
845 3120 979 3204 prefatis
1010 3119 1166 3186 Ladislao
1197 3126 1231 3183 et
1262 3119 1440 3184 Benedicto
1469 3139 1504 3182 ac
1572 3109 1573 3127 l

376 3247 487 3292 eorum
511 3226 755 3309 suecessoribus,
772 3249 809 3292 eo
825 3229 893 3292 iure
911 3247 974 3309 quo
994 3227 1072 3310 ipsis
1088 3226 1311 3294 dinosceretur
1336 3227 1500 3310 pertinere.
1570 3277 1571 3284 ,

377 3335 618 3400 adiudieassent
642 3341 797 3418 perpetuo
821 3335 1064 3418 possidendam,
1082 3335 1205 3418 prefate
1222 3341 1332 3400 autem
1354 3333 1458 3419 puelle
1474 3350 1502 3397 et

379 3444 446 3508 suis
462 3442 699 3508 successoribus
724 3449 916 3527 perpetuum
932 3443 1100 3510 silencium
1116 3444 1309 3530 imponendo
1326 3443 1505 3521 decadem,
1568 3445 1569 3448 ’

378 3551 464 3635 ipsos
490 3557 599 3616 autem
625 3551 892 3617 Bartholomeum
917 3559 949 3617 et
974 3553 1121 3618 relictam
1139 3551 1254 3637 Moyus
1271 3553 1423 3636 hospitae,
1446 3574 1503 3634 pru

378 3677 416 3722 eo
456 3658 533 3742 quia
564 3660 632 3723 sine
663 3661 895 3742 procuratoriis
928 3661 1030 3726 literis
1064 3661 1097 3724 in
1128 3660 1352 3726 commissione
1386 3659 1505 3744 prefate

378 3765 485 3850 puelle
511 3765 575 3830 filie
601 3766 724 3832 scilicet
740 3767 838 3832 Pauli
862 3765 922 3832 filii
941 3768 1078 3852 Bogdan
1104 3791 1162 3852 pro
1179 3768 1291 3834 eodem
1317 3768 1505 3853 respondere

378 3875 553 3940 voluissent
568 3875 602 3939 in
627 3896 724 3940 causa
750 3875 914 3959 premissa,
930 3876 963 3940 in
988 3879 1153 3943 astacione
1177 3877 1253 3942 falsi
1279 3877 1411 3944 termini
1434 3897 1503 3942 con·

377 3983 477 4048 victos
493 4003 562 4050 esse
578 3983 800 4062 decrevissent,
816 3985 886 4049 inre
901 3985 993 4068 regni
1009 3987 1203 4067 requirente,
1220 3987 1371 4070 magistri
1386 3985 1410 4050 J
1412 3987 1505 4050 ohan-

377 4109 434 4156 nes
450 4097 483 4156 et
501 4091 645 4156 Michael
661 4092 841 4174 prenotati,
867 4092 923 4157 ubi
948 4114 1021 4158 mor
1046 4094 1142 4159 iidem
1167 4095 1316 4177 magistri
1341 4093 1506 4159 lohannes

378 4205 410 4264 et
425 4198 569 4264 Michael
584 4199 617 4264 in
634 4200 745 4266 eadem
761 4203 836 4266 sede
852 4201 1020 4268 iudiciaria
1045 4189 1258 4288 personalitei
1284 4225 1393 4270 eoram
1417 4203 1506 4268 nobis

377 4309 600 4391 comparando,
619 4312 725 4376 omnia
752 4317 785 4374 et
810 4312 939 4394 singula
964 4313 1192 4396 premissorum
1220 4333 1279 4396 per
1304 4313 1391 4398 ipsos
1414 4311 1506 4386 modu

378 4434 442 4495 quo
458 4437 557 4499 supra
568 4415 755 4483 adiudicata
765 4403 805 4483 ¹et
821 4418 906 4484 facta
922 4440 991 4484 esse
1007 4425 1040 4484 et
1055 4419 1154 4486 fuisse
1171 4441 1312 4486 consona
1329 4441 1405 4486 voce
1420 4419 1505 4484 affir-

378 4530 509 4589 marunt
532 4545 640 4590 coram
665 4525 764 4592 nobis.
797 4526 838 4591 In
864 4527 955 4592 cuins
980 4528 1233 4596 adiudicacionis
1259 4535 1292 4594 et
1316 4531 1506 4595 assertionis

377 4631 605 4710 testimonium,
623 4641 788 4717 presentes
814 4634 925 4700 literas
952 4641 1079 4702 nostras
1104 4642 1252 4720 patentes
1268 4636 1420 4704 duximus
1436 4657 1507 4701 con-

378 4737 534 4804 cedendas
550 4743 710 4807 communi
727 4742 854 4808 iusticia
870 4743 1031 4809 suadente.
1055 4743 1178 4810 Datum
1195 4746 1229 4810 in
1246 4743 1365 4812 Castro
1378 4745 1501 4811 Ferreo
