<?xml version="1.0" encoding="UTF-8"?>
<!DOCTYPE html PUBLIC "-//W3C//DTD XHTML 1.0 Transitional//EN"
    "http://www.w3.org/TR/xhtml1/DTD/xhtml1-transitional.dtd">
<html xmlns="http://www.w3.org/1999/xhtml" xml:lang="en" lang="en">
 <head>
  <title>
</title>
<meta http-equiv="Content-Type" content="text/html;charset=utf-8" />
  <meta name='ocr-system' content='tesseract 3.04.00' />
  <meta name='ocr-capabilities' content='ocr_page ocr_carea ocr_par ocr_line ocrx_word'/>
</head>
<body>
  <div class='ocr_page' id='page_1' title='image "./codexdiplomatic06nagygoog_0478.png"; bbox 0 0 3180 5470; ppageno 0'>
   <div class='ocr_carea' id='block_1_1' title="bbox 574 533 1240 594">
    <p class='ocr_par' dir='ltr' id='par_1_1' title="bbox 574 533 1240 594">
     <span class='ocr_line' id='line_1_1' title="bbox 574 533 1240 594; baseline -0.003 0"><span class='ocrx_word' id='word_1_1' title='bbox 574 533 668 594; x_wconf 86' lang='lat'>1351.</span> <span class='ocrx_word' id='word_1_2' title='bbox 686 535 757 594; x_wconf 75' lang='lat' dir='ltr'>nris.</span> <span class='ocrx_word' id='word_1_3' title='bbox 775 535 804 593; x_wconf 77' lang='lat'>2.</span> <span class='ocrx_word' id='word_1_4' title='bbox 1175 535 1240 594; x_wconf 78' lang='lat'>463</span> 
     </span>
    </p>
   </div>
   <div class='ocr_carea' id='block_1_2' title="bbox 107 707 1242 892">
    <p class='ocr_par' dir='ltr' id='par_1_2' title="bbox 107 707 1242 892">
     <span class='ocr_line' id='line_1_2' title="bbox 107 707 1241 793; baseline -0.003 -17"><span class='ocrx_word' id='word_1_5' title='bbox 107 713 174 779; x_wconf 88' lang='lat' dir='ltr'>filia</span> <span class='ocrx_word' id='word_1_6' title='bbox 202 712 351 778; x_wconf 85' lang='lat' dir='ltr'>Ladislai</span> <span class='ocrx_word' id='word_1_7' title='bbox 375 711 435 776; x_wconf 90' lang='lat' dir='ltr'>lilii</span> <span class='ocrx_word' id='word_1_8' title='bbox 460 709 642 776; x_wconf 74' lang='lat' dir='ltr'><strong>Alexandri</strong></span> <span class='ocrx_word' id='word_1_9' title='bbox 668 710 832 793; x_wconf 89' lang='lat' dir='ltr'>quondam</span> <span class='ocrx_word' id='word_1_10' title='bbox 857 708 897 773; x_wconf 90' lang='lat' dir='ltr'>de</span> <span class='ocrx_word' id='word_1_11' title='bbox 922 707 1057 792; x_wconf 76' lang='lat' dir='ltr'>udelyu,</span> <span class='ocrx_word' id='word_1_12' title='bbox 1073 710 1130 791; x_wconf 91' lang='lat' dir='ltr'>qui</span> <span class='ocrx_word' id='word_1_13' title='bbox 1155 710 1241 774; x_wconf 91' lang='lat' dir='ltr'>diem</span> 
     </span>
     <span class='ocr_line' id='line_1_3' title="bbox 108 817 1242 892; baseline -0.004 -6"><span class='ocrx_word' id='word_1_14' title='bbox 108 843 200 886; x_wconf 88' lang='lat' dir='ltr'>suum</span> <span class='ocrx_word' id='word_1_15' title='bbox 216 821 286 886; x_wconf 89' lang='lat' dir='ltr'>sine</span> <span class='ocrx_word' id='word_1_16' title='bbox 301 819 457 885; x_wconf 87' lang='lat' dir='ltr'>heredum</span> <span class='ocrx_word' id='word_1_17' title='bbox 473 817 592 884; x_wconf 88' lang='lat' dir='ltr'>solacio</span> <span class='ocrx_word' id='word_1_18' title='bbox 609 817 727 882; x_wconf 89' lang='lat' dir='ltr'>clausit</span> <span class='ocrx_word' id='word_1_19' title='bbox 751 823 941 892; x_wconf 85' lang='lat' dir='ltr'>extremum,</span> <span class='ocrx_word' id='word_1_20' title='bbox 966 838 1105 882; x_wconf 91' lang='lat' dir='ltr'>unacum</span> <span class='ocrx_word' id='word_1_21' title='bbox 1130 818 1242 882; x_wconf 92' lang='lat' dir='ltr'>Domi·</span> 
     </span>
    </p>
   </div>
   <div class='ocr_carea' id='block_1_3' title="bbox 21 925 1241 995">
    <p class='ocr_par' dir='ltr' id='par_1_3' title="bbox 21 925 1241 995">
     <span class='ocr_line' id='line_1_4' title="bbox 21 925 1241 995; baseline 0.001 -3"><span class='ocrx_word' id='word_1_22' title='bbox 21 929 25 938; x_wconf 80' lang='grc'><strong>’</strong></span> <span class='ocrx_word' id='word_1_23' title='bbox 109 931 178 992; x_wconf 91' lang='lat' dir='ltr'>nico</span> <span class='ocrx_word' id='word_1_24' title='bbox 195 927 263 994; x_wconf 91' lang='lat' dir='ltr'>lilio</span> <span class='ocrx_word' id='word_1_25' title='bbox 287 926 416 992; x_wconf 87' lang='lat' dir='ltr'>Nicolai</span> <span class='ocrx_word' id='word_1_26' title='bbox 432 926 472 990; x_wconf 92' lang='lat' dir='ltr'>de</span> <span class='ocrx_word' id='word_1_27' title='bbox 488 926 661 992; x_wconf 89' lang='lat' dir='ltr'>Kellemus</span> <span class='ocrx_word' id='word_1_28' title='bbox 687 925 815 991; x_wconf 89' lang='lat' dir='ltr'>domino</span> <span class='ocrx_word' id='word_1_29' title='bbox 841 935 872 990; x_wconf 87' lang='lat' dir='ltr'>et</span> <span class='ocrx_word' id='word_1_30' title='bbox 899 927 1015 991; x_wconf 90' lang='lat' dir='ltr'>marito</span> <span class='ocrx_word' id='word_1_31' title='bbox 1036 947 1093 990; x_wconf 92' lang='lat' dir='ltr'>suc</span> <span class='ocrx_word' id='word_1_32' title='bbox 1110 925 1151 990; x_wconf 92' lang='lat' dir='ltr'>ab</span> <span class='ocrx_word' id='word_1_33' title='bbox 1168 947 1241 995; x_wconf 83' lang='lat' dir='ltr'>una.</span> 
     </span>
    </p>
   </div>
   <div class='ocr_carea' id='block_1_4' title="bbox 108 1031 1324 4787">
    <p class='ocr_par' dir='ltr' id='par_1_4' title="bbox 108 1031 1324 4787">
     <span class='ocr_line' id='line_1_5' title="bbox 110 1031 1241 1120; baseline -0.002 -20"><span class='ocrx_word' id='word_1_34' title='bbox 110 1037 186 1101; x_wconf 86' lang='lat' dir='ltr'>item</span> <span class='ocrx_word' id='word_1_35' title='bbox 212 1037 318 1102; x_wconf 86' lang='lat' dir='ltr'>Paulo</span> <span class='ocrx_word' id='word_1_36' title='bbox 343 1037 382 1100; x_wconf 89' lang='lat' dir='ltr'>de</span> <span class='ocrx_word' id='word_1_37' title='bbox 408 1035 510 1120; x_wconf 88' lang='lat' dir='ltr'>Wgal</span> <span class='ocrx_word' id='word_1_38' title='bbox 536 1034 698 1119; x_wconf 84' lang='lat' dir='ltr'>quondam</span> <span class='ocrx_word' id='word_1_39' title='bbox 723 1035 827 1099; x_wconf 89' lang='lat' dir='ltr'>tocius</span> <span class='ocrx_word' id='word_1_40' title='bbox 854 1033 1022 1099; x_wconf 82' lang='lat' dir='ltr'>Sclavonie</span> <span class='ocrx_word' id='word_1_41' title='bbox 1048 1041 1079 1098; x_wconf 90' lang='lat' dir='ltr'>et</span> <span class='ocrx_word' id='word_1_42' title='bbox 1106 1031 1241 1100; x_wconf 84' lang='lat' dir='ltr'>Oroacie</span> 
     </span>
     <span class='ocr_line' id='line_1_6' title="bbox 108 1141 1242 1228; baseline 0 -20"><span class='ocrx_word' id='word_1_43' title='bbox 108 1144 192 1208; x_wconf 90' lang='lat' dir='ltr'>bano</span> <span class='ocrx_word' id='word_1_44' title='bbox 208 1165 268 1228; x_wconf 92' lang='lat' dir='ltr'>pro</span> <span class='ocrx_word' id='word_1_45' title='bbox 284 1143 553 1208; x_wconf 85' lang='lat' dir='ltr'>excellentissima</span> <span class='ocrx_word' id='word_1_46' title='bbox 578 1142 708 1208; x_wconf 87' lang='lat' dir='ltr'>domina</span> <span class='ocrx_word' id='word_1_47' title='bbox 733 1141 927 1206; x_wconf 79' lang='lat' dir='ltr'>Elisabeth.</span> <span class='ocrx_word' id='word_1_48' title='bbox 946 1191 953 1204; x_wconf 94' lang='lat'><strong>.</strong></span> <span class='ocrx_word' id='word_1_49' title='bbox 976 1144 1089 1224; x_wconf 85' lang='lat' dir='ltr'>regina</span> <span class='ocrx_word' id='word_1_50' title='bbox 1105 1194 1135 1207; x_wconf 90' lang='lat'>..</span> <span class='ocrx_word' id='word_1_51' title='bbox 1170 1165 1242 1208; x_wconf 86' lang='lat' dir='ltr'>cum</span> 
     </span>
     <span class='ocr_line' id='line_1_7' title="bbox 108 1250 1241 1336; baseline -0.002 -20"><span class='ocrx_word' id='word_1_52' title='bbox 108 1252 341 1336; x_wconf 87' lang='lat' dir='ltr'>p1ocuratoriis</span> <span class='ocrx_word' id='word_1_53' title='bbox 357 1251 463 1316; x_wconf 90' lang='lat' dir='ltr'>literis</span> <span class='ocrx_word' id='word_1_54' title='bbox 480 1251 622 1316; x_wconf 88' lang='lat' dir='ltr'>eiusdem</span> <span class='ocrx_word' id='word_1_55' title='bbox 639 1257 732 1333; x_wconf 87' lang='lat' dir='ltr'>parte</span> <span class='ocrx_word' id='word_1_56' title='bbox 752 1271 791 1314; x_wconf 84' lang='lat' dir='ltr'>ex</span> <span class='ocrx_word' id='word_1_57' title='bbox 817 1251 920 1314; x_wconf 90' lang='lat' dir='ltr'>altera</span> <span class='ocrx_word' id='word_1_58' title='bbox 936 1271 1044 1314; x_wconf 90' lang='lat' dir='ltr'>coram</span> <span class='ocrx_word' id='word_1_59' title='bbox 1062 1250 1152 1316; x_wconf 90' lang='lat' dir='ltr'>nobis</span> <span class='ocrx_word' id='word_1_60' title='bbox 1169 1273 1241 1316; x_wconf 93' lang='lat' dir='ltr'>con·</span> 
     </span>
     <span class='ocr_line' id='line_1_8' title="bbox 110 1359 1242 1445; baseline -0.003 -20"><span class='ocrx_word' id='word_1_61' title='bbox 110 1363 244 1438; x_wconf 84' lang='lat' dir='ltr'>stitutis,</span> <span class='ocrx_word' id='word_1_62' title='bbox 261 1382 318 1445; x_wconf 90' lang='lat' dir='ltr'>per</span> <span class='ocrx_word' id='word_1_63' title='bbox 335 1361 470 1426; x_wconf 89' lang='lat' dir='ltr'>eandem</span> <span class='ocrx_word' id='word_1_64' title='bbox 486 1359 649 1424; x_wconf 90' lang='lat' dir='ltr'>dominam</span> <span class='ocrx_word' id='word_1_65' title='bbox 675 1365 708 1423; x_wconf 92' lang='lat' dir='ltr'>et</span> <span class='ocrx_word' id='word_1_66' title='bbox 723 1359 928 1424; x_wconf 91' lang='lat' dir='ltr'>Dominicum</span> <span class='ocrx_word' id='word_1_67' title='bbox 948 1359 1112 1424; x_wconf 90' lang='lat' dir='ltr'>dominum</span> <span class='ocrx_word' id='word_1_68' title='bbox 1129 1367 1159 1424; x_wconf 88' lang='lat' dir='ltr'>et</span> <span class='ocrx_word' id='word_1_69' title='bbox 1177 1380 1242 1422; x_wconf 87' lang='lat' dir='ltr'>ma-</span> 
     </span>
     <span class='ocr_line' id='line_1_9' title="bbox 108 1467 1243 1553; baseline -0.002 -20"><span class='ocrx_word' id='word_1_70' title='bbox 108 1471 209 1534; x_wconf 87' lang='lat' dir='ltr'>ritum</span> <span class='ocrx_word' id='word_1_71' title='bbox 227 1490 319 1534; x_wconf 90' lang='lat' dir='ltr'>suum</span> <span class='ocrx_word' id='word_1_72' title='bbox 337 1469 538 1553; x_wconf 87' lang='lat' dir='ltr'>propositum</span> <span class='ocrx_word' id='word_1_73' title='bbox 554 1468 679 1533; x_wconf 87' lang='lat' dir='ltr'>exstitit</span> <span class='ocrx_word' id='word_1_74' title='bbox 696 1489 804 1533; x_wconf 87' lang='lat' dir='ltr'>coram</span> <span class='ocrx_word' id='word_1_75' title='bbox 821 1467 912 1532; x_wconf 92' lang='lat' dir='ltr'>nobis</span> <span class='ocrx_word' id='word_1_76' title='bbox 929 1517 936 1530; x_wconf 93' lang='lat'><strong>.</strong></span> <span class='ocrx_word' id='word_1_77' title='bbox 954 1517 960 1531; x_wconf 94' lang='lat'>.</span> <span class='ocrx_word' id='word_1_78' title='bbox 986 1467 1071 1550; x_wconf 91' lang='lat' dir='ltr'>quod</span> <span class='ocrx_word' id='word_1_79' title='bbox 1087 1468 1243 1549; x_wconf 88' lang='lat' dir='ltr'>lieetpre-</span> 
     </span>
     <span class='ocr_line' id='line_1_10' title="bbox 109 1575 1244 1659; baseline -0.002 -19"><span class='ocrx_word' id='word_1_80' title='bbox 109 1575 214 1642; x_wconf 90' lang='lat' dir='ltr'>dictus</span> <span class='ocrx_word' id='word_1_81' title='bbox 231 1575 407 1642; x_wconf 86' lang='lat' dir='ltr'>Ladislaus</span> <span class='ocrx_word' id='word_1_82' title='bbox 423 1576 508 1641; x_wconf 90' lang='lat' dir='ltr'>filius</span> <span class='ocrx_word' id='word_1_83' title='bbox 520 1575 710 1654; x_wconf 79' lang='lat' dir='ltr'><strong>Alexandri,</strong></span> <span class='ocrx_word' id='word_1_84' title='bbox 720 1576 956 1659; x_wconf 89' lang='lat' dir='ltr'>utpremissum</span> <span class='ocrx_word' id='word_1_85' title='bbox 973 1577 1110 1646; x_wconf 84' lang='lat' dir='ltr'>estsine</span> <span class='ocrx_word' id='word_1_86' title='bbox 1125 1575 1244 1640; x_wconf 79' lang='lat' dir='ltr'>herede</span> 
     </span>
     <span class='ocr_line' id='line_1_11' title="bbox 110 1683 1244 1768; baseline -0.002 -20"><span class='ocrx_word' id='word_1_87' title='bbox 110 1684 294 1757; x_wconf 82' lang='lat' dir='ltr'>decesserit,</span> <span class='ocrx_word' id='word_1_88' title='bbox 311 1691 344 1749; x_wconf 92' lang='lat' dir='ltr'>et</span> <span class='ocrx_word' id='word_1_89' title='bbox 360 1683 507 1750; x_wconf 79' lang='lat' dir='ltr'>universe</span> <span class='ocrx_word' id='word_1_90' title='bbox 524 1685 740 1767; x_wconf 90' lang='lat' dir='ltr'>possessiones</span> <span class='ocrx_word' id='word_1_91' title='bbox 757 1705 812 1748; x_wconf 87' lang='lat' dir='ltr'>sue</span> <span class='ocrx_word' id='word_1_92' title='bbox 830 1685 872 1749; x_wconf 85' lang='lat' dir='ltr'>ad</span> <span class='ocrx_word' id='word_1_93' title='bbox 888 1685 994 1768; x_wconf 86' lang='lat' dir='ltr'>regias</span> <span class='ocrx_word' id='word_1_94' title='bbox 1014 1693 1047 1748; x_wconf 89' lang='lat' dir='ltr'>et</span> <span class='ocrx_word' id='word_1_95' title='bbox 1063 1705 1121 1767; x_wconf 89' lang='lat' dir='ltr'>per</span> <span class='ocrx_word' id='word_1_96' title='bbox 1137 1705 1244 1748; x_wconf 87' lang='lat' dir='ltr'>conse-</span> 
     </span>
     <span class='ocr_line' id='line_1_12' title="bbox 111 1791 1244 1877; baseline -0.001 -21"><span class='ocrx_word' id='word_1_97' title='bbox 111 1813 212 1874; x_wconf 89' lang='lat' dir='ltr'>quens</span> <span class='ocrx_word' id='word_1_98' title='bbox 232 1794 333 1877; x_wconf 89' lang='lat' dir='ltr'>ipsius</span> <span class='ocrx_word' id='word_1_99' title='bbox 348 1791 468 1876; x_wconf 86' lang='lat' dir='ltr'>regalis</span> <span class='ocrx_word' id='word_1_100' title='bbox 495 1793 673 1857; x_wconf 88' lang='lat' dir='ltr'>maiestatis</span> <span class='ocrx_word' id='word_1_101' title='bbox 695 1791 900 1856; x_wconf 84' lang='lat' dir='ltr'>collacionem</span> <span class='ocrx_word' id='word_1_102' title='bbox 926 1792 966 1856; x_wconf 94' lang='lat' dir='ltr'>ad</span> <span class='ocrx_word' id='word_1_103' title='bbox 992 1793 1091 1876; x_wconf 91' lang='lat' dir='ltr'>ipsius</span> <span class='ocrx_word' id='word_1_104' title='bbox 1118 1791 1244 1856; x_wconf 90' lang='lat' dir='ltr'>domino</span> 
     </span>
     <span class='ocr_line' id='line_1_13' title="bbox 110 1899 1244 1983; baseline -0.002 -19"><span class='ocrx_word' id='word_1_105' title='bbox 110 1901 221 1983; x_wconf 83' lang='lat' dir='ltr'>regine</span> <span class='ocrx_word' id='word_1_106' title='bbox 233 1917 349 1964; x_wconf 88' lang='lat' dir='ltr'>manus</span> <span class='ocrx_word' id='word_1_107' title='bbox 365 1900 427 1964; x_wconf 89' lang='lat' dir='ltr'>rite</span> <span class='ocrx_word' id='word_1_108' title='bbox 444 1907 476 1964; x_wconf 90' lang='lat' dir='ltr'>et</span> <span class='ocrx_word' id='word_1_109' title='bbox 492 1899 644 1982; x_wconf 82' lang='lat' dir='ltr'>legitime.</span> <span class='ocrx_word' id='word_1_110' title='bbox 656 1900 747 1964; x_wconf 81' lang='lat' dir='ltr'>iuxta</span> <span class='ocrx_word' id='word_1_111' title='bbox 758 1899 970 1983; x_wconf 77' lang='lat' dir='ltr'>approbatam</span> <span class='ocrx_word' id='word_1_112' title='bbox 981 1900 1071 1981; x_wconf 86' lang='lat' dir='ltr'>regni</span> <span class='ocrx_word' id='word_1_113' title='bbox 1082 1905 1244 1964; x_wconf 70' lang='lat' dir='ltr'>consectu-</span> 
     </span>
     <span class='ocr_line' id='line_1_14' title="bbox 109 2005 1245 2089; baseline -0.003 -17"><span class='ocrx_word' id='word_1_114' title='bbox 109 2007 217 2072; x_wconf 90' lang='lat' dir='ltr'>dinem</span> <span class='ocrx_word' id='word_1_115' title='bbox 234 2007 382 2071; x_wconf 84' lang='lat' dir='ltr'>devoluto</span> <span class='ocrx_word' id='word_1_116' title='bbox 400 2006 521 2070; x_wconf 89' lang='lat' dir='ltr'>fuerint</span> <span class='ocrx_word' id='word_1_117' title='bbox 537 2013 570 2070; x_wconf 89' lang='lat' dir='ltr'>et</span> <span class='ocrx_word' id='word_1_118' title='bbox 593 2005 732 2085; x_wconf 79' lang='lat' dir='ltr'>redacte,</span> <span class='ocrx_word' id='word_1_119' title='bbox 757 2013 864 2070; x_wconf 89' lang='lat' dir='ltr'>tamen</span> <span class='ocrx_word' id='word_1_120' title='bbox 882 2006 994 2071; x_wconf 88' lang='lat' dir='ltr'>eadem</span> <span class='ocrx_word' id='word_1_121' title='bbox 1011 2007 1164 2089; x_wconf 88' lang='lat' dir='ltr'>reginalis</span> <span class='ocrx_word' id='word_1_122' title='bbox 1180 2028 1245 2070; x_wconf 86' lang='lat' dir='ltr'>ma-</span> 
     </span>
     <span class='ocr_line' id='line_1_15' title="bbox 109 2115 1245 2199; baseline -0.001 -20"><span class='ocrx_word' id='word_1_123' title='bbox 109 2117 210 2180; x_wconf 85' lang='lat' dir='ltr'>iestas</span> <span class='ocrx_word' id='word_1_124' title='bbox 229 2115 282 2199; x_wconf 90' lang='lat' dir='ltr'>pie</span> <span class='ocrx_word' id='word_1_125' title='bbox 295 2121 328 2180; x_wconf 90' lang='lat' dir='ltr'>et</span> <span class='ocrx_word' id='word_1_126' title='bbox 345 2117 488 2199; x_wconf 84' lang='lat' dir='ltr'>graciose</span> <span class='ocrx_word' id='word_1_127' title='bbox 505 2135 604 2197; x_wconf 88' lang='lat' dir='ltr'>agens</span> <span class='ocrx_word' id='word_1_128' title='bbox 621 2137 693 2180; x_wconf 90' lang='lat' dir='ltr'>oum</span> <span class='ocrx_word' id='word_1_129' title='bbox 710 2115 829 2192; x_wconf 86' lang='lat' dir='ltr'>eodem,</span> <span class='ocrx_word' id='word_1_130' title='bbox 840 2117 873 2179; x_wconf 93' lang='lat' dir='ltr'>in</span> <span class='ocrx_word' id='word_1_131' title='bbox 889 2116 1030 2198; x_wconf 86' lang='lat' dir='ltr'>quadam</span> <span class='ocrx_word' id='word_1_132' title='bbox 1047 2115 1245 2198; x_wconf 86' lang='lat' dir='ltr'>possessione</span> 
     </span>
     <span class='ocr_line' id='line_1_16' title="bbox 111 2221 1245 2306; baseline 0.001 -19"><span class='ocrx_word' id='word_1_133' title='bbox 111 2223 258 2288; x_wconf 86' lang='lat' dir='ltr'>eiusdem</span> <span class='ocrx_word' id='word_1_134' title='bbox 275 2223 378 2306; x_wconf 88' lang='lat' dir='ltr'>patris</span> <span class='ocrx_word' id='word_1_135' title='bbox 395 2224 445 2288; x_wconf 93' lang='lat' dir='ltr'>sui</span> <span class='ocrx_word' id='word_1_136' title='bbox 459 2221 547 2306; x_wconf 84' lang='lat' dir='ltr'>Saap</span> <span class='ocrx_word' id='word_1_137' title='bbox 564 2229 684 2295; x_wconf 81' lang='lat' dir='ltr'>vocata,</span> <span class='ocrx_word' id='word_1_138' title='bbox 702 2243 868 2306; x_wconf 88' lang='lat' dir='ltr'>quousque</span> <span class='ocrx_word' id='word_1_139' title='bbox 885 2222 946 2288; x_wconf 91' lang='lat' dir='ltr'>sibi</span> <span class='ocrx_word' id='word_1_140' title='bbox 974 2223 1014 2288; x_wconf 88' lang='lat' dir='ltr'>de</span> <span class='ocrx_word' id='word_1_141' title='bbox 1039 2223 1163 2288; x_wconf 92' lang='lat' dir='ltr'>iuribus</span> <span class='ocrx_word' id='word_1_142' title='bbox 1180 2225 1245 2288; x_wconf 87' lang='lat' dir='ltr'>suis</span> 
     </span>
     <span class='ocr_line' id='line_1_17' title="bbox 110 2331 1245 2415; baseline -0.002 -19"><span class='ocrx_word' id='word_1_143' title='bbox 110 2332 252 2415; x_wconf 91' lang='lat' dir='ltr'>propriis</span> <span class='ocrx_word' id='word_1_144' title='bbox 269 2332 413 2414; x_wconf 88' lang='lat' dir='ltr'>paternis</span> <span class='ocrx_word' id='word_1_145' title='bbox 430 2337 462 2396; x_wconf 90' lang='lat' dir='ltr'>et</span> <span class='ocrx_word' id='word_1_146' title='bbox 486 2332 649 2410; x_wconf 76' lang='lat' dir='ltr'>maternis,</span> <span class='ocrx_word' id='word_1_147' title='bbox 675 2331 822 2396; x_wconf 86' lang='lat' dir='ltr'>videlicet</span> <span class='ocrx_word' id='word_1_148' title='bbox 846 2331 976 2396; x_wconf 89' lang='lat' dir='ltr'>dotibus</span> <span class='ocrx_word' id='word_1_149' title='bbox 1002 2333 1114 2396; x_wconf 87' lang='lat' dir='ltr'>matris</span> <span class='ocrx_word' id='word_1_150' title='bbox 1131 2339 1163 2395; x_wconf 88' lang='lat' dir='ltr'>et</span> <span class='ocrx_word' id='word_1_151' title='bbox 1179 2353 1245 2394; x_wconf 89' lang='lat' dir='ltr'>ma·</span> 
     </span>
     <span class='ocr_line' id='line_1_18' title="bbox 109 2439 1243 2524; baseline -0.002 -20"><span class='ocrx_word' id='word_1_152' title='bbox 109 2446 234 2504; x_wconf 88' lang='lat' dir='ltr'>tertere</span> <span class='ocrx_word' id='word_1_153' title='bbox 250 2440 326 2518; x_wconf 90' lang='lat' dir='ltr'>suis,</span> <span class='ocrx_word' id='word_1_154' title='bbox 343 2461 380 2504; x_wconf 88' lang='lat' dir='ltr'>ac</span> <span class='ocrx_word' id='word_1_155' title='bbox 396 2461 455 2506; x_wconf 89' lang='lat' dir='ltr'>sua</span> <span class='ocrx_word' id='word_1_156' title='bbox 471 2441 603 2524; x_wconf 90' lang='lat' dir='ltr'>propria</span> <span class='ocrx_word' id='word_1_157' title='bbox 618 2447 736 2524; x_wconf 86' lang='lat' dir='ltr'>quarta</span> <span class='ocrx_word' id='word_1_158' title='bbox 754 2440 846 2506; x_wconf 89' lang='lat' dir='ltr'>filiali</span> <span class='ocrx_word' id='word_1_159' title='bbox 870 2440 930 2505; x_wconf 91' lang='lat' dir='ltr'>sibi</span> <span class='ocrx_word' id='word_1_160' title='bbox 947 2439 1038 2504; x_wconf 88' lang='lat' dir='ltr'>fieret</span> <span class='ocrx_word' id='word_1_161' title='bbox 1053 2441 1095 2506; x_wconf 88' lang='lat' dir='ltr'>ad</span> <span class='ocrx_word' id='word_1_162' title='bbox 1112 2441 1243 2522; x_wconf 89' lang='lat' dir='ltr'>plenum</span> 
     </span>
     <span class='ocr_line' id='line_1_19' title="bbox 111 2545 1247 2634; baseline -0.004 -22"><span class='ocrx_word' id='word_1_163' title='bbox 111 2547 326 2626; x_wconf 84' lang='lat' dir='ltr'>satisfactum,</span> <span class='ocrx_word' id='word_1_164' title='bbox 336 2549 471 2613; x_wconf 87' lang='lat' dir='ltr'>eandem</span> <span class='ocrx_word' id='word_1_165' title='bbox 481 2569 558 2614; x_wconf 89' lang='lat' dir='ltr'>usus</span> <span class='ocrx_word' id='word_1_166' title='bbox 569 2555 602 2613; x_wconf 88' lang='lat' dir='ltr'>et</span> <span class='ocrx_word' id='word_1_167' title='bbox 613 2547 771 2614; x_wconf 87' lang='lat' dir='ltr'>utilitates</span> <span class='ocrx_word' id='word_1_168' title='bbox 781 2548 864 2614; x_wconf 88' lang='lat' dir='ltr'>dicte</span> <span class='ocrx_word' id='word_1_169' title='bbox 876 2549 1082 2634; x_wconf 87' lang='lat' dir='ltr'>possessionis</span> <span class='ocrx_word' id='word_1_170' title='bbox 1094 2567 1195 2629; x_wconf 89' lang='lat' dir='ltr'>usque</span> <span class='ocrx_word' id='word_1_171' title='bbox 1206 2545 1247 2610; x_wconf 92' lang='lat' dir='ltr'>ad</span> 
     </span>
     <span class='ocr_line' id='line_1_20' title="bbox 112 2656 1245 2740; baseline -0.004 -20"><span class='ocrx_word' id='word_1_172' title='bbox 112 2656 173 2720; x_wconf 90' lang='lat' dir='ltr'>hec</span> <span class='ocrx_word' id='word_1_173' title='bbox 184 2663 334 2739; x_wconf 89' lang='lat' dir='ltr'>tempora</span> <span class='ocrx_word' id='word_1_174' title='bbox 354 2661 580 2740; x_wconf 90' lang='lat' dir='ltr'>percepturam</span> <span class='ocrx_word' id='word_1_175' title='bbox 601 2656 812 2722; x_wconf 89' lang='lat' dir='ltr'>commisisset</span> <span class='ocrx_word' id='word_1_176' title='bbox 821 2675 1027 2740; x_wconf 81' lang='lat' dir='ltr'>permanere3</span> <span class='ocrx_word' id='word_1_177' title='bbox 1043 2661 1120 2720; x_wconf 86' lang='lat' dir='ltr'>tunc</span> <span class='ocrx_word' id='word_1_178' title='bbox 1136 2659 1245 2718; x_wconf 89' lang='lat' dir='ltr'>autem</span> 
     </span>
     <span class='ocr_line' id='line_1_21' title="bbox 110 2763 1246 2848; baseline -0.003 -21"><span class='ocrx_word' id='word_1_179' title='bbox 110 2764 225 2828; x_wconf 88' lang='lat' dir='ltr'>eadem</span> <span class='ocrx_word' id='word_1_180' title='bbox 242 2765 395 2848; x_wconf 88' lang='lat' dir='ltr'>reginalis</span> <span class='ocrx_word' id='word_1_181' title='bbox 412 2765 574 2842; x_wconf 86' lang='lat' dir='ltr'>maiestas,</span> <span class='ocrx_word' id='word_1_182' title='bbox 599 2787 657 2848; x_wconf 91' lang='lat' dir='ltr'>pro</span> <span class='ocrx_word' id='word_1_183' title='bbox 682 2763 830 2829; x_wconf 87' lang='lat' dir='ltr'>omnibus</span> <span class='ocrx_word' id='word_1_184' title='bbox 850 2763 1015 2847; x_wconf 87' lang='lat' dir='ltr'>premissis</span> <span class='ocrx_word' id='word_1_185' title='bbox 1031 2763 1155 2828; x_wconf 90' lang='lat' dir='ltr'>iuribus</span> <span class='ocrx_word' id='word_1_186' title='bbox 1180 2765 1246 2826; x_wconf 86' lang='lat' dir='ltr'>suis</span> 
     </span>
     <span class='ocr_line' id='line_1_22' title="bbox 111 2871 1248 2954; baseline 0.002 -22"><span class='ocrx_word' id='word_1_187' title='bbox 111 2877 144 2935; x_wconf 90' lang='lat' dir='ltr'>et</span> <span class='ocrx_word' id='word_1_188' title='bbox 159 2871 351 2936; x_wconf 86' lang='lat' dir='ltr'>remissione</span> <span class='ocrx_word' id='word_1_189' title='bbox 367 2891 404 2934; x_wconf 89' lang='lat' dir='ltr'>ac</span> <span class='ocrx_word' id='word_1_190' title='bbox 420 2872 629 2936; x_wconf 85' lang='lat' dir='ltr'>restitucione</span> <span class='ocrx_word' id='word_1_191' title='bbox 645 2871 854 2954; x_wconf 85' lang='lat' dir='ltr'>possessionis</span> <span class='ocrx_word' id='word_1_192' title='bbox 871 2871 1054 2954; x_wconf 88' lang='lat' dir='ltr'>supradicte</span> <span class='ocrx_word' id='word_1_193' title='bbox 1074 2878 1203 2936; x_wconf 89' lang='lat' dir='ltr'>centum</span> <span class='ocrx_word' id='word_1_194' title='bbox 1214 2877 1248 2934; x_wconf 88' lang='lat' dir='ltr'>et</span> 
     </span>
     <span class='ocr_line' id='line_1_23' title="bbox 109 2979 1247 3063; baseline 0 -21"><span class='ocrx_word' id='word_1_195' title='bbox 109 2979 352 3063; x_wconf 87' lang='lat' dir='ltr'>quinquaginta</span> <span class='ocrx_word' id='word_1_196' title='bbox 367 3001 502 3058; x_wconf 86' lang='lat' dir='ltr'>marcas,</span> <span class='ocrx_word' id='word_1_197' title='bbox 519 3001 662 3045; x_wconf 91' lang='lat' dir='ltr'>marcam</span> <span class='ocrx_word' id='word_1_198' title='bbox 680 2979 856 3063; x_wconf 88' lang='lat' dir='ltr'>quamlibet</span> <span class='ocrx_word' id='word_1_199' title='bbox 867 3002 940 3044; x_wconf 89' lang='lat' dir='ltr'>cum</span> <span class='ocrx_word' id='word_1_200' title='bbox 958 2985 1101 3061; x_wconf 86' lang='lat' dir='ltr'>quatuor</span> <span class='ocrx_word' id='word_1_201' title='bbox 1118 2979 1247 3044; x_wconf 84' lang='lat' dir='ltr'>florenis</span> 
     </span>
     <span class='ocr_line' id='line_1_24' title="bbox 111 3085 1248 3171; baseline -0.001 -22"><span class='ocrx_word' id='word_1_202' title='bbox 111 3087 339 3168; x_wconf 87' lang='lat' dir='ltr'>computande,</span> <span class='ocrx_word' id='word_1_203' title='bbox 356 3087 417 3152; x_wconf 89' lang='lat' dir='ltr'>sibi</span> <span class='ocrx_word' id='word_1_204' title='bbox 433 3085 576 3171; x_wconf 87' lang='lat' dir='ltr'>plenarie</span> <span class='ocrx_word' id='word_1_205' title='bbox 594 3094 627 3151; x_wconf 93' lang='lat' dir='ltr'>et</span> <span class='ocrx_word' id='word_1_206' title='bbox 643 3088 768 3170; x_wconf 82' lang='lat' dir='ltr'>integre</span> <span class='ocrx_word' id='word_1_207' title='bbox 789 3086 1004 3169; x_wconf 83' lang='lat' dir='ltr'>persolvisset.</span> <span class='ocrx_word' id='word_1_208' title='bbox 1020 3086 1098 3169; x_wconf 89' lang='lat' dir='ltr'>Ipsa</span> <span class='ocrx_word' id='word_1_209' title='bbox 1109 3107 1248 3168; x_wconf 85' lang='lat' dir='ltr'>namque</span> 
     </span>
     <span class='ocr_line' id='line_1_25' title="bbox 109 3193 1324 3278; baseline 0.001 -22"><span class='ocrx_word' id='word_1_210' title='bbox 109 3215 169 3276; x_wconf 90' lang='lat' dir='ltr'>pro</span> <span class='ocrx_word' id='word_1_211' title='bbox 188 3193 335 3258; x_wconf 90' lang='lat' dir='ltr'>omnibus</span> <span class='ocrx_word' id='word_1_212' title='bbox 352 3195 515 3278; x_wconf 87' lang='lat' dir='ltr'>premissis</span> <span class='ocrx_word' id='word_1_213' title='bbox 532 3193 695 3260; x_wconf 88' lang='lat' dir='ltr'>beneficiis</span> <span class='ocrx_word' id='word_1_214' title='bbox 711 3215 770 3278; x_wconf 90' lang='lat' dir='ltr'>per</span> <span class='ocrx_word' id='word_1_215' title='bbox 786 3195 891 3278; x_wconf 89' lang='lat' dir='ltr'>ipsam</span> <span class='ocrx_word' id='word_1_216' title='bbox 911 3193 1087 3277; x_wconf 87' lang='lat' dir='ltr'>reginalem</span> <span class='ocrx_word' id='word_1_217' title='bbox 1098 3195 1248 3258; x_wconf 88' lang='lat' dir='ltr'>maiesta·</span> <span class='ocrx_word' id='word_1_218' title='bbox 1322 3211 1324 3219; x_wconf 78' lang='grc'>’</span> 
     </span>
     <span class='ocr_line' id='line_1_26' title="bbox 108 3299 1248 3386; baseline -0.001 -20"><span class='ocrx_word' id='word_1_219' title='bbox 108 3309 177 3367; x_wconf 85' lang='lat' dir='ltr'>tem</span> <span class='ocrx_word' id='word_1_220' title='bbox 204 3302 257 3386; x_wconf 92' lang='lat' dir='ltr'>pie</span> <span class='ocrx_word' id='word_1_221' title='bbox 283 3310 317 3368; x_wconf 88' lang='lat' dir='ltr'>et</span> <span class='ocrx_word' id='word_1_222' title='bbox 346 3303 490 3386; x_wconf 87' lang='lat' dir='ltr'>graciose</span> <span class='ocrx_word' id='word_1_223' title='bbox 515 3302 576 3368; x_wconf 90' lang='lat' dir='ltr'>sibi</span> <span class='ocrx_word' id='word_1_224' title='bbox 602 3303 762 3386; x_wconf 89' lang='lat' dir='ltr'>impensis,</span> <span class='ocrx_word' id='word_1_225' title='bbox 787 3303 890 3386; x_wconf 86' lang='lat' dir='ltr'>ipsam</span> <span class='ocrx_word' id='word_1_226' title='bbox 915 3303 1146 3384; x_wconf 90' lang='lat' dir='ltr'>possessionem</span> <span class='ocrx_word' id='word_1_227' title='bbox 1161 3299 1248 3384; x_wconf 85' lang='lat' dir='ltr'>Saap</span> 
     </span>
     <span class='ocr_line' id='line_1_27' title="bbox 109 3409 1248 3494; baseline -0.003 -19"><span class='ocrx_word' id='word_1_228' title='bbox 109 3412 176 3475; x_wconf 88' lang='lat' dir='ltr'>iuri</span> <span class='ocrx_word' id='word_1_229' title='bbox 194 3411 282 3494; x_wconf 86' lang='lat' dir='ltr'>regio</span> <span class='ocrx_word' id='word_1_230' title='bbox 308 3417 341 3475; x_wconf 90' lang='lat' dir='ltr'>et</span> <span class='ocrx_word' id='word_1_231' title='bbox 366 3431 424 3493; x_wconf 90' lang='lat' dir='ltr'>per</span> <span class='ocrx_word' id='word_1_232' title='bbox 440 3431 638 3492; x_wconf 89' lang='lat' dir='ltr'>consequens</span> <span class='ocrx_word' id='word_1_233' title='bbox 663 3409 806 3494; x_wconf 83' lang='lat' dir='ltr'>predicte</span> <span class='ocrx_word' id='word_1_234' title='bbox 831 3409 959 3474; x_wconf 88' lang='lat' dir='ltr'>domine</span> <span class='ocrx_word' id='word_1_235' title='bbox 978 3410 1088 3493; x_wconf 90' lang='lat' dir='ltr'>regine</span> <span class='ocrx_word' id='word_1_236' title='bbox 1113 3409 1152 3472; x_wconf 92' lang='lat' dir='ltr'>do</span> <span class='ocrx_word' id='word_1_237' title='bbox 1178 3410 1248 3472; x_wconf 88' lang='lat' dir='ltr'>iure</span> 
     </span>
     <span class='ocr_line' id='line_1_28' title="bbox 112 3517 1248 3602; baseline -0.004 -20"><span class='ocrx_word' id='word_1_238' title='bbox 112 3524 356 3601; x_wconf 89' lang='lat' dir='ltr'>congruentem,</span> <span class='ocrx_word' id='word_1_239' title='bbox 373 3541 444 3584; x_wconf 93' lang='lat' dir='ltr'>cum</span> <span class='ocrx_word' id='word_1_240' title='bbox 461 3517 608 3584; x_wconf 90' lang='lat' dir='ltr'>omnibus</span> <span class='ocrx_word' id='word_1_241' title='bbox 625 3568 631 3582; x_wconf 96' lang='lat'><em>.</em></span> <span class='ocrx_word' id='word_1_242' title='bbox 649 3570 655 3581; x_wconf 89' lang='lat'>.</span> <span class='ocrx_word' id='word_1_243' title='bbox 680 3519 746 3583; x_wconf 91' lang='lat' dir='ltr'>suis</span> <span class='ocrx_word' id='word_1_244' title='bbox 764 3567 770 3579; x_wconf 92' lang='lat'><strong>.</strong></span> <span class='ocrx_word' id='word_1_245' title='bbox 788 3567 794 3580; x_wconf 90' lang='lat'>.</span> <span class='ocrx_word' id='word_1_246' title='bbox 818 3517 1049 3602; x_wconf 90' lang='lat' dir='ltr'>pertinenciis.</span> <span class='ocrx_word' id='word_1_247' title='bbox 1067 3567 1072 3578; x_wconf 91' lang='lat'><em>.</em></span> <span class='ocrx_word' id='word_1_248' title='bbox 1098 3517 1157 3581; x_wconf 90' lang='lat' dir='ltr'>sub</span> <span class='ocrx_word' id='word_1_249' title='bbox 1182 3517 1248 3582; x_wconf 87' lang='lat' dir='ltr'>suis</span> 
     </span>
     <span class='ocr_line' id='line_1_29' title="bbox 111 3625 1248 3710; baseline -0.002 -20"><span class='ocrx_word' id='word_1_250' title='bbox 111 3627 211 3691; x_wconf 89' lang='lat' dir='ltr'>certis</span> <span class='ocrx_word' id='word_1_251' title='bbox 227 3628 321 3691; x_wconf 89' lang='lat' dir='ltr'>metis</span> <span class='ocrx_word' id='word_1_252' title='bbox 338 3631 371 3691; x_wconf 89' lang='lat' dir='ltr'>et</span> <span class='ocrx_word' id='word_1_253' title='bbox 386 3627 529 3710; x_wconf 85' lang='lat' dir='ltr'>antiquis</span> <span class='ocrx_word' id='word_1_254' title='bbox 546 3679 552 3694; x_wconf 92' lang='lat'><strong>.</strong></span> <span class='ocrx_word' id='word_1_255' title='bbox 571 3678 576 3688; x_wconf 95' lang='lat'><strong>.</strong></span> <span class='ocrx_word' id='word_1_256' title='bbox 601 3627 799 3691; x_wconf 90' lang='lat' dir='ltr'>restituisset</span> <span class='ocrx_word' id='word_1_257' title='bbox 823 3626 968 3710; x_wconf 89' lang='lat' dir='ltr'>predicte</span> <span class='ocrx_word' id='word_1_258' title='bbox 985 3625 1111 3690; x_wconf 90' lang='lat' dir='ltr'>domine</span> <span class='ocrx_word' id='word_1_259' title='bbox 1129 3627 1248 3708; x_wconf 90' lang='lat' dir='ltr'>regine,</span> 
     </span>
     <span class='ocr_line' id='line_1_30' title="bbox 115 3733 1249 3818; baseline 0.001 -21"><span class='ocrx_word' id='word_1_260' title='bbox 115 3740 152 3797; x_wconf 87' lang='lat' dir='ltr'>et</span> <span class='ocrx_word' id='word_1_261' title='bbox 176 3754 234 3816; x_wconf 92' lang='lat' dir='ltr'>per</span> <span class='ocrx_word' id='word_1_262' title='bbox 259 3755 330 3799; x_wconf 90' lang='lat' dir='ltr'>eam</span> <span class='ocrx_word' id='word_1_263' title='bbox 356 3735 395 3799; x_wconf 90' lang='lat' dir='ltr'>iis</span> <span class='ocrx_word' id='word_1_264' title='bbox 421 3733 537 3818; x_wconf 90' lang='lat' dir='ltr'>quibus</span> <span class='ocrx_word' id='word_1_265' title='bbox 571 3733 683 3798; x_wconf 88' lang='lat' dir='ltr'>eadem</span> <span class='ocrx_word' id='word_1_266' title='bbox 711 3733 839 3798; x_wconf 87' lang='lat' dir='ltr'>domina</span> <span class='ocrx_word' id='word_1_267' title='bbox 872 3733 1016 3798; x_wconf 83' lang='lat' dir='ltr'>conferre</span> <span class='ocrx_word' id='word_1_268' title='bbox 1047 3735 1249 3817; x_wconf 89' lang='lat' dir='ltr'>presencium</span> 
     </span>
     <span class='ocr_line' id='line_1_31' title="bbox 114 3839 1249 3926; baseline -0.003 -20"><span class='ocrx_word' id='word_1_269' title='bbox 114 3841 315 3906; x_wconf 86' lang='lat' dir='ltr'>auctoritate</span> <span class='ocrx_word' id='word_1_270' title='bbox 347 3841 536 3926; x_wconf 85' lang='lat' dir='ltr'>dignaretur</span> <span class='ocrx_word' id='word_1_271' title='bbox 564 3849 719 3926; x_wconf 89' lang='lat' dir='ltr'>perpetuo</span> <span class='ocrx_word' id='word_1_272' title='bbox 744 3841 1016 3926; x_wconf 89' lang='lat' dir='ltr'>possidendam..</span> <span class='ocrx_word' id='word_1_273' title='bbox 1049 3839 1173 3905; x_wconf 91' lang='lat' dir='ltr'>nullum</span> <span class='ocrx_word' id='word_1_274' title='bbox 1199 3841 1249 3905; x_wconf 89' lang='lat' dir='ltr'>ius</span> 
     </span>
     <span class='ocr_line' id='line_1_32' title="bbox 111 3947 1250 4034; baseline 0 -22"><span class='ocrx_word' id='word_1_275' title='bbox 111 3949 307 4032; x_wconf 85' lang='lat' dir='ltr'>nullamque</span> <span class='ocrx_word' id='word_1_276' title='bbox 333 3949 412 4014; x_wconf 90' lang='lat' dir='ltr'>iuris</span> <span class='ocrx_word' id='word_1_277' title='bbox 437 3951 670 4034; x_wconf 88' lang='lat' dir='ltr'>proprietatem</span> <span class='ocrx_word' id='word_1_278' title='bbox 698 3949 758 4014; x_wconf 89' lang='lat' dir='ltr'>sibi</span> <span class='ocrx_word' id='word_1_279' title='bbox 775 3947 967 4014; x_wconf 83' lang='lat' dir='ltr'>reservando</span> <span class='ocrx_word' id='word_1_280' title='bbox 993 3949 1032 4012; x_wconf 91' lang='lat' dir='ltr'>de</span> <span class='ocrx_word' id='word_1_281' title='bbox 1057 3948 1188 4028; x_wconf 74' lang='lat' dir='ltr'>eadem,</span> <span class='ocrx_word' id='word_1_282' title='bbox 1212 3969 1250 4012; x_wconf 88' lang='lat' dir='ltr'>ac</span> 
     </span>
     <span class='ocr_line' id='line_1_33' title="bbox 109 4056 1249 4141; baseline -0.001 -20"><span class='ocrx_word' id='word_1_283' title='bbox 109 4057 279 4141; x_wconf 88' lang='lat' dir='ltr'>predictas</span> <span class='ocrx_word' id='word_1_284' title='bbox 295 4057 376 4123; x_wconf 88' lang='lat' dir='ltr'>duas</span> <span class='ocrx_word' id='word_1_285' title='bbox 403 4059 495 4123; x_wconf 90' lang='lat' dir='ltr'>dotes</span> <span class='ocrx_word' id='word_1_286' title='bbox 520 4065 551 4123; x_wconf 91' lang='lat' dir='ltr'>et</span> <span class='ocrx_word' id='word_1_287' title='bbox 575 4079 628 4124; x_wconf 88' lang='lat' dir='ltr'>res</span> <span class='ocrx_word' id='word_1_288' title='bbox 644 4058 916 4141; x_wconf 87' lang='lat' dir='ltr'>parorphornales</span> <span class='ocrx_word' id='word_1_289' title='bbox 948 4057 1166 4140; x_wconf 88' lang='lat' dir='ltr'>predictarum</span> <span class='ocrx_word' id='word_1_290' title='bbox 1192 4056 1249 4120; x_wconf 93' lang='lat' dir='ltr'>du-</span> 
     </span>
     <span class='ocr_line' id='line_1_34' title="bbox 110 4165 1249 4249; baseline 0 -21"><span class='ocrx_word' id='word_1_291' title='bbox 110 4186 209 4228; x_wconf 87' lang='lat' dir='ltr'>arum</span> <span class='ocrx_word' id='word_1_292' title='bbox 225 4165 428 4231; x_wconf 88' lang='lat' dir='ltr'>dominarum</span> <span class='ocrx_word' id='word_1_293' title='bbox 446 4187 484 4231; x_wconf 91' lang='lat' dir='ltr'>ac</span> <span class='ocrx_word' id='word_1_294' title='bbox 501 4173 652 4249; x_wconf 90' lang='lat' dir='ltr'>quartam</span> <span class='ocrx_word' id='word_1_295' title='bbox 669 4187 760 4231; x_wconf 89' lang='lat' dir='ltr'>suam</span> <span class='ocrx_word' id='word_1_296' title='bbox 784 4165 926 4244; x_wconf 87' lang='lat' dir='ltr'>filialem,</span> <span class='ocrx_word' id='word_1_297' title='bbox 951 4186 1013 4249; x_wconf 92' lang='lat' dir='ltr'>que</span> <span class='ocrx_word' id='word_1_298' title='bbox 1037 4165 1075 4230; x_wconf 95' lang='lat' dir='ltr'>de</span> <span class='ocrx_word' id='word_1_299' title='bbox 1092 4165 1249 4229; x_wconf 86' lang='lat' dir='ltr'>universis</span> 
     </span>
     <span class='ocr_line' id='line_1_35' title="bbox 109 4272 1248 4356; baseline -0.002 -18"><span class='ocrx_word' id='word_1_300' title='bbox 109 4273 371 4356; x_wconf 87' lang='lat' dir='ltr'>possessionibus</span> <span class='ocrx_word' id='word_1_301' title='bbox 386 4274 530 4356; x_wconf 87' lang='lat' dir='ltr'>paternis</span> <span class='ocrx_word' id='word_1_302' title='bbox 547 4273 608 4338; x_wconf 90' lang='lat' dir='ltr'>sibi</span> <span class='ocrx_word' id='word_1_303' title='bbox 619 4272 659 4338; x_wconf 89' lang='lat' dir='ltr'>de</span> <span class='ocrx_word' id='word_1_304' title='bbox 670 4274 738 4338; x_wconf 90' lang='lat' dir='ltr'>iure</span> <span class='ocrx_word' id='word_1_305' title='bbox 755 4273 868 4338; x_wconf 91' lang='lat' dir='ltr'>cedere</span> <span class='ocrx_word' id='word_1_306' title='bbox 885 4273 1077 4356; x_wconf 88' lang='lat' dir='ltr'>potuissent,</span> <span class='ocrx_word' id='word_1_307' title='bbox 1088 4277 1248 4356; x_wconf 89' lang='lat' dir='ltr'>perpetuo</span> 
     </span>
     <span class='ocr_line' id='line_1_36' title="bbox 110 4381 1249 4466; baseline -0.003 -20"><span class='ocrx_word' id='word_1_308' title='bbox 110 4382 248 4446; x_wconf 90' lang='lat' dir='ltr'>silencio</span> <span class='ocrx_word' id='word_1_309' title='bbox 264 4381 326 4446; x_wconf 90' lang='lat' dir='ltr'>sibi</span> <span class='ocrx_word' id='word_1_310' title='bbox 351 4382 390 4446; x_wconf 93' lang='lat' dir='ltr'>de</span> <span class='ocrx_word' id='word_1_311' title='bbox 417 4382 536 4447; x_wconf 88' lang='lat' dir='ltr'>eisdem</span> <span class='ocrx_word' id='word_1_312' title='bbox 552 4381 676 4446; x_wconf 89' lang='lat' dir='ltr'>iuribus</span> <span class='ocrx_word' id='word_1_313' title='bbox 696 4389 834 4466; x_wconf 86' lang='lat' dir='ltr'>recepto,</span> <span class='ocrx_word' id='word_1_314' title='bbox 858 4381 962 4446; x_wconf 87' lang='lat' dir='ltr'>eidem</span> <span class='ocrx_word' id='word_1_315' title='bbox 987 4382 1114 4446; x_wconf 90' lang='lat' dir='ltr'>domine</span> <span class='ocrx_word' id='word_1_316' title='bbox 1140 4381 1249 4462; x_wconf 90' lang='lat' dir='ltr'>regine</span> 
     </span>
     <span class='ocr_line' id='line_1_37' title="bbox 110 4487 1250 4573; baseline -0.001 -21"><span class='ocrx_word' id='word_1_317' title='bbox 110 4489 246 4573; x_wconf 90' lang='lat' dir='ltr'>penitus</span> <span class='ocrx_word' id='word_1_318' title='bbox 263 4497 297 4554; x_wconf 92' lang='lat' dir='ltr'>et</span> <span class='ocrx_word' id='word_1_319' title='bbox 313 4490 347 4552; x_wconf 93' lang='lat' dir='ltr'>in</span> <span class='ocrx_word' id='word_1_320' title='bbox 363 4495 432 4555; x_wconf 86' lang='lat' dir='ltr'>toto</span> <span class='ocrx_word' id='word_1_321' title='bbox 449 4491 643 4555; x_wconf 84' lang='lat' dir='ltr'>auctoritate</span> <span class='ocrx_word' id='word_1_322' title='bbox 654 4491 855 4572; x_wconf 91' lang='lat' dir='ltr'>presencium</span> <span class='ocrx_word' id='word_1_323' title='bbox 864 4488 1028 4554; x_wconf 89' lang='lat' dir='ltr'>mediante</span> <span class='ocrx_word' id='word_1_324' title='bbox 1046 4537 1053 4552; x_wconf 88' lang='lat'><strong>.</strong></span> <span class='ocrx_word' id='word_1_325' title='bbox 1070 4537 1076 4551; x_wconf 94' lang='lat'>.</span> <span class='ocrx_word' id='word_1_326' title='bbox 1093 4487 1250 4552; x_wconf 85' lang='lat' dir='ltr'>relaxavit</span> 
     </span>
     <span class='ocr_line' id='line_1_38' title="bbox 110 4595 1251 4679; baseline -0.004 -15"><span class='ocrx_word' id='word_1_327' title='bbox 110 4617 224 4664; x_wconf 84' lang='lat' dir='ltr'>eoram</span> <span class='ocrx_word' id='word_1_328' title='bbox 257 4595 368 4676; x_wconf 81' lang='lat' dir='ltr'>nobis3</span> <span class='ocrx_word' id='word_1_329' title='bbox 399 4599 549 4662; x_wconf 78' lang='lat' dir='ltr'>universa</span> <span class='ocrx_word' id='word_1_330' title='bbox 573 4598 789 4661; x_wconf 89' lang='lat' dir='ltr'>instrumenta</span> <span class='ocrx_word' id='word_1_331' title='bbox 819 4595 1034 4679; x_wconf 80' lang='lat' dir='ltr'>privilegialis</span> <span class='ocrx_word' id='word_1_332' title='bbox 1065 4601 1098 4659; x_wconf 88' lang='lat' dir='ltr'>et</span> <span class='ocrx_word' id='word_1_333' title='bbox 1128 4595 1251 4674; x_wconf 82' lang='lat' dir='ltr'>literae,</span> 
     </span>
     <span class='ocr_line' id='line_1_39' title="bbox 110 4703 1249 4787; baseline 0 -19"><span class='ocrx_word' id='word_1_334' title='bbox 110 4725 254 4786; x_wconf 88' lang='lat' dir='ltr'>quorum</span> <span class='ocrx_word' id='word_1_335' title='bbox 278 4704 327 4769; x_wconf 84' lang='lat' dir='ltr'>vel</span> <span class='ocrx_word' id='word_1_336' title='bbox 355 4723 491 4785; x_wconf 88' lang='lat' dir='ltr'>quarum</span> <span class='ocrx_word' id='word_1_337' title='bbox 517 4703 680 4786; x_wconf 85' lang='lat' dir='ltr'>vigoribus</span> <span class='ocrx_word' id='word_1_338' title='bbox 700 4703 834 4768; x_wconf 89' lang='lat' dir='ltr'>eandem</span> <span class='ocrx_word' id='word_1_339' title='bbox 859 4704 1023 4786; x_wconf 88' lang='lat' dir='ltr'>predictus</span> <span class='ocrx_word' id='word_1_340' title='bbox 1055 4709 1148 4787; x_wconf 88' lang='lat' dir='ltr'>pater</span> <span class='ocrx_word' id='word_1_341' title='bbox 1173 4725 1249 4768; x_wconf 87' lang='lat' dir='ltr'>suus</span> 
     </span>
    </p>
   </div>
   <div class='ocr_carea' id='block_1_5' title="bbox 0 0 1601 5470">
    <p class='ocr_par' dir='ltr' id='par_1_5' title="bbox 0 0 1601 5470">
     <span class='ocr_line' id='line_1_40' title="bbox 0 0 1601 5470; baseline 0 0"><span class='ocrx_word' id='word_1_342' title='bbox 0 0 1601 5470; x_wconf 95' lang='lat' dir='ltr'> </span> 
     </span>
    </p>
   </div>
  </div>
 </body>
</html>
