3180 5466
563 529 659 594 1351.
676 537 747 594 uir.
768 535 817 596 17.
1174 527 1240 594 493

110 711 205 793 regis,
222 709 359 776 Nicolao
375 711 548 794 Agriensis
567 711 776 775 ecclesiarum
794 710 972 794 prepositis,
991 709 1161 793 magnifico
1176 711 1245 775 viro

110 818 249 884 Nicolao
265 818 332 883 filio
357 819 524 883 Petheuch
543 817 705 899 quondam
731 818 863 883 voivoda
880 817 1118 897 Transsilvano,
1143 821 1244 902 magi·

112 927 190 990 stris
209 925 377 1008 Stephano
392 924 460 990 filio
475 925 638 990 Dominici
663 925 740 990 dicti
765 924 881 990 Bubelr
907 927 1022 990 comite
1038 926 1247 1009 Liptoriensi,

112 1033 251 1099 Nicolao
267 1035 490 1119 protonotario
507 1034 628 1099 domini
644 1031 774 1098 Nicolai
790 1035 882 1116 regni
893 1034 1085 1118 Hungariae
1101 1035 1247 1118 palatini,

113 1148 150 1206 et
167 1143 241 1206 aliis
259 1142 506 1225 quamplurimis
522 1141 615 1224 regni
626 1140 814 1224 proceribus
824 1141 990 1208 nobiscum
1005 1142 1149 1207 tribunal
1166 1143 1247 1208 iudi-

113 1249 198 1314 ciale
215 1250 468 1333 consedentibus,
484 1257 616 1316 matura
641 1256 672 1314 et
699 1251 859 1313 communi
884 1249 1118 1316 deliberacione
1134 1250 1248 1334 preha-

111 1358 193 1435 bita,
218 1360 326 1442 ipsum
352 1359 554 1443 Stephanum
579 1359 680 1423 iihum
707 1359 886 1438 Michaelis,
912 1381 971 1442 pro
995 1360 1153 1442 premissa
1178 1379 1248 1442 per·

113 1467 228 1530 ennsli
243 1467 497 1550 possessionaria
513 1467 668 1531 divisione
684 1467 883 1532 retraccione
911 1474 944 1532 et
962 1466 1106 1532 indebita
1127 1467 1248 1550 aquisi-

112 1577 206 1640 cione
223 1575 308 1641 dicte
325 1573 533 1640 dimidietatis
550 1574 713 1640 dictarum
731 1580 870 1660 quatuor
895 1575 1077 1652 sessionum,
1103 1575 1135 1638 in
1161 1575 1246 1640 facto

114 1705 198 1766 pene
226 1684 386 1750 calumnie
403 1683 528 1748 scilicet
537 1682 807 1749 calumniandum
823 1704 907 1766 pena
924 1684 1129 1766 puniendum,
1145 1682 1250 1766 priva·

113 1793 159 1856 tis
175 1791 326 1857 omnibus
342 1791 596 1873 possessionibus
622 1797 654 1856 ot
678 1789 932 1876 proprietatibus
948 1791 1090 1856 ciusdem
1115 1789 1252 1855 ubilibet

113 1901 147 1962 in
173 1920 276 1982 regno
300 1899 471 1982 Hungarie
496 1899 717 1976 existentibus,
743 1900 777 1964 in
802 1899 926 1964 duabus
951 1900 1098 1982 partibus
1129 1900 1250 1964 nostris

115 2007 308 2089 iudiciariis
323 2008 356 2071 in
372 2008 473 2072 tercia
499 2029 573 2073 vero
593 2014 685 2091 parte
702 2007 848 2092 parcium
868 2007 1076 2072 adversarum
1101 2007 1251 2073 manibus

117 2114 335 2198 devolvendis,
352 2115 452 2180 donec
467 2137 524 2201 per
548 2117 606 2181 hos
632 2137 770 2199 quorum
796 2115 990 2181 redemcioni
1014 2117 1118 2198 magis
1139 2137 1249 2180 conve·

117 2225 190 2287 nire
207 2223 429 2302 dinoscuntur,
439 2244 459 2286 a
469 2223 561 2288 nobis
577 2229 610 2287 ct
625 2222 774 2306 partibus
784 2222 926 2288 adversis
945 2223 1189 2300 redimerentur,
1200 2222 1253 2286 de·

115 2333 276 2396 crevimus
291 2331 470 2396 convictum
479 2331 624 2396 extitisse
634 2332 837 2414 presencium
847 2331 1029 2417 patrocinio
1039 2330 1202 2397 mediante
1220 2381 1227 2396 .
1244 2381 1251 2396 .

116 2441 244 2505 Datum
255 2439 357 2518 Bude,
373 2439 531 2506 sedecimo
547 2441 599 2505 die
615 2447 801 2506 octavarum
817 2440 889 2508 festi
908 2439 993 2504 beati
1009 2437 1142 2524 Georgii
1168 2461 1252 2504 mar-

116 2548 190 2613 tiris
215 2547 446 2630 predictarum,
468 2569 553 2613 anno
569 2547 690 2614 domini
715 2548 890 2613 Millesimo
915 2546 1036 2614 000ιηο
1052 2549 1252 2632 quinquage-

117 2658 200 2720 simo
220 2655 333 2738 primo.

229 2819 298 2867 Zold
311 2820 414 2881 selyem
427 2817 556 2868 zainbron
568 2821 653 2883 fiiggo
666 2817 758 2882 peccet
771 2819 948 2882 nyornaiva13
971 2817 1102 2881 credetije
1115 2819 1247 2868 Kcsztlre-

119 2911 185 2973 lyon
198 2925 215 2958 a
229 2924 270 2974 gr.
284 2911 419 2960 Festetics
432 2925 467 2960 cs.
481 2909 621 2974 ltaraban,
644 2910 816 2960 Castriferrei
831 2915 873 2960 33.

652 3239 725 3298 293.

122 3381 220 3444 1351.
239 3380 317 3464 mdj.
344 3379 394 3442 17.
421 3377 451 3444 A
477 3377 604 3462 nyitrai
628 3377 786 3465 lcdptalaa
817 3379 890 3444 elta
916 3381 1048 3445 Hotesrii
1068 3381 1171 3446 Luczk
1199 3404 1256 3464 epy

118 3487 334 3552 adcor-talbot
363 3483 556 3572 Toplafclu
577 3486 673 3570 fcldl,
698 3489 823 3573 vey‘dnelc
852 3485 950 3554 Szb'lre
976 3489 1132 3553 Pc‘tcrnclc
1148 3511 1163 3552 a
1181 3489 1258 3560 rioi-

601 3595 666 3657 nclt
691 3595 779 3658 a'tcd.

235 3737 424 3822 Capitulum
451 3737 584 3804 ecclesie
600 3737 777 3805 Nitriensis
794 3791 800 3804 .
818 3791 824 3804 .
848 3739 890 3804 ad
905 3741 1129 3806 universorum
1146 3791 1151 3802 .
1169 3793 1176 3808 .
1203 3762 1258 3805 no·

122 3847 237 3912 ticiam
253 3897 285 3913 ..
309 3848 457 3912 volumus
482 3840 657 3932 pervenire',
683 3846 770 3928 quod
801 3847 915 3914 Lachk
944 3846 1030 3912 filius
1062 3849 1186 3914 Thome
1219 3850 1259 3914 de

121 3954 285 4034 Hotesou,
303 3953 460 4020 Nicolaus
485 3952 637 4019 Andreas
663 3955 780 4020 Petrus
806 3961 838 4020 et
864 3955 1005 4022 Thomas
1030 3955 1090 4021 filii
1116 3957 1258 4022 eiusdem

124 4063 231 4128 nostri
257 4063 291 4126 in
317 4063 483 4145 presencia
509 4061 723 4145 personaliter
747 4063 923 4145 constituti,
948 4086 1048 4130 unam
1064 4065 1186 4130 curiam
1203 4085 1259 4129 seu

124 4171 305 4236 sessionem
320 4171 464 4256 ipsorum
480 4170 603 4235 Prilich
629 4175 776 4234 vocatam
802 4191 874 4234 cum
890 4173 1128 4255 quinquaginta
1144 4173 1259 4256 iugeri·

123 4279 187 4344 bus
213 4286 300 4344 terre
325 4277 482 4344 consvetis
508 4300 528 4344 a
552 4284 645 4364 parte
670 4276 745 4342 ville
762 4277 889 4362 'lhopla
912 4280 1144 4358 adiacentibus,
1160 4281 1260 4346 Petro

124 4387 214 4453 dicto
231 4387 343 4451 Zeuke
359 4407 475 4470 sponso
492 4407 549 4451 suo
567 4391 599 4451 et
615 4407 673 4469 per
689 4407 761 4452 eum
780 4384 944 4472 Stephano
961 4389 1060 4454 Petro
1071 4396 1105 4453 et
1114 4389 1139 4453 J
1140 4389 1258 4454 ohanni

125 4495 206 4560 filiis
223 4494 368 4560 eiusdem
384 4493 567 4560 retulerunt
584 4543 590 4557 .
607 4545 614 4560 .
639 4495 812 4560 contulisse
829 4501 863 4559 et
881 4496 984 4560 nostri
1000 4497 1033 4560 in
1049 4497 1215 4578 presencia
1231 4545 1238 4560 .
1255 4545 1262 4560 .

125 4604 312 4670 dederunt.
330 4653 337 4667 .
361 4603 430 4667 iure
447 4609 602 4689 perpetuo
620 4652 650 4668 ..
674 4602 706 4668 in
724 4603 805 4666 lilios
829 4601 970 4669 filiorum
987 4601 1189 4667 etheredum
1206 4624 1263 4687 per

126 4713 314 4778 heredes..
349 4711 621 4796 possidendam..
662 4711 786 4776 Datum
818 4731 875 4795 per
908 4732 1022 4776 manus
1039 4759 1070 4776 ..
1112 4711 1262 4794 magistri
