3226 5462
666 1313 694 1374 1.

116 1487 363 1570 1347.jao.18.
388 1491 419 1552 A
442 1489 801 1575 param-szcretbeaedeki
826 1501 952 1555 convent
978 1491 1247 1580 bizoiryedpleoele,

111 1597 192 1680 boqy
208 1620 231 1659 a
245 1596 411 1660 bis-sarlei
427 1597 542 1678 Polfia
553 1599 664 1663 latoria
679 1622 694 1661 a
710 1599 832 1662 Kortia·
845 1599 949 1664 Jonas
959 1602 990 1663 te
1000 1597 1132 1664 Andros
1149 1601 1248 1666 lozotc

102 1701 434 1790 ¹fririfoopott,itppben
459 1730 490 1769 ez
513 1705 662 1770 utdbde'ab
686 1731 707 1770 a
731 1705 895 1772 odtaaztott
921 1707 1014 1771 took
1039 1708 1149 1772 orbae
1173 1733 1244 1774 uem
1318 1754 1323 1766 ι

569 1813 731 1900 foqadtdk
747 1815 783 1880 el.

219 1992 290 2059 Nos
307 2000 479 2060 conventus
494 1992 684 2061 monasterii
700 1995 804 2060 sancti
821 1995 992 2062 Benedicti
1009 1996 1241 2065 iuxtafluvium

109 2099 224 2166 Geron
241 2102 357 2168 damus
372 2123 431 2187 pro
447 2103 611 2186 memoria,
629 2103 799 2188 quodcum
816 2103 992 2170 secundum
1007 2107 1243 2174 continenciam

105 2209 254 2292 priorum
286 2211 455 2276 literarum
492 2217 678 2276 nostrarum
711 2211 947 2276 memorialium
978 2209 1145 2296 Stephano
1176 2212 1243 2280 filio

106 2317 206 2382 Pauli
223 2317 264 2383 de
280 2318 487 2403 Kyussarleu
502 2319 544 2383 ab
560 2339 633 2402 una,
658 2317 684 2384 J
684 2319 811 2384 ohanne
829 2319 896 2386 fiiio
912 2317 1043 2387 Nicolai
1059 2327 1092 2385 et
1106 2319 1242 2388 Andros
1255 2387 1257 2394 ,

105 2425 146 2489 de
163 2425 301 2510 Kymth
318 2477 324 2490 .
342 2477 349 2492 .
365 2448 425 2511 pro
440 2425 575 2493 Andrea
591 2425 746 2492 Ladislao
771 2433 805 2492 et
828 2427 989 2492 Farkasio
1004 2425 1080 2493 filiis
1096 2428 1240 2494 eiusdem

104 2531 240 2598 Nicolai
255 2541 349 2619 parte
360 2534 401 2600 ab
412 2535 524 2618 altera,
540 2534 701 2600 mediante
723 2533 824 2600 nobili
840 2535 908 2600 viro
924 2535 1051 2602 Thema
1065 2535 1132 2602 tilio
1148 2537 1242 2604 Beud

105 2641 146 2707 de
167 2642 279 2708 Malas
295 2664 402 2710 coram
420 2643 512 2708 nobis
529 2692 536 2707 .
554 2693 561 2708 .
578 2643 771 2726 constitutis,
786 2643 987 2728 propositum
996 2644 1193 2729 pereosdem
1209 2695 1216 2712 .
1233 2694 1241 2712 .

104 2750 311 2815 exstitisset.
328 2803 335 2815 .
352 2750 438 2834 qnod
453 2751 487 2815 in
504 2752 609 2816 causis
633 2751 719 2817 inter
743 2751 830 2835 ipsos
845 2753 941 2816 motis
958 2801 964 2816 .
981 2802 988 2816 .
1005 2751 1240 2837 composicione

101 2857 283 2942 proborum
300 2864 333 2924 et
350 2857 505 2924 nobilium
515 2859 656 2924 virorum
670 2859 910 2940 interveniente,
922 2881 956 2925 se
966 2860 1101 2926 arbitrio
1117 2859 1238 2926 submi·

99 2967 223 3032 sissent
250 3016 281 3032 ..
307 2989 344 3032 eo
370 2965 472 3049 modo,
497 2966 584 3050 quod
608 2967 642 3030 in
673 2969 795 3033 octavis
827 2967 915 3033 beati
940 2966 1073 3034 Andree
1099 2967 1237 3052 apostoli

99 3075 250 3158 proxime
275 3075 450 3160 preteritis,
474 3073 617 3160 quelibet
640 3096 718 3159 pars
743 3081 883 3157 quatuor
907 3074 1023 3159 probos
1049 3081 1081 3140 et
1112 3076 1236 3143 nobiles

99 3184 188 3250 viros
213 3183 257 3249 ad
288 3184 520 3269 possessionem
545 3183 710 3269 Wezekyn
741 3184 901 3250 adducere
933 3183 1095 3252 debuisset
1123 3191 1234 3251 nostro

99 3294 289 3359 testimonio
308 3301 467 3380 presente,
483 3301 516 3358 et
532 3293 683 3375 quitquid
699 3295 762 3378 ipsi
777 3293 871 3380 probi
887 3301 920 3361 et
935 3294 1058 3360 nobiles
1075 3295 1136 3360 viri
1153 3295 1238 3361 inter

97 3403 191 3486 ipsas
208 3409 319 3487 partes
335 3402 485 3468 arbitrati
501 3401 708 3486 exstitissent,
724 3403 891 3487 subponis
907 3403 940 3467 iu
956 3401 1119 3486 prioribus
1134 3401 1238 3469 literis

99 3511 222 3576 nostris
238 3510 399 3594 expressis
424 3515 594 3594 acceptare
620 3508 813 3575 debuissent
840 3510 886 3576 Et
913 3531 986 3575 cum
1012 3510 1089 3595 ipsis
1116 3511 1237 3577 octavis

99 3618 189 3683 beati
200 3618 337 3684 Andree
346 3618 484 3703 apostoli
493 3619 733 3684 occurrentibus
744 3618 837 3702 probi
847 3627 881 3684 et
888 3617 1013 3684 nobiles
1022 3619 1084 3684 viri
1095 3624 1244 3685 unacum

98 3724 204 3790 fratre
224 3725 358 3792 Andrea
372 3733 482 3792 nostro
498 3726 682 3792 testimonio
699 3727 860 3812 adipeam
876 3727 1110 3811 possessionem
1119 3725 1235 3792 Weaa·

97 3833 165 3918 kyn
181 3833 325 3914 adducti,
340 3842 475 3919 propter
491 3836 712 3918 gravissimam
737 3825 960 3901 infirmitatem
985 3834 1148 3900 Johannis
1173 3835 1234 3902 filii

97 3941 232 4009 Nicolai
247 3941 418 4008 arbitrium
434 3943 539 4008 facere
555 3965 618 4008 uon
643 3945 831 4026 potuissent,
857 3943 928 4008 ideo
952 3942 1134 4028 predictum
1150 3943 1233 4008 arbi-

95 4051 199 4116 trium
226 4050 286 4116 sub
311 4057 398 4116 statu
424 4058 457 4116 et
481 4052 588 4135 vigore
614 4052 757 4135 priorum
781 4051 951 4117 literarum
981 4055 1165 4116 nostrarum
1191 4051 1233 4116 ad

96 4161 294 4243 peticionem
319 4159 578 4244 supradictorum
595 4209 601 4224 .
618 4210 625 4224 .
642 4159 782 4224 virorum
798 4158 1020 4242 adductorum,
1047 4157 1232 4243 Stephanus
1319 4182 1322 4190 ·

97 4265 185 4332 filius
200 4267 301 4332 Pauli
314 4289 452 4334 unacum
461 4269 541 4354 ipsis
551 4269 592 4334 ad
602 4275 732 4334 octavas
747 4267 821 4334 festi
831 4268 1093 4354 Epiphaniarum
1109 4267 1231 4334 domini

96 4375 286 4441 immediate
301 4375 533 4458 subsequentes
547 4382 777 4460 prorogassent
792 4375 851 4441 tali
866 4375 969 4458 modo,
989 4375 1077 4456 quod
1092 4375 1184 4460 probi
1201 4384 1235 4441 et

95 4483 222 4549 nobiles
239 4483 300 4550 viri
325 4485 366 4550 ad
391 4483 588 4550 antedictum
612 4483 784 4550 arbitrium
810 4484 843 4549 in
868 4482 978 4548 villam
994 4483 1161 4568 Wezekyn
1176 4482 1233 4550 ubi

95 4593 235 4658 ecclesia
244 4583 362 4658 bea‘tiJ
363 4593 499 4658 ohannis
508 4591 659 4676 Baptista
667 4593 814 4673 habetur,
821 4591 1002 4658 adducendi
1012 4593 1078 4656 sive
1089 4591 1232 4670 adducti,

97 4723 240 4767 unacum
252 4707 362 4766 nostro
379 4701 561 4766 testimonio
577 4701 618 4766 ab
638 4701 707 4786 ipso
718 4701 852 4767 arbitrio
869 4721 1001 4785 surgere
1012 4721 1071 4764 uec
1083 4699 1231 4764 recedere

144 4837 301 4873 accusem
317 4823 488 4872 exuramus.
505 4837 529 4873 v.
540 4827 637 4872 sorar.
1109 4833 1121 4876 l
