3138 5462
492 426 726 500 ravenne.
1039 507 1043 516 ,
1123 429 1184 501 nv

65 608 126 679 lasti
141 617 326 680 sanctornm
342 611 486 698 Philippi
502 621 534 680 et
550 615 575 680 J
576 613 667 680 scobi
684 615 902 699 apostolorum
918 617 1083 694 antedicti,
1102 639 1186 683 anno

66 723 173 788 domini
190 733 226 788 ut
242 745 350 807 snpra.

159 887 183 935 Α
196 887 301 948 nyitrai
315 887 504 950 ktptslennak
520 891 596 938 1390.
610 893 663 938 oet.
675 888 756 938 ao-en
772 890 821 939 »ad
835 889 998 938 mandatnm
1010 889 1179 952 Sigisnruudi

65 977 282 1040 regisHungarie
305 977 437 1041 magistro
460 977 590 1027 Michaeli
604 977 637 1026 de
651 979 757 1043 Zeegh«
783 979 891 1028 kiadott
910 979 1070 1043 dtiratabbl,
1097 981 1181 1041 mely-

65 1068 108 1116 nek
128 1066 257 1130 ererletije
270 1083 387 1132 inegram
401 1083 433 1116 az
446 1083 514 1116 orsa.
526 1069 556 1116 lt.
571 1068 669 1116 kincst.
683 1077 750 1118 oezt.
764 1070 797 1118 N.
809 1071 842 1119 R.
856 1069 888 1118 A.
904 1074 964 1118 681.
981 1075 1021 1118 18.
1035 1070 1101 1132 dipl.
1115 1073 1180 1119 oszt.

65 1161 132 1206 398⁴.
146 1157 246 1206 szli:
268 1159 375 1206 Kovacs
389 1159 422 1206 N.

540 1319 700 1326 -—————-.

596 1486 647 1546 86.

65 1643 149 1705 1348.
169 1645 243 1726 rndj.
260 1645 292 1704 8.
312 1641 340 1706 Α
356 1643 474 1706 ὐόντκίἰ
488 1643 643 1728 ledpatalan
660 1643 728 1706 elb'tt
743 1644 1011 1723 Ldszlo'szerzatca
1028 1669 1049 1710 α
1066 1645 1184 1710 udrad-

108 1749 206 1812 olaszi
222 1751 428 1834 oprtczvilrnolr
444 1775 463 1812 e
481 1751 599 1814 uvr'rodi
613 1750 745 1837 beqybrrr
765 1775 820 1838 cpy
836 1753 940 1816 sztltta
955 1754 1138 1836 ajdadc'lroz.

162 1909 352 1994 Capitulum
369 1913 501 1978 ecclesie
518 1913 743 1978 Waradiensis
761 1965 766 1978 .
784 1963 790 1976 .
808 1914 849 1977 ad
865 1915 1085 1979 universorum
1103 1915 1184 1981 noti-

62 2019 135 2081 ciam
153 2068 159 2081 .
178 2067 184 2081 .
200 2018 346 2083 volumus
363 2020 538 2102 pervenire,
555 2020 640 2103 quod
651 2022 843 2086 constitutus
856 2022 889 2085 in
902 2023 1004 2086 nostri
1020 2025 1185 2106 presencia

63 2127 105 2190 vir
120 2127 279 2190 discretus
295 2125 469 2192 Ladislaus
485 2128 634 2192 sacerdos
659 2129 890 2212 prebendarius
916 2130 1048 2196 ecclesie
1072 2138 1181 2196 nostre

61 2243 89 2298 et
112 2242 219 2299 rector
242 2235 365 2318 capelle
390 2235 478 2300 beati
502 2235 635 2300 Andree
660 2237 798 2320 apostoli
825 2283 854 2300 ..
880 2259 989 2302 coram
1015 2238 1106 2303 nobis
1131 2246 1180 2303 est

57 2342 320 2426 confessus,qnod
330 2345 398 2426 ipse
408 2343 523 2408 ductus
539 2344 708 2408 devocione
731 2366 827 2427 quarn
842 2345 940 2410 babet
953 2367 1030 2428 erga
1042 2353 1186 2411 sanctam

59 2451 185 2517 Annam
209 2459 347 2517 matrem
371 2454 485 2518 matris
515 2453 617 2518 nostri
649 2453 828 2531 salvatoris,
852 2453 1022 2535 volensque
1053 2460 1187 2518 terrena

56 2581 125 2624 cum
142 2561 314 2626 celestibus
330 2567 363 2625 et
379 2561 567 2626 transitoria
583 2581 655 2624 cum
671 2559 834 2644 perpetuis
859 2565 1056 2624 commutare
1072 2582 1109 2624 ac
1126 2561 1187 2625 sibi

56 2667 158 2732 locum
174 2690 350 2752 preparare
369 2669 402 2733 in
419 2669 549 2752 regione
573 2667 716 2732 fidelium
741 2669 929 2746 animarum,
954 2667 1078 2732 vineam
1095 2689 1186 2732 suam

56 2777 216 2841 emticiam
241 2777 308 2841 suis
328 2777 424 2842 rebus
449 2777 587 2860 propriis
613 2797 633 2839 a
658 2775 810 2840 Johanne
836 2795 989 2856 germano
1013 2773 1185 2840 Michaelis

56 2885 132 2948 dicti
159 2885 294 2950 'Parnnlr
319 2891 548 2970 comparatam,
572 2885 606 2948 in
630 2883 795 2948 territorio
813 2881 1021 2946 Waradiensi
1047 2883 1184 2946 existen-

54 2999 129 3071 tem,
150 2995 199 3059 cni
216 2993 258 3057 ab
274 3015 339 3057 nna
355 2998 449 3076 parte
467 2993 559 3056 vinea
574 2992 783 3074 magistratus
800 2988 913 3054 altaris
934 2991 1038 3054 sancti
1054 2989 1183 3056 Nicolai

52 3099 254 3178 confessoris,
278 3121 318 3164 ex
335 3099 440 3163 altera
464 3107 538 3162 vero
555 3099 647 3163 vinea
663 3097 791 3162 Nicolai
808 3097 885 3162 dicti
902 3097 1030 3180 Fogyas
1048 3099 1187 3163 vicinan-

51 3216 116 3286 tur,
134 3229 205 3272 cnm
221 3207 368 3272 omnibns
386 3259 392 3271 .
409 3256 416 3270 .
434 3206 640 3290 pertinenciis
656 3205 798 3270 eiusdem
815 3257 821 3269 .
838 3254 845 3268 .
862 3225 924 3286 qne
945 3225 1029 3270 nunc
1047 3214 1121 3271 sunt
1137 3207 1187 3271 vel

48 3339 122 3382 esse
151 3323 283 3399 possunt
298 3315 332 3379 in
348 3315 493 3379 futurum
509 3365 516 3378 .
533 3313 731 3378 donasset.
749 3363 755 3378 .
771 3313 840 3376 inre
866 3318 1022 3396 perpetuo
1040 3361 1046 3376 .
1063 3363 1070 3376 .
1087 3313 1187 3396 possi·

49 3425 194 3489 dendam
209 3473 216 3487 .
233 3475 239 3486 .
256 3423 391 3506 collegio
407 3443 553 3487 sororum
568 3423 601 3486 in
618 3421 760 3486 clanstro
785 3421 885 3502 ipsius
905 3419 997 3485 beate
1013 3419 1113 3486 Anne
1130 3421 1186 3485 ha·

47 3531 232 3596 bitancinm
247 3531 281 3594 in
297 3531 366 3594 vico
382 3529 598 3595 Veneciarnm
614 3529 771 3607 existenti,
791 3551 854 3613 qne
871 3529 1000 3612 quidem
1017 3529 1186 3592 sanctimo-

50 3639 164 3702 niales
178 3639 275 3704 vitam
292 3639 432 3702 activam
449 3644 696 3716 contemnentes,
718 3638 838 3703 crebris
865 3637 1067 3702 oracionibus
1083 3637 1188 3701 divine

45 3747 192 3829 pietatis
207 3746 413 3810 clemenciam
430 3743 708 3828 contemplantur3
725 3746 918 3810 renuncians
935 3767 1014 3827 pure
1026 3751 1058 3809 et
1068 3745 1188 3828 simpli·

44 3857 135 3919 riter
155 3856 241 3918 omni
256 3855 320 3918 iuri
346 3873 385 3917 ac
410 3853 602 3936 proprietati
632 3875 688 3917 sen
713 3852 862 3930 dominic,
886 3849 973 3933 qnod
998 3851 1140 3916 habebat
1155 3855 1188 3916 in

40 3966 148 4026 vinea
168 3961 354 4046 supradicta
370 4009 376 4023 .
394 4009 401 4023 .
418 3959 540 4024 Datum
557 3961 591 4024 in
607 3961 727 4026 octavis
752 3959 970 4044 apostolorum
996 3959 1140 4043 Philippi
1157 3969 1189 4025 et

35 4071 362 4148 Jacobibeatorum,
373 4091 456 4134 aurio
467 4069 587 4133 domini
598 4067 649 4133 M⁰
664 4065 762 4134 000ο
778 4065 882 4132 XL¹¹¹⁰
897 4073 1022 4148 octavo;
1038 4066 1186 4132 discretis

37 4182 126 4244 viris
169 4179 322 4263 Philippo
340 4179 511 4262 preposito,
536 4175 691 4241 Ladislao
710 4181 842 4253 rectore,
868 4175 1021 4240 Ladislao
1046 4182 1187 4258 cantore,

34 4285 225 4369 Gregorio
240 4286 371 4351 custode
387 4287 548 4350 canonicis
565 4307 603 4349 ac
618 4284 781 4367 magistris
800 4335 805 4347 .
823 4335 828 4348 .
846 4283 1066 4348 existentibus.

161 4451 196 4498 Α
208 4449 295 4511 penset
310 4449 384 4512 piros
397 4448 424 4496 ee
437 4448 500 4497 zbld
520 4446 755 4510 selyemsodraton
777 4448 862 4510 stigg;
881 4444 1011 4508 credetije
1024 4460 1057 4493 az
1071 4461 1140 4495 orsa.
1155 4447 1186 4497 lt.

31 4543 150 4590 lrincst.
169 4549 241 4587 oszt.
254 4541 328 4589 Mon.
342 4539 442 4587 Poaon.
457 4537 538 4588 fresi.
551 4537 618 4600 dipl.
632 4543 700 4587 oszt.
715 4542 793 4588 3987.
814 4537 913 4585 szli:
933 4535 1041 4584 Kovc'rcs
1055 4535 1088 4584 N.

598 4663 705 4670 -..-.........--

79 4743 257 4782 Asuouxosr
274 4733 447 4780 cantaveris.
466 4747 491 4780 v.
509 4736 602 4780 abner.
754 4771 760 4784 ,
1048 4738 1078 4784 12
