3180 5466
318 521 391 580 4761
667 533 851 578 arrouuom
869 519 1083 578 oulrlrrrlr.

318 702 370 760 tus
387 718 491 760 coines
517 696 639 759 Paulus
657 745 686 759 ..
711 696 853 778 capitulo
879 696 1012 759 ecclesie
1039 693 1243 760 Wachiensis
1271 695 1452 758 literatorie

318 804 494 880 scribendo,
516 803 696 867 amiciciam
724 825 833 868 eorum
859 804 1099 884 requisierat..
1124 809 1283 884 quatenus
1308 804 1454 886 ipsorum

318 913 485 976 mitterent
500 912 661 976 hominem
678 934 736 995 pro
761 912 945 976 testimonio
960 911 1022 976 fide
1043 914 1185 995 dignum,
1211 934 1275 996 quo
1301 917 1455 995 presente

318 1019 474 1084 Nicolaus
490 1019 576 1084 filius
592 1019 737 1102 Philippi
753 1020 802 1084 vel
819 1019 1002 1103 Stephanus
1019 1020 1124 1086 dictus
1135 1019 1313 1103 Wrdnngh
1329 1021 1369 1084 de
1382 1017 1453 1082 Ka-

318 1127 424 1206 landa‚
442 1134 499 1192 ant
515 1128 637 1193 Paulus
654 1127 739 1192 filius
755 1128 781 1193 J
782 1130 917 1194 ohannis
944 1129 982 1193 de
998 1129 1091 1214 Fige,
1116 1129 1181 1194 sive
1206 1111 1352 1193 Michael
1368 1127 1454 1194 filius

318 1236 479 1301 Jchaunis
505 1239 544 1302 de
570 1237 693 1301 Tornal
722 1237 796 1300 aliis
822 1236 1011 1301 absentibus
1036 1237 1132 1301 homo
1158 1239 1275 1320 regine,
1292 1237 1334 1301 ad
1355 1235 1455 1300 facies

318 1345 462 1427 ipsarum
478 1345 712 1428 possessionum
731 1343 894 1410 Sumlruth
911 1350 944 1409 et
960 1345 1109 1409 Roscsna
1119 1345 1367 1422 nominatarum,
1379 1367 1453 1428 par·

317 1455 480 1536 ticuleque
497 1459 581 1517 terre
599 1453 737 1536 litigiose
754 1453 920 1536 sexaginta
937 1454 1083 1535 iugerum
1103 1460 1265 1518 terrarum
1276 1458 1312 1517 ut
1328 1473 1450 1518 assere-

318 1566 416 1638 retur,
441 1562 481 1625 ad
508 1560 732 1642 predictasque
758 1561 972 1643 possessiones
999 1557 1160 1624 Sumlruth
1184 1567 1216 1624 et
1242 1559 1393 1624 Rososna
1418 1567 1455 1623 ut-

319 1668 413 1732 iidem
430 1669 578 1751 magistri
596 1668 620 1732 J
623 1668 765 1732 ohannes
791 1675 824 1732 et
848 1667 992 1732 Jacobus
1017 1667 1075 1732 filii
1099 1665 1280 1732 Alexandri
1307 1667 1456 1732 dicerent

320 1777 521 1859 pertinentis,
539 1777 705 1841 accederet
721 1784 753 1840 et
770 1827 776 1840 .
795 1827 800 1839 .
825 1776 980 1860 predictis
998 1775 1157 1858 Gregorio
1182 1776 1288 1841 Zekul
1308 1775 1397 1840 dicto
1422 1780 1454 1839 et

318 1885 480 1949 Michaele
498 1883 598 1948 fratre
616 1883 755 1949 eiusdem
775 1886 823 1948 vel
845 1891 1053 1967 procuratore
1079 1905 1187 1948 eorum
1214 1883 1369 1967 legitimis
1385 1883 1454 1949 illic

317 1991 459 2073 legitime
485 1993 674 2069 convocatis,
700 1992 940 2056 reambularet.
961 2043 967 2055 .
992 1999 1070 2056 et..
1095 1997 1255 2056 statueret
1280 2013 1336 2056 eas
1356 1992 1452 2056 dictis

320 2099 485 2181 magistris
502 2099 647 2163 Johanui
664 2107 696 2164 et
710 2099 834 2164 ..laccho
860 2099 935 2168 liliis
961 2099 1143 2164 Alexandri
1171 2103 1302 2178 cointe,
1321 2121 1386 2183 quo
1412 2103 1452 2165 ad

318 2209 403 2290 ipsos
419 2209 580 2295 pertinere
598 2210 839 2273 dinoscerentur
855 2209 1026 2291 possidere,
1043 2209 1223 2292 predictam
1240 2210 1343 2274 eciam
1362 2217 1450 2274 terre

318 2315 511 2396 particulam
527 2315 702 2398 litigiosam
719 2316 777 2380 sub
795 2318 894 2399 signis
921 2319 1068 2400 superius
1094 2337 1158 2398 quo
1181 2337 1281 2400 supra
1306 2317 1452 2382 declara·

320 2424 360 2488 tis
377 2429 409 2488 ct
425 2425 621 2506 conscriptis,
639 2423 680 2488 ad
697 2427 825 2490 easdem
843 2427 969 2490 nomine
985 2427 1065 2491 iuris
1076 2427 1259 2492 eorumdem
1278 2429 1446 2510 magistro·

319 2555 392 2596 rum
408 2530 433 2595 J
435 2531 570 2597 ohannis
587 2541 620 2598 et
635 2533 753 2598 Jacobi
770 2535 913 2617 legitime
930 2536 1130 2618 applicanda,
1147 2538 1173 2600 si
1190 2559 1247 2619 per
1263 2538 1352 2619 ipsos
1369 2533 1451 2601 Gre-

318 2640 442 2722 gorium
459 2640 580 2706 dictum
596 2641 701 2706 Zelrul
718 2647 751 2705 et
767 2639 961 2706 Michaelem,
978 2642 1112 2708 fratrem
1129 2645 1280 2722 eiusdem,
1291 2651 1350 2708 aut
1369 2645 1449 2710 alios

318 2769 381 2811 non
392 2747 483 2812 fieret
493 2749 737 2827 contradictum,
748 2752 1000 2816 contradictores
1011 2757 1120 2816 autem
1132 2753 1158 2816 si
1170 2754 1225 2835 qui
1236 2751 1362 2831 fierent,
1373 2755 1450 2819 cita·

317 2862 367 2919 ret
377 2876 429 2920 eos
440 2863 553 2921 contra
568 2858 654 2939 ipsos
670 2858 842 2940 magistros
858 2859 1046 2924 ..iohannem
1061 2865 1094 2924 et
1103 2859 1129 2924 J
1130 2859 1266 2924 acobum
1287 2861 1449 2926 racionem

317 2963 581 3028 contradiccionis
599 2985 708 3028 eorum
724 2965 860 3030 indilate
876 2973 908 3030 et
924 2966 1046 3050 absque
1057 2968 1221 3049 amplioris
1238 2969 1450 3034 dissimulaci·

317 3069 386 3135 ciris
402 3070 507 3135 colore
523 3069 663 3135 finaliter
679 3073 861 3136 reddituros
878 3075 910 3137 in
923 3076 1089 3155 presencia
1106 3075 1193 3156 regie
1203 3077 1396 3154 maiestatis,
1407 3077 1448 3141 ad

296 3214 299 3224 ·
317 3180 489 3242 terminum
499 3186 744 3262 competentem3
755 3181 946 3262 particulam
958 3182 1117 3266 siquidem
1127 3183 1177 3246 vel
1188 3183 1366 3266 particulas
1377 3205 1446 3268 pos-

317 3287 535 3364 sessicnarias‚
552 3310 609 3370 per
625 3309 847 3371 quemcunque
864 3290 1060 3371 prohibitam
1076 3290 1125 3355 vel
1141 3291 1333 3374 prohibitas,
1350 3294 1449 3374 signis

317 3415 376 3476 pro
392 3396 485 3458 metis
502 3396 614 3476 positis
630 3396 856 3477 consignanda,
873 3403 905 3461 et
920 3399 1022 3480 regali
1041 3421 1192 3463 mensura
1217 3401 1243 3463 si
1269 3403 1449 3465 mensurari

318 3509 425 3583 posset
451 3503 665 3567 mensurando
682 3503 730 3567 vel
747 3505 816 3568 risu
833 3507 1072 3583 consideranda,
1088 3528 1226 3572 unacum
1251 3509 1324 3573 aliis
1340 3509 1449 3592 probis

318 3611 394 3675 viris
411 3613 577 3675 estimaret
602 3613 693 3694 regni
710 3614 936 3677 consveturline
957 3616 1113 3696 exigente,
1138 3621 1171 3678 et
1195 3615 1328 3698 posthec
1345 3665 1376 3679 ..
1402 3639 1448 3682 se

318 3720 398 3782 riem
417 3769 446 3782 ..
471 3721 573 3784 tocius
590 3720 667 3784 facti
686 3771 715 3784 ..
740 3721 826 3784 dicto
843 3723 970 3786 domino
996 3729 1106 3786 nostro
1132 3725 1199 3803 regi
1218 3772 1247 3785 ..
1272 3725 1448 3790 rescribere

319 3825 480 3890 debuisset
496 3827 673 3908 capitulum
692 3829 824 3892 ecclesie
840 3827 1047 3892 Wachiensis
1063 3836 1284 3894 memoratum.
1302 3831 1448 3897 Tandem

319 3936 532 4016 prescriptum
549 3935 727 4015 capitulum
744 3937 875 4000 ecclesie
895 3937 1096 4002 Wacbiensis
1112 3937 1239 4002 domino
1255 3945 1365 4004 nostro
1381 3942 1448 4024 regi

320 4045 531 4126 rescripserat
541 4045 573 4107 in
584 4045 671 4108 huuc
681 4045 829 4110 modum:
846 4047 932 4128 quod
945 4045 1128 4128 Stephanus
1139 4048 1179 4110 de
1188 4047 1344 4112 Kalauda
1353 4049 1449 4113 homo

318 4153 426 4233 regius
443 4157 476 4215 et
491 4154 647 4233 magister
664 4151 850 4235 Stephanus
866 4156 1038 4219 canonicus
1064 4161 1096 4220 et
1119 4155 1214 4220 homo
1239 4177 1277 4220 ac
1306 4157 1448 4222 testimo

318 4261 406 4323 nium
424 4260 509 4324 dicte
526 4261 658 4325 ecclesie
674 4263 881 4328 Wacbiensis
907 4263 989 4327 feria
1013 4264 1115 4328 tercia
1140 4266 1287 4347 proxima
1302 4271 1377 4348 post
1394 4264 1447 4330 do-

317 4367 466 4431 minicam
485 4369 780 4451 Ramispalmarum
792 4391 876 4434 anno
893 4370 1013 4435 domini
1031 4369 1105 4434 Μ1110
1116 4369 1236 4437 OOO‘no
1247 4371 1353 4436 XLm⁰
1365 4395 1448 4438 nono

317 4477 514 4558 preteritam,
530 4477 571 4541 ad
587 4477 684 4541 facies
701 4479 935 4559 possessionum
962 4476 1122 4543 Sumlruth
1140 4485 1171 4543 et
1190 4479 1341 4544 Rosusna
1359 4502 1448 4546 voca-

317 4591 424 4647 tarum
451 4592 483 4648 et
514 4584 656 4649 eiusdem
682 4586 840 4668 particule
864 4592 949 4650 terre
975 4586 1113 4669 litigiose
1139 4590 1307 4670 sexaginta
1336 4589 1449 4672 iugera

317 4698 402 4756 terre
420 4693 451 4756 in
470 4713 503 4756 se
520 4695 721 4776 continentis,
747 4701 784 4759 ut
807 4695 968 4762 diceretur
994 4696 1035 4759 ad
1051 4695 1212 4778 predictas
1231 4697 1448 4782 possessiones
