3188 5476
531 562 810 628 1352.nov.23..
1173 564 1233 624 621

96 739 221 800 extunc
236 736 383 800 universe
399 736 565 822 porciones
592 758 647 802 sne
672 739 922 821 possessionarie
946 737 1083 804 ubilibet
1098 740 1236 803 existen-

96 851 148 908 tes
167 896 174 909 .
192 894 198 908 .
224 849 339 909 contra
354 844 482 909 eosdem
497 843 580 910 filios
597 845 743 912 Ladislai
760 851 792 912 et
809 867 871 912 non
883 847 962 912 alios
979 853 1236 931 aggravarentur

95 971 136 1015 eo
163 950 250 1019 sacto
268 1002 297 1017 ..
322 953 446 1020 Datum
470 953 552 1020 feria
578 961 695 1038 quarta
720 956 866 1040 proxima
890 961 965 1039 post
990 955 1107 1021 festum
1122 961 1233 1022 sancte

96 1059 261 1144 Elizebet
278 1083 363 1129 anno
379 1062 500 1128 domini
516 1063 591 1128 M¹⁰⁰
616 1061 737 1132 000ῐῐὶο
754 1065 1019 1147 quinquagesimo
1040 1064 1188 1131 secunde.

209 1244 363 1310 Hbtlapjan
375 1245 467 1309 pecset
477 1247 654 1309 nyomaival;
673 1245 805 1308 eredotije
827 1261 860 1294 ez
874 1259 943 1294 orsz.
957 1246 988 1294 lt.
1002 1245 1101 1295 kinost.
1115 1250 1182 1296 oszt.
1197 1245 1231 1294 N.

95 1333 130 1380 R.
146 1333 181 1382 A.
194 1339 254 1383 707.
271 1337 312 1384 38.
327 1335 393 1398 dipl.
408 1341 475 1384 oszt.
494 1339 573 1385 4318.
592 1335 692 1384 szli:
712 1335 822 1385 Kovacs
841 1336 874 1384 N.

629 1701 703 1762 391.

98 1858 198 1919 1352.
216 1857 326 1936 Barla,
342 1880 413 1920 ooo.
430 1858 483 1919 23.
503 1859 528 1920 I.
547 1857 650 1944 Lajos
674 1859 786 1944 loir·de
803 1857 946 1922 Zbldoa‘r
963 1861 993 1921 e's
1019 1857 1128 1922 Wlseu·
1154 1867 1234 1922 nevil

97 1965 225 2050 Aspersa
240 1969 423 2052 orirmepyei
438 1966 564 2052 lriru'lya‘
580 1967 762 2030 birtelcolrot
778 1967 865 2030 Kont
881 1968 1001 2031 Miletos
1027 1968 1149 2053 erdelyi
1164 1971 1234 2052 caj-

270 2075 384 2138 dcinak
400 2099 414 2137 s
431 2075 618 2138 testve're'aek
636 2073 801 2138 Lb'lriisrrelc
818 2076 1071 2160 adoardnpozza

208 2253 279 2320 Nos
303 2255 531 2321 Lodovicus..
555 2275 656 2318 rex..
687 2253 904 2338 significamus
921 2305 951 2319 ..
977 2254 1063 2338 quod
1095 2274 1153 2319 nos
1186 2277 1234 2320 re-

96 2364 232 2429 censitis
249 2372 281 2429 et
297 2364 474 2452 recordatis
484 2362 698 2429 fidelitatibus
713 2370 745 2429 et
755 2363 898 2429 fidelium
909 2364 1115 2429 serviciorum
1125 2362 1234 2428 laude-

95 2469 207 2554 tlignis
233 2473 357 2537 meritis
392 2472 553 2556 magnifici
579 2474 638 2538 riri
664 2472 792 2538 Nicolai
815 2470 873 2536 filii
904 2472 1078 2538 Laurencii
1102 2471 1233 2536 voivode

95 2579 324 2644 Transsilvani
341 2587 373 2645 et
389 2580 521 2645 Leukus
537 2579 685 2663 magistri
701 2579 920 2662 dapiferorum
937 2584 1120 2642 nostrorum
1137 2578 1231 2642 comi-

94 2689 138 2752 tis
167 2687 342 2753 siculorum
368 2687 480 2752 fratris
505 2687 648 2752 eiusdem
675 2686 792 2751 uterini
815 2686 1006 2752 dilectorum
1032 2691 1065 2749 et
1090 2682 1232 2750 fidelium

94 2801 294 2879 nostrorum,
311 2797 426 2879 quibus
444 2796 506 2880 ipsi
522 2796 673 2860 continue
690 2802 722 2860 et
738 2796 807 2858 sine
834 2796 919 2861 omni
945 2793 1182 2860 intermissione
1200 2794 1232 2858 in

95 2905 225 2970 cunctis
242 2906 360 2970 nostris
378 2912 411 2970 et
426 2905 518 2987 regni
534 2904 638 2968 nostri
654 2903 795 2986 negociis
811 2925 849 2968 ac
869 2902 1128 2988 expedicionibus
1144 2923 1232 2985 pros-

90 3015 186 3097 peris
203 3013 327 3096 periter
342 3016 374 3077 et
390 3012 533 3076 adversis
549 3033 622 3076 oum
638 3033 762 3076 summa
788 3011 960 3095 diligencia
985 3017 1018 3076 et
1042 3011 1147 3076 votive
1171 3010 1232 3074 sol-

94 3119 268 3185 licitudine
284 3125 392 3185 nostre
417 3120 580 3184 maiestati
605 3119 799 3184 studuerunt
818 3121 1017 3203 complacere
1043 3127 1076 3184 et
1101 3140 1135 3183 se
1162 3116 1232 3181 red-

95 3227 175 3292 dere
193 3247 272 3311 erga
297 3234 441 3294 nostram
465 3228 667 3292 maiestatem
694 3229 855 3310 graciosos
881 3230 992 3312 utique
1018 3233 1050 3292 et
1075 3232 1232 3311 acceptos

94 3356 157 3417 pro
175 3334 294 3418 quibus
319 3335 450 3419 quidem
476 3335 542 3399 suis
567 3333 780 3399 fidelitatibus
806 3341 839 3400 et
863 3335 1006 3400 fidelium
1027 3335 1232 3401 serviciorum

94 3443 256 3526 preclaris
273 3443 406 3525 meritis,
421 3442 496 3506 licet
512 3441 574 3525 ipsi
590 3441 690 3507 multo
701 3441 797 3525 plura
813 3448 847 3506 et
865 3443 1023 3524 ampliora
1034 3466 1053 3508 a
1064 3441 1157 3506 nobis
1168 3461 1232 3506 me-

96 3557 223 3630 rentur,
240 3557 277 3616 ut
293 3556 403 3616 tamen
420 3570 530 3615 eorum
547 3549 688 3614 serviciis
704 3553 737 3614 et
753 3549 962 3616 fidelitatibus
974 3551 1015 3614 ad
1026 3569 1158 3634 presens
1174 3548 1231 3612 ali·

97 3664 263 3742 quatenus
279 3657 473 3744 respondere
489 3658 664 3735 videamur,
685 3657 841 3741 quasdam
866 3657 1080 3740 possessiones
1105 3663 1231 3722 nostras

93 3767 235 3851 regales,
251 3765 399 3832 videlicet
414 3765 584 3832 Zeuldwar
601 3771 634 3829 et
649 3764 765 3829 Wlseu
790 3771 919 3829 vocatas
936 3766 969 3828 in
989 3766 1143 3831 comitatu
1159 3764 1232 3829 Nit-

94 3875 199 3940 riensi
223 3876 406 3954 existentes,
431 3895 504 3940 cum
530 3895 640 3938 earum
657 3923 687 3940 ..
720 3873 926 3956 pertinenciis
957 3873 1114 3938 universis
1132 3925 1162 3938 ..
1195 3873 1228 3936 in

95 3982 268 4068 superficie
294 3984 479 4050 earumdem
505 3981 726 4056 existentibus,
751 3981 812 4046 sub
836 3981 954 4046 eisdem
980 3983 1062 4046 veris
1087 3981 1183 4048 metis
1200 3987 1233 4045 et

97 4092 256 4174 antiquis,
273 4092 391 4174 quibus
408 4092 536 4158 easdem
553 4089 744 4174 abantiquo
764 4110 866 4172 usque
883 4089 924 4155 ad
940 4090 1000 4155 hec
1015 4095 1161 4174 tempora
1177 4113 1231 4154 no-

95 4203 186 4265 mine
202 4206 313 4265 nostro
338 4199 428 4284 regio
454 4204 630 4265 tenuerunt
656 4204 688 4264 et
713 4198 971 4281 possederunt..
996 4197 1231 4264 donavimus..

96 4307 222 4374 eisdem
238 4308 409 4392 magnifico
425 4309 494 4375 viro
510 4307 648 4374 Nicolao
673 4307 739 4373 filio
765 4307 939 4374 Laurencii
965 4305 1096 4372 voivode
1113 4295 1229 4373 Trans-

95 4419 224 4483 silvano
240 4439 279 4483 ac
294 4415 426 4482 Leukue
442 4417 597 4500 magistro
623 4414 843 4500 dapiferorum
869 4421 1053 4480 nostrornm
1073 4421 1106 4480 et
1122 4417 1232 4480 comiti

96 4524 276 4591 siculorum
291 4525 387 4590 fratri
403 4524 546 4590 eiusdem
562 4525 689 4592 uterino
700 4531 733 4588 et
742 4545 800 4608 per
816 4545 869 4590 eos
885 4545 996 4589 eorum
1011 4523 1184 4590 heredibus
1201 4573 1206 4586 .
1225 4574 1231 4588 .

95 4633 171 4698 iure
185 4641 359 4718 perpetuo.
377 4682 383 4697 .
407 4633 633 4718 possidendas.
651 4685 658 4700 .
674 4634 739 4698 imo
755 4682 785 4698 ..
809 4633 1006 4698 donamus..
1032 4633 1231 4715 presencium

97 4744 183 4808 serie
199 4741 372 4822 mediante,
389 4743 486 4808 salvis
502 4747 611 4808 tamen
625 4741 749 4808 iuribus
765 4741 879 4808 alienis
896 4793 902 4808 .
920 4790 926 4804 .
950 4739 1075 4805 Datum
1085 4737 1187 4826 Bude,
1199 4740 1232 4804 in
