3180 5466
526 547 620 608 1351.
639 565 709 607 11116.
736 547 763 608 5.
1144 549 1206 609 529

93 731 275 810 quapropter
292 747 330 789 ex
346 725 529 790 sinceritate
549 726 746 790 consciencie
762 723 983 789 adjudicamus
999 725 1133 790 eandem
1150 727 1210 792 vil-

93 836 145 899 lam
159 857 229 900 cum
246 837 370 900 cunctis
396 837 464 900 eius
489 837 682 912 attinenciis,
708 835 852 918 apriore
880 856 918 899 ao
943 841 1100 900 conventu
1115 835 1209 900 vallis

92 945 183 1007 sancti
208 943 366 1008 Anthonii
398 950 565 1026 tamquam
590 943 652 1008 sibi
676 963 749 1008 vere
773 945 937 1027 propriam
954 946 1063 1026 quieto
1079 945 1149 1009 iure
1173 965 1211 1010 ac

92 1053 177 1116 libere
192 1052 436 1134 possidendam3
461 1053 596 1136 ideoque
613 1053 808 1118 auctoritate
833 1051 990 1134 generalis
1007 1053 1142 1135 capituli
1157 1073 1211 1117 no-

92 1160 131 1224 bis
146 1161 176 1222 in
190 1159 253 1224 hac
269 1167 362 1243 perte
379 1161 557 1237 commissa,
573 1161 769 1243 precipimus
790 1160 926 1238 eosdem,
943 1162 1084 1243 priorem
1100 1159 1210 1225 videli-

92 1275 134 1332 cet
149 1275 180 1332 ct
196 1277 388 1334 conventum
405 1270 501 1334 vallis
517 1270 621 1334 sancti
638 1267 797 1333 Anthonii
824 1290 920 1351 super
938 1269 1148 1334 restitucione
1164 1289 1211 1333 se·

91 1375 203 1458 pedicte
221 1377 295 1440 ville
313 1399 385 1443 cum
402 1380 468 1442 suis
485 1377 740 1442 circumstanciis
757 1398 776 1440 a
793 1377 901 1458 priore
918 1397 956 1440 ao
972 1383 1131 1442 conventu
1147 1375 1211 1443 La·

91 1484 163 1567 pidis
179 1485 310 1568 Refugii
328 1488 545 1570 qualicunque
564 1487 658 1551 modo
684 1486 870 1551 nullatenus
895 1487 1069 1570 molestari,
1094 1488 1211 1552 harum

91 1595 264 1658 testimonio
280 1595 445 1660 literarum
465 1595 643 1679 sigillorum
670 1601 853 1659 nostrorum
879 1595 1129 1678 appensionibus
1144 1617 1212 1659 mu-

91 1701 229 1768 nitarum.
254 1702 353 1768 Anno
370 1701 806 1768 1161111111Μ1116611116011111110
824 1703 1089 1786 quinquagesimo
1099 1705 1212 1786 primo,

91 1808 118 1870 in
133 1809 181 1873 die
198 1811 304 1874 sancti
321 1809 454 1875 Andree
474 1810 621 1893 apostoli.

187 1973 212 2020 A
234 1975 338 2036 szepesi
369 1973 559 2037 kaptalanualr
587 1978 663 2024 1355.
689 1977 769 2022 mart.
795 1973 856 2023 1-111
896 1974 1101 2024 »Theodericus
1130 1975 1206 2037 prior

90 2063 175 2112 domus
189 2065 270 2115 vallis
293 2064 382 2114 sancti
404 2063 540 2113 Anthonii
562 2064 591 2113 in
611 2063 739 2113 districtu
762 2064 867 2113 Donaiz
882 2064 986 2114 ordinis
1011 2064 1209 2115 cartusiensis<

89 2153 230 2202 terelmere
246 2154 392 2218 »religioso
406 2155 464 2203 viro
479 2156 564 2203 fratre
577 2153 721 2202 Herbordo
737 2153 827 2216 priore
837 2153 1067 2220 LapidisRefugh'
1076 2157 1106 2205 in
1120 2169 1169 2205 sua
1179 2169 1211 2205 ac

89 2251 233 2294 conventus
246 2245 289 2295 sui
302 2246 424 2308 personis
438 2245 530 2295 omnia
544 2251 571 2294 et
584 2245 694 2310 singula
707 2245 736 2294 in
749 2245 879 2307 predictis
892 2247 982 2296 literis
995 2252 1127 2296 contenta
1145 2247 1212 2296 rati·

90 2336 183 2384 licente
194 2341 222 2386 61
235 2336 422 2399 adprobante«
437 2335 547 2384 kiadott
559 2334 718 2399 atirattbbl,
741 2335 872 2397 melynek
894 2336 963 2386 felttl
976 2338 1212 2402 chyrographum·

88 2427 136 2474 mal
151 2441 162 2473 6
176 2439 253 2474 seres
266 2426 370 2486 selyem
380 2425 510 2476 sodraton
521 2425 605 2489 tuggo
619 2424 749 2487 pecsettel
768 2426 881 2475 ellatott
893 2426 1024 2490 eredetije
1043 2441 1162 2492 megvan
1180 2441 1212 2476 az

86 2530 147 2563 orsz.
161 2517 194 2564 lt.
209 2514 276 2578 dipl.
290 2521 358 2565 oszt.
372 2519 477 2579 30,65'1.
497 2515 596 2564 Kdzli:
616 2514 725 2564 Kovacs
743 2515 777 2564 N.

568 2711 727 2719 ——.—=---=

610 2893 683 2955 325.

88 3053 177 3117 1351.
195 3053 259 3118 dec.
276 3053 306 3118 5.
323 3050 354 3116 A
370 3053 505 3138 zc'pra'bz'
529 3053 688 3138 kdptodcn
713 3053 784 3118 61111
810 3052 921 3139 Fyacb
939 3051 993 3132 fia
1011 3050 1210 3140 (1911699166-

86 3163 230 3224 inscrebat
245 3185 362 3242 vsternes,
380 3161 705 3248 Mopcrszentbefbldc
724 3170 806 3226 116611
816 3163 956 3228 1111616611
969 3163 1117 3228 Lcudvai
1127 3163 1212 3227 Mik-

82 3270 125 3334 lo's
140 3271 450 3357 zulotfdiapcinnck
475 3273 625 3352 eladcdn,
646 3297 664 3336 a
682 3273 842 3358 ltdptclon
857 3273 1047 3358 ktkddeuje
1067 3273 1149 3338 611161
1173 3295 1212 3336 az

343 3380 462 3444 61661611
477 3381 581 3445 1111616
596 3381 733 3445 tutaret
746 3385 952 3468 mcpjctratjo.

199 3539 268 3605 Nos
280 3541 456 3624 capitulum
468 3540 699 3624 Zagrabiensis
709 3541 841 3608 ecclesie
851 3541 1087 3624 significamus.
1104 3590 1110 3605 .
1128 3541 1214 3624 quod

81 3645 245 3733 Georgius
254 3647 341 3713 filius
350 3648 461 3732 Fyach
470 3647 529 3712 filii
535 3647 670 3731 Georgii
682 3649 760 3714 dicti
771 3645 880 3714 Gerek
896 3647 1011 3713 nobilis
1022 3647 1060 3712 de
1073 3647 1212 3716 Kamar-

81 3758 140 3822 cha
157 3759 192 3822 in
209 3757 312 3821 nostri
321 3757 488 3840 presencia
507 3756 721 3840 personaliter
738 3755 941 3832 constitutus,
959 3754 1122 3838 quandam
1138 3775 1211 3838 pos·

79 3867 256 3930 sessionem
272 3885 364 3929 suam
373 3864 506 3929 totalem
517 3862 872 3946 Mogerscentheleulde
889 3869 1033 3931 vocatam
1051 3863 1084 3926 in
1101 3861 1214 3936 eadem

83 3973 277 4038 Kamarcha
288 3973 488 4048 existentem,
498 3971 594 4035 titulo
605 3971 756 4036 emcionis
767 3977 800 4034 et
814 3971 1040 4053 acquisicionis
1051 3970 1092 4034 ad
1108 3970 1214 4053 ipsum

78 4081 275 4158 devolutam,
286 4081 380 4144 metis
391 4079 606 4162 infrascriptis
617 4079 802 4144 conclusam
812 4085 845 4143 et
856 4079 1127 4162 comprehensam,
1139 4099 1211 4142 cum

78 4189 246 4254 omnibus,
263 4237 269 4250 .
287 4189 353 4252 suis
363 4187 569 4271 pertinenciis
580 4235 604 4250 ..
621 4187 704 4251 sicut
714 4205 784 4250 eam
795 4186 863 4268 ipse
873 4186 979 4249 tenuit
989 4191 1021 4250 et
1030 4186 1190 4269 possedit.
1209 4237 1213 4248 .

78 4297 246 4362 coufessus
263 4303 313 4360 ost
338 4316 371 4360 66
397 4294 621 4360 vendidisse..
646 4292 817 4376 magnifico
841 4294 909 4357 viro
925 4292 1054 4357 domino
1078 4292 1214 4357 Nicolao

78 4407 221 4473 condam
237 4407 338 4471 totius
355 4405 523 4471 Sclavenie
539 4405 632 4486 bano,
649 4425 734 4468 nunc
750 4423 824 4468 vero
841 4405 950 4468 comiti
966 4401 1162 4480 Zaladiensi,
1182 4407 1215 4464 et

77 4537 135 4597 per
154 4536 231 4579 eum
248 4516 314 4578 suis
330 4512 503 4578 heredibus
528 4533 586 4596 pro
612 4512 820 4596 septuaginta
845 4511 969 4575 duabus
986 4511 1104 4575 marcis
1120 4509 1215 4574 dena·

76 4623 204 4686 riorum
220 4621 361 4686 latorum
377 4621 605 4698 viennensium,
621 4641 764 4684 marcam
790 4617 968 4702 quamlibet
982 4639 1056 4681 oum
1073 4617 1215 4700 quinque

75 4733 193 4812 peusis
224 4729 440 4812 computando
457 4777 487 4792 ..
520 4729 590 4794 iure
621 4733 822 4812 perpetuo..
857 4726 1131 4810 possidendam..
1169 4727 1217 4791 nil

123 4853 472 4901 ,11106116616111111611Ι
491 4863 515 4899 v.
534 4855 627 4896 so'trnr.
1075 4859 1107 4902 :34
