3180 5466
363 455 428 526 466
716 479 902 528 uniocuotu
919 463 1133 527 ouuiuvrlu.

362 644 553 708 Ladizlaum
570 645 706 708 Petrum
722 643 928 709 Dominicum
944 651 977 708 et
992 644 1147 726 Egidium
1164 643 1245 708 filios
1256 663 1331 707 suos
1347 641 1387 706 de
1403 641 1487 726 regni

362 752 589 817 consvetudine
605 752 692 818 dicte
708 774 805 818 causa
821 753 947 816 exstitit
972 751 1184 826 reudundete,
1208 773 1268 835 pro
1288 752 1406 834 quibus
1424 751 1491 816 lite·

362 881 416 926 ras
440 862 547 944 regias
573 861 615 926 ad
640 861 887 944 prorogeciones
912 881 1024 924 eornm
1049 860 1142 924 datas
1168 859 1390 936 exhibuerunt,
1406 860 1490 924 inxte

363 968 597 1034 continenciam
623 970 768 1053 priorum
798 969 968 1034 literarum
998 975 1182 1034 nostrarum
1214 969 1246 1031 in
1276 969 1397 1033 octavis
1421 967 1489 1032 festi

361 1076 448 1141 beati
464 1075 598 1160 Georgii
614 1077 758 1142 martiris
775 1099 871 1159 super
886 1077 972 1141 facto
988 1073 1255 1142 contradiccionis
1271 1083 1304 1141 et
1323 1076 1489 1141 ereociouis

362 1193 522 1250 metarum
538 1186 746 1268 possessionis
772 1184 883 1251 Sovvar
907 1191 1018 1250 vocate
1044 1207 1063 1248 a
1089 1192 1181 1268 parte
1197 1185 1408 1268 possessionis
1424 1184 1490 1248 Fel-

364 1293 459 1358 keudi
476 1295 638 1358 nominate
658 1295 879 1359 adiacencium
902 1315 1031 1358 movere
1047 1293 1187 1357 habebnt
1206 1313 1316 1358 coram
1333 1293 1431 1368 nobis,
1454 1291 1490 1356 ob

362 1405 487 1486 regium
503 1409 692 1487 preceptum
717 1423 774 1488 per
798 1402 971 1488 premissas
1001 1402 1112 1467 literas
1129 1402 1220 1467 nobis
1236 1403 1432 1485 impositum,
1453 1401 1490 1464 ad

363 1516 491 1576 octavas
507 1509 581 1574 festi
596 1509 684 1574 beati
700 1507 834 1593 Georgii
850 1511 994 1574 martiris
1018 1507 1060 1572 ed
1076 1509 1249 1574 secundam
1265 1508 1491 1573 revolueionem

364 1619 536 1684 annualem
553 1618 739 1682 earumdem
756 1625 943 1682 octavarum
961 1623 1048 1681 statu
1065 1616 1124 1681 sub
1140 1617 1242 1699 priori
1258 1616 1409 1681 duximus
1425 1637 1489 1698 per-

363 1726 498 1790 emtorie
514 1725 760 1808 prorogandam.
787 1725 912 1790 Datum
928 1724 1030 1802 Bude,
1040 1731 1152 1788 octavo
1169 1724 1220 1789 die
1236 1725 1368 1788 termini
1385 1745 1489 1806 preno-

362 1834 434 1911 tati,
458 1855 541 1900 anno
569 1833 690 1899 domini
713 1833 788 1898 ΜΠιο
805 1831 926 1898 00οΜ
947 1833 1215 1916 quinquagesimo
1231 1833 1346 1916 primo.

469 1996 599 2060 Papiron,
612 1997 739 2046 ztrlattn
752 1996 844 2060 penset
856 1995 1059 2059 tbredekeive13
1074 1995 1204 2059 credetije
1223 2011 1255 2044 az
1273 2010 1343 2044 orsz.
1354 1995 1387 2043 lt.
1398 1994 1491 2044 kincsl.
1580 1959 1581 1980 ἶ

365 2091 432 2134 oszt.
446 2087 480 2134 N.
493 2087 528 2136 R.
541 2085 574 2136 A.
590 2091 648 2136 833.
661 2091 684 2136 3.
699 2087 766 2150 dipl.
786 2093 853 2136 oszt.
867 2091 946 2136 4192.
965 2086 1065 2134 Kozli:
1086 2087 1195 2136 Kovacs
1213 2087 1246 2134 N.

888 2389 963 2458 286.

366 2557 460 2622 1351.
487 2558 560 2640 vudj.
585 2557 615 2620 9.
640 2549 670 2618 A
696 2555 949 2620 lcolosmoaostora'
974 2566 1106 2632 conveni,
1124 2555 1225 2619 Deae
1249 2555 1493 2640 Kitlstzoluol·
1580 2525 1581 2594 l

361 2668 525 2748 cdvmeppe
542 2663 769 2748 alispdajdaalc
785 2663 815 2725 e's
831 2662 1087 2746 szolyabirdiaak
1097 2663 1202 2726 levata
1218 2667 1327 2748 dtiry'a,
1344 2664 1494 2748 melysze-

361 2773 425 2834 rim
442 2773 552 2834 letata
568 2771 685 2850 fidncia
703 2771 882 2856 Mojasaolc,
900 2769 971 2834 Fae
991 2778 1071 2833 accit
1096 2771 1220 2836 bivtolca
1245 2771 1352 2854 birsa'p
1370 2771 1495 2854 feje'ben

811 2878 1038 2964 elfoplaltatott.

469 3039 539 3106 Nos
550 3047 723 3106 conventus
740 3040 873 3106 ecclesie
890 3040 983 3106 beate
998 3040 1130 3124 virginis
1150 3041 1189 3105 de
1206 3041 1495 3107 Kolosmonostora

363 3201 369 3215 .
387 3201 393 3214 .
410 3148 645 3231 significamus:
670 3149 756 3232 quod
772 3149 926 3231 magister
941 3149 1051 3213 Deseu
1067 3149 1241 3214 vicecomes
1261 3150 1301 3214 de
1318 3150 1436 3214 Zonuk
1445 3171 1495 3214 ex·

361 3257 482 3334 teriori,
493 3256 534 3320 ad
550 3263 694 3320 nostram
705 3256 884 3321 accedendo
901 3259 1111 3339 presenciam,
1127 3257 1275 3323 exhibuit
1292 3258 1384 3324 nobis
1402 3279 1494 3342 ques·
1580 3273 1581 3292 ¹

362 3363 437 3427 dam
453 3363 564 3428 literas
580 3370 728 3447 patentes
744 3365 938 3429 vicecomitis
954 3363 994 3428 de
1004 3364 1120 3429 Zonuk
1136 3365 1288 3428 exteriori
1305 3372 1338 3430 et
1354 3367 1495 3431 iudicum
1580 3389 1581 3408 i

362 3471 517 3534 nobilium
534 3471 611 3536 dicti
628 3471 800 3536 comitatus
825 3471 864 3534 de
890 3471 1013 3551 Zonuk,
1032 3479 1145 3555 petens
1162 3493 1220 3537 nos
1237 3494 1311 3536 cum
1328 3475 1496 3551 instancia,

362 3584 399 3642 ut
415 3578 542 3642 easdem
567 3579 608 3644 ob
633 3578 764 3642 maioris
790 3579 836 3642 rei
862 3580 1096 3662 experieuciam
1121 3579 1161 3644 de
1176 3581 1273 3645 verbo
1299 3581 1341 3644 ad
1366 3581 1495 3646 verbum

361 3686 481 3750 nostris
496 3687 600 3750 literis
617 3685 801 3770 petentibus
818 3686 1007 3751 transscribi
1024 3687 1219 3767 faceremus;
1250 3710 1389 3770 quarum
1406 3698 1497 3754 tenor

363 3794 439 3858 talis
455 3801 520 3858 est:
536 3792 605 3858 Nos
621 3796 777 3876 magister
793 3793 902 3859 Deseu
917 3796 1091 3860 vicecomes
1107 3795 1147 3859 de
1162 3796 1279 3860 Zouuk
1295 3799 1449 3862 exteriori
1465 3805 1497 3861 et

361 3909 499 3985 quatuor
515 3901 636 3966 iudices
652 3902 808 3967 nobilium
825 3903 863 3967 de
880 3903 990 3968 eodem
1008 3903 1121 3968 damus
1144 3925 1203 3988 pro
1219 3905 1385 3981 memoria,
1411 3905 1496 3988 quod

361 4033 433 4074 oum
443 4009 552 4074 Moius
569 4008 654 4074 filius
665 4009 821 4091 Stephani
833 4011 872 4074 de
882 4009 962 4094 Pyle
973 4011 1006 4074 iu
1017 4010 1141 4076 duobus
1152 4013 1309 4080 terminis.
1319 4013 1496 4078 secundum

361 4117 497 4182 formam
522 4117 692 4182 literarum
724 4124 918 4195 nostrarum,
944 4125 1056 4183 contre
1088 4119 1197 4184 Petevv
1228 4127 1261 4183 et
1286 4119 1496 4186 Dominicum

361 4225 443 4290 filios
459 4225 549 4290 Petri
566 4223 626 4290 filii
643 4224 826 4290 Salomonis
851 4227 1016 4292 convictus
1036 4228 1221 4306 exstitisset,
1245 4227 1398 4293 videlicet
1415 4229 1498 4293 feria

361 4333 502 4398 secunda
518 4333 664 4416 proxima
680 4339 753 4415 post
768 4334 887 4398 festum
911 4334 998 4398 beati
1023 4333 1178 4400 Stanislai
1204 4336 1357 4411 martiris,
1374 4342 1410 4401 ut
1428 4359 1498 4420 pre-

360 4439 480 4506 dictam
496 4440 727 4522 possessionem
738 4441 818 4524 Fyle
834 4443 991 4506 redimere
1007 4449 1190 4520 teneantur,
1200 4443 1256 4525 qui
1272 4444 1433 4508 redimere
1450 4467 1499 4508 re

361 4555 534 4626 cuservmt,
551 4570 609 4612 nos
627 4569 684 4630 per·
700 4549 888 4613 mandatum
905 4549 1025 4614 domini
1047 4551 1137 4614 <lucis
1148 4548 1305 4633 Stephani
1326 4559 1358 4614 et
1375 4553 1499 4616 domini

363 4654 485 4720 Thonis
502 4657 649 4738 u'oyvode
667 4657 887 4720 Tuuussilvaui
905 4664 935 4720 ct
952 4659 1076 4723 comitis
1093 4660 1132 4723 de
1149 4660 1235 4723 dicta
1260 4659 1388 4738 Zonulr,
1414 4663 1501 4726 sicut
1580 4653 1581 4672 i
